<?xml version="1.0" encoding="UTF-8"?>
<!DOCTYPE html PUBLIC "-//W3C//DTD XHTML 1.0 Transitional//EN"
    "http://www.w3.org/TR/xhtml1/DTD/xhtml1-transitional.dtd">
<html xmlns="http://www.w3.org/1999/xhtml" xml:lang="en" lang="en">
 <head>
  <title>
</title>
<meta http-equiv="Content-Type" content="text/html;charset=utf-8" />
  <meta name='ocr-system' content='tesseract 3.04.00' />
  <meta name='ocr-capabilities' content='ocr_page ocr_carea ocr_par ocr_line ocrx_word'/>
</head>
<body>
  <div class='ocr_page' id='page_1' title='image "./bibliothecareru06jaffgoog_0468.png"; bbox 0 0 3142 4850; ppageno 0'>
   <div class='ocr_carea' id='block_1_1' title="bbox 446 317 1233 400">
    <p class='ocr_par' dir='ltr' id='par_1_1' title="bbox 446 317 1233 400">
     <span class='ocr_line' id='line_1_1' title="bbox 446 317 1233 400; baseline 0 -18"><span class='ocrx_word' id='word_1_1' title='bbox 446 335 612 400; x_wconf 79' lang='lat' dir='ltr'><strong>unsnsror</strong></span> <span class='ocrx_word' id='word_1_2' title='bbox 634 336 763 386; x_wconf 86' lang='lat' dir='ltr'><strong>connx.</strong></span> <span class='ocrx_word' id='word_1_3' title='bbox 799 333 854 386; x_wconf 79' lang='lat' dir='ltr'><strong>aes</strong></span> <span class='ocrx_word' id='word_1_4' title='bbox 919 319 930 336; x_wconf 87' lang='lat'>’</span> <span class='ocrx_word' id='word_1_5' title='bbox 1168 317 1233 384; x_wconf 77' lang='lat'><strong>451</strong></span> 
     </span>
    </p>
   </div>
   <div class='ocr_carea' id='block_1_2' title="bbox 58 491 1347 4042">
    <p class='ocr_par' dir='ltr' id='par_1_2' title="bbox 60 491 1344 2541">
     <span class='ocr_line' id='line_1_2' title="bbox 73 491 1333 591; baseline 0.003 -33"><span class='ocrx_word' id='word_1_6' title='bbox 73 491 192 558; x_wconf 90' lang='lat' dir='ltr'><strong>stolieae</strong></span> <span class='ocrx_word' id='word_1_7' title='bbox 213 492 297 558; x_wconf 88' lang='lat' dir='ltr'><strong>sedis</strong></span> <span class='ocrx_word' id='word_1_8' title='bbox 320 492 443 577; x_wconf 69' lang='lat' dir='ltr'><strong>lagatus</strong></span> <span class='ocrx_word' id='word_1_9' title='bbox 465 494 636 562; x_wconf 83' lang='lat' dir='ltr'><strong>reverendo</strong></span> <span class='ocrx_word' id='word_1_10' title='bbox 659 495 811 562; x_wconf 75' lang='lat' dir='ltr'><strong>confratri</strong></span> <span class='ocrx_word' id='word_1_11' title='bbox 828 515 885 562; x_wconf 93' lang='lat' dir='ltr'><strong>suo</strong></span> <span class='ocrx_word' id='word_1_12' title='bbox 901 494 1036 574; x_wconf 88' lang='lat' dir='ltr'><strong>0(ttoni)</strong></span> <span class='ocrx_word' id='word_1_13' title='bbox 1055 493 1235 560; x_wconf 85' lang='lat' dir='ltr'><strong>Babeuber·</strong></span> <span class='ocrx_word' id='word_1_14' title='bbox 1253 507 1333 591; x_wconf 28' lang='lat'><strong>&#39;1134</strong></span> 
     </span>
     <span class='ocr_line' id='line_1_3' title="bbox 73 583 1344 694; baseline 0.005 -23"><span class='ocrx_word' id='word_1_15' title='bbox 73 607 151 688; x_wconf 76' lang='lat' dir='ltr'><strong>gensi</strong></span> <span class='ocrx_word' id='word_1_16' title='bbox 174 607 321 694; x_wconf 86' lang='lat' dir='ltr'><strong>episeopo</strong></span> <span class='ocrx_word' id='word_1_17' title='bbox 344 607 477 675; x_wconf 88' lang='lat' dir='ltr'><strong>salutem</strong></span> <span class='ocrx_word' id='word_1_18' title='bbox 502 615 535 676; x_wconf 90' lang='lat' dir='ltr'><strong>et</strong></span> <span class='ocrx_word' id='word_1_19' title='bbox 557 609 695 678; x_wconf 78' lang='lat' dir='ltr'><strong>debitam</strong></span> <span class='ocrx_word' id='word_1_20' title='bbox 718 613 751 676; x_wconf 92' lang='lat' dir='ltr'><strong>in</strong></span> <span class='ocrx_word' id='word_1_21' title='bbox 775 609 902 676; x_wconf 87' lang='lat' dir='ltr'><strong>Christo</strong></span> <span class='ocrx_word' id='word_1_22' title='bbox 925 608 1136 676; x_wconf 91' lang='lat' dir='ltr'><strong>dilectionem.</strong></span> <span class='ocrx_word' id='word_1_23' title='bbox 1251 583 1344 628; x_wconf 58' lang='lat' dir='ltr'><strong>mm</strong></span> 
     </span>
     <span class='ocr_line' id='line_1_4' title="bbox 153 721 1236 808; baseline 0 -20"><span class='ocrx_word' id='word_1_24' title='bbox 153 721 310 808; x_wconf 87' lang='lat' dir='ltr'><strong>Soieutes,</strong></span> <span class='ocrx_word' id='word_1_25' title='bbox 338 743 396 792; x_wconf 91' lang='lat' dir='ltr'><strong>nos</strong></span> <span class='ocrx_word' id='word_1_26' title='bbox 417 725 451 790; x_wconf 89' lang='lat' dir='ltr'><strong>in</strong></span> <span class='ocrx_word' id='word_1_27' title='bbox 474 725 607 792; x_wconf 88' lang='lat' dir='ltr'><strong>ecclesia</strong></span> <span class='ocrx_word' id='word_1_28' title='bbox 629 723 688 792; x_wconf 90' lang='lat' dir='ltr'><strong>Dei</strong></span> <span class='ocrx_word' id='word_1_29' title='bbox 713 725 836 792; x_wconf 86' lang='lat' dir='ltr'><strong>adhoc</strong></span> <span class='ocrx_word' id='word_1_30' title='bbox 858 725 1063 791; x_wconf 88' lang='lat' dir='ltr'><strong>constitutos·</strong></span> <span class='ocrx_word' id='word_1_31' title='bbox 1086 744 1171 805; x_wconf 87' lang='lat' dir='ltr'><strong>esse,</strong></span> <span class='ocrx_word' id='word_1_32' title='bbox 1199 728 1236 788; x_wconf 91' lang='lat' dir='ltr'><strong>ut</strong></span> 
     </span>
     <span class='ocr_line' id='line_1_5' title="bbox 71 838 1234 924; baseline 0.002 -22"><span class='ocrx_word' id='word_1_33' title='bbox 71 857 122 923; x_wconf 94' lang='lat' dir='ltr'><strong>pro</strong></span> <span class='ocrx_word' id='word_1_34' title='bbox 147 838 258 906; x_wconf 89' lang='lat' dir='ltr'><strong>decore</strong></span> <span class='ocrx_word' id='word_1_35' title='bbox 287 839 398 908; x_wconf 89' lang='lat' dir='ltr'><strong>domus</strong></span> <span class='ocrx_word' id='word_1_36' title='bbox 424 840 483 908; x_wconf 89' lang='lat' dir='ltr'><strong>Dei</strong></span> <span class='ocrx_word' id='word_1_37' title='bbox 512 839 650 908; x_wconf 78' lang='lat' dir='ltr'><strong>debitam</strong></span> <span class='ocrx_word' id='word_1_38' title='bbox 680 861 828 924; x_wconf 80' lang='lat' dir='ltr'><strong>geramus</strong></span> <span class='ocrx_word' id='word_1_39' title='bbox 856 839 1119 922; x_wconf 90' lang='lat' dir='ltr'><strong>sollicitudinem,</strong></span> <span class='ocrx_word' id='word_1_40' title='bbox 1148 857 1234 904; x_wconf 87' lang='lat' dir='ltr'><strong>com-</strong></span> 
     </span>
     <span class='ocr_line' id='line_1_6' title="bbox 69 953 1235 1039; baseline 0.002 -21"><span class='ocrx_word' id='word_1_41' title='bbox 69 971 189 1021; x_wconf 91' lang='lat' dir='ltr'><strong>muncm</strong></span> <span class='ocrx_word' id='word_1_42' title='bbox 204 954 344 1022; x_wconf 84' lang='lat' dir='ltr'><strong>dolorem</strong></span> <span class='ocrx_word' id='word_1_43' title='bbox 368 961 401 1022; x_wconf 90' lang='lat' dir='ltr'><strong>et</strong></span> <span class='ocrx_word' id='word_1_44' title='bbox 422 954 568 1039; x_wconf 78' lang='lat' dir='ltr'><strong>generale</strong></span> <span class='ocrx_word' id='word_1_45' title='bbox 583 955 702 1022; x_wconf 90' lang='lat' dir='ltr'><strong>malum</strong></span> <span class='ocrx_word' id='word_1_46' title='bbox 719 954 869 1024; x_wconf 85' lang='lat' dir='ltr'><strong>ecclesiae</strong></span> <span class='ocrx_word' id='word_1_47' title='bbox 886 956 1019 1023; x_wconf 90' lang='lat' dir='ltr'><strong>ulterius</strong></span> <span class='ocrx_word' id='word_1_48' title='bbox 1035 953 1235 1022; x_wconf 87' lang='lat' dir='ltr'><strong>dissimulare</strong></span> 
     </span>
     <span class='ocr_line' id='line_1_7' title="bbox 68 1069 1235 1158; baseline -0.001 -24"><span class='ocrx_word' id='word_1_49' title='bbox 68 1087 126 1134; x_wconf 95' lang='lat' dir='ltr'><strong>non</strong></span> <span class='ocrx_word' id='word_1_50' title='bbox 153 1069 361 1154; x_wconf 76' lang='lat' dir='ltr'><strong>sustinemus,</strong></span> <span class='ocrx_word' id='word_1_51' title='bbox 393 1071 448 1138; x_wconf 92' lang='lat' dir='ltr'><strong>sed</strong></span> <span class='ocrx_word' id='word_1_52' title='bbox 471 1077 596 1138; x_wconf 84' lang='lat' dir='ltr'><strong>vestrae</strong></span> <span class='ocrx_word' id='word_1_53' title='bbox 623 1072 823 1158; x_wconf 88' lang='lat' dir='ltr'><strong>potissimum</strong></span> <span class='ocrx_word' id='word_1_54' title='bbox 853 1071 1014 1140; x_wconf 74' lang='lat' dir='ltr'><strong>sanctitati</strong></span> <span class='ocrx_word' id='word_1_55' title='bbox 1042 1076 1074 1136; x_wconf 89' lang='lat' dir='ltr'><strong>et</strong></span> <span class='ocrx_word' id='word_1_56' title='bbox 1101 1069 1235 1136; x_wconf 84' lang='lat' dir='ltr'><strong>aliorum</strong></span> 
     </span>
     <span class='ocr_line' id='line_1_8' title="bbox 68 1183 1236 1272; baseline -0.001 -22"><span class='ocrx_word' id='word_1_57' title='bbox 68 1183 194 1250; x_wconf 80' lang='lat' dir='ltr'><strong>fratrum</strong></span> <span class='ocrx_word' id='word_1_58' title='bbox 226 1191 257 1250; x_wconf 88' lang='lat' dir='ltr'><strong>et</strong></span> <span class='ocrx_word' id='word_1_59' title='bbox 284 1186 543 1272; x_wconf 75' lang='lat' dir='ltr'><strong>coepiscoporum</strong></span> <span class='ocrx_word' id='word_1_60' title='bbox 574 1187 756 1254; x_wconf 88' lang='lat' dir='ltr'><strong>discretioni</strong></span> <span class='ocrx_word' id='word_1_61' title='bbox 786 1186 1082 1254; x_wconf 82' lang='lat' dir='ltr'><strong>communicandum</strong></span> <span class='ocrx_word' id='word_1_62' title='bbox 1111 1184 1236 1270; x_wconf 86' lang='lat' dir='ltr'><strong>putavi-</strong></span> 
     </span>
     <span class='ocr_line' id='line_1_9' title="bbox 67 1297 1236 1386; baseline -0.001 -21"><span class='ocrx_word' id='word_1_63' title='bbox 67 1319 148 1380; x_wconf 91' lang='lat' dir='ltr'><strong>mos;</strong></span> <span class='ocrx_word' id='word_1_64' title='bbox 172 1301 337 1386; x_wconf 83' lang='lat' dir='ltr'><strong>quatinus,</strong></span> <span class='ocrx_word' id='word_1_65' title='bbox 361 1301 592 1368; x_wconf 87' lang='lat' dir='ltr'><strong>communicato</strong></span> <span class='ocrx_word' id='word_1_66' title='bbox 615 1303 648 1368; x_wconf 92' lang='lat' dir='ltr'><strong>iu</strong></span> <span class='ocrx_word' id='word_1_67' title='bbox 675 1302 862 1369; x_wconf 83' lang='lat' dir='ltr'><strong>alterutrum</strong></span> <span class='ocrx_word' id='word_1_68' title='bbox 887 1302 1033 1384; x_wconf 88' lang='lat' dir='ltr'><strong>consilio,</strong></span> <span class='ocrx_word' id='word_1_69' title='bbox 1055 1320 1120 1368; x_wconf 92' lang='lat' dir='ltr'><strong>nou</strong></span> <span class='ocrx_word' id='word_1_70' title='bbox 1143 1297 1236 1365; x_wconf 88' lang='lat' dir='ltr'><strong>modo</strong></span> 
     </span>
     <span class='ocr_line' id='line_1_10' title="bbox 65 1415 1236 1486; baseline 0.001 -6"><span class='ocrx_word' id='word_1_71' title='bbox 65 1415 203 1482; x_wconf 85' lang='lat' dir='ltr'><strong>nascenti</strong></span> <span class='ocrx_word' id='word_1_72' title='bbox 237 1415 347 1482; x_wconf 90' lang='lat' dir='ltr'><strong>morbo</strong></span> <span class='ocrx_word' id='word_1_73' title='bbox 378 1417 510 1484; x_wconf 86' lang='lat' dir='ltr'><strong>fomenti</strong></span> <span class='ocrx_word' id='word_1_74' title='bbox 541 1417 750 1486; x_wconf 70' lang='lat' dir='ltr'><strong>medicamine</strong></span> <span class='ocrx_word' id='word_1_75' title='bbox 784 1438 986 1485; x_wconf 87' lang='lat' dir='ltr'><strong>occurramus</strong></span> <span class='ocrx_word' id='word_1_76' title='bbox 1013 1437 1120 1484; x_wconf 86' lang='lat' dir='ltr'><strong>verum</strong></span> <span class='ocrx_word' id='word_1_77' title='bbox 1147 1416 1236 1481; x_wconf 84' lang='lat' dir='ltr'><strong>inva-</strong></span> 
     </span>
     <span class='ocr_line' id='line_1_11' title="bbox 64 1517 1235 1618; baseline 0.002 -25"><span class='ocrx_word' id='word_1_78' title='bbox 64 1517 229 1596; x_wconf 88' lang='lat' dir='ltr'><strong>lescentem</strong></span> <span class='ocrx_word' id='word_1_79' title='bbox 259 1531 323 1597; x_wconf 89' lang='lat' dir='ltr'><strong>iem</strong></span> <span class='ocrx_word' id='word_1_80' title='bbox 353 1537 474 1618; x_wconf 88' lang='lat' dir='ltr'><strong>pestem</strong></span> <span class='ocrx_word' id='word_1_81' title='bbox 504 1533 587 1598; x_wconf 84' lang='lat' dir='ltr'><strong>ferro</strong></span> <span class='ocrx_word' id='word_1_82' title='bbox 617 1553 761 1600; x_wconf 89' lang='lat' dir='ltr'><strong>resecare</strong></span> <span class='ocrx_word' id='word_1_83' title='bbox 790 1539 982 1617; x_wconf 81' lang='lat' dir='ltr'><strong>satagamus.</strong></span> <span class='ocrx_word' id='word_1_84' title='bbox 1027 1531 1124 1598; x_wconf 81' lang='lat' dir='ltr'><strong>Novit</strong></span> <span class='ocrx_word' id='word_1_85' title='bbox 1151 1529 1235 1596; x_wconf 91' lang='lat' dir='ltr'><strong>enim</strong></span> 
     </span>
     <span class='ocr_line' id='line_1_12' title="bbox 64 1645 1236 1733; baseline -0.002 -23"><span class='ocrx_word' id='word_1_86' title='bbox 64 1645 226 1728; x_wconf 81' lang='lat' dir='ltr'><strong>diligentia</strong></span> <span class='ocrx_word' id='word_1_87' title='bbox 251 1647 385 1731; x_wconf 65' lang='lat' dir='ltr'><strong>vestral,</strong></span> <span class='ocrx_word' id='word_1_88' title='bbox 417 1667 496 1733; x_wconf 87' lang='lat' dir='ltr'><strong>quoe</strong></span> <span class='ocrx_word' id='word_1_89' title='bbox 525 1647 666 1715; x_wconf 82' lang='lat' dir='ltr'><strong>fomenta</strong></span> <span class='ocrx_word' id='word_1_90' title='bbox 694 1670 756 1715; x_wconf 90' lang='lat' dir='ltr'><strong>non</strong></span> <span class='ocrx_word' id='word_1_91' title='bbox 786 1649 941 1731; x_wconf 91' lang='lat' dir='ltr'><strong>sentiunt,</strong></span> <span class='ocrx_word' id='word_1_92' title='bbox 970 1653 1006 1714; x_wconf 91' lang='lat' dir='ltr'><strong>ut</strong></span> <span class='ocrx_word' id='word_1_93' title='bbox 1033 1650 1236 1731; x_wconf 87' lang='lat' dir='ltr'><strong>recuperetur</strong></span> 
     </span>
     <span class='ocr_line' id='line_1_13' title="bbox 64 1761 1235 1848; baseline -0.002 -22"><span class='ocrx_word' id='word_1_94' title='bbox 64 1761 196 1845; x_wconf 83' lang='lat' dir='ltr'><strong>sanitas,</strong></span> <span class='ocrx_word' id='word_1_95' title='bbox 221 1761 304 1826; x_wconf 84' lang='lat' dir='ltr'><strong>ferro</strong></span> <span class='ocrx_word' id='word_1_96' title='bbox 328 1781 397 1828; x_wconf 90' lang='lat' dir='ltr'><strong>esse</strong></span> <span class='ocrx_word' id='word_1_97' title='bbox 423 1763 602 1829; x_wconf 82' lang='lat' dir='ltr'><strong>resecanda.</strong></span> <span class='ocrx_word' id='word_1_98' title='bbox 644 1763 695 1829; x_wconf 84' lang='lat' dir='ltr'><strong>Ad</strong></span> <span class='ocrx_word' id='word_1_99' title='bbox 719 1764 802 1848; x_wconf 87' lang='lat' dir='ltr'><strong>quod</strong></span> <span class='ocrx_word' id='word_1_100' title='bbox 826 1763 972 1830; x_wconf 77' lang='lat' dir='ltr'><strong>terrendo</strong></span> <span class='ocrx_word' id='word_1_101' title='bbox 996 1782 1054 1829; x_wconf 91' lang='lat' dir='ltr'><strong>nos</strong></span> <span class='ocrx_word' id='word_1_102' title='bbox 1076 1781 1139 1826; x_wconf 80' lang='lat' dir='ltr'><strong>uox</strong></span> <span class='ocrx_word' id='word_1_103' title='bbox 1162 1779 1235 1846; x_wconf 88' lang='lat' dir='ltr'><strong>pro·</strong></span> 
     </span>
     <span class='ocr_line' id='line_1_14' title="bbox 63 1876 1236 1964; baseline -0.001 -23"><span class='ocrx_word' id='word_1_104' title='bbox 63 1876 185 1960; x_wconf 90' lang='lat' dir='ltr'><strong>phetioa</strong></span> <span class='ocrx_word' id='word_1_105' title='bbox 209 1883 396 1962; x_wconf 78' lang='lat' dir='ltr'><strong>commonet,</strong></span> <span class='ocrx_word' id='word_1_106' title='bbox 420 1879 610 1964; x_wconf 88' lang='lat' dir='ltr'><strong>comparetis</strong></span> <span class='ocrx_word' id='word_1_107' title='bbox 627 1879 843 1946; x_wconf 86' lang='lat' dir='ltr'><strong>sacerdotibus</strong></span> <span class='ocrx_word' id='word_1_108' title='bbox 858 1879 977 1944; x_wconf 84' lang='lat' dir='ltr'><strong>Christi</strong></span> <span class='ocrx_word' id='word_1_109' title='bbox 992 1877 1122 1944; x_wconf 88' lang='lat' dir='ltr'><strong>canibus</strong></span> <span class='ocrx_word' id='word_1_110' title='bbox 1139 1876 1236 1941; x_wconf 91' lang='lat' dir='ltr'><strong>mutis</strong></span> 
     </span>
     <span class='ocr_line' id='line_1_15' title="bbox 62 1989 1235 2080; baseline 0 -24"><span class='ocrx_word' id='word_1_111' title='bbox 62 1997 92 2058; x_wconf 91' lang='lat' dir='ltr'><strong>et</strong></span> <span class='ocrx_word' id='word_1_112' title='bbox 105 2011 169 2058; x_wconf 89' lang='lat' dir='ltr'><strong>non</strong></span> <span class='ocrx_word' id='word_1_113' title='bbox 186 1993 363 2060; x_wconf 88' lang='lat' dir='ltr'><strong>valentibus</strong></span> <span class='ocrx_word' id='word_1_114' title='bbox 383 1993 500 2060; x_wconf 86' lang='lat' dir='ltr'><strong>latrare</strong></span> <span class='ocrx_word' id='word_1_115' title='bbox 511 1989 528 2078; x_wconf 89' lang='lat'><strong>¹,</strong></span> <span class='ocrx_word' id='word_1_116' title='bbox 552 1995 606 2078; x_wconf 86' lang='lat' dir='ltr'><strong>qui</strong></span> <span class='ocrx_word' id='word_1_117' title='bbox 622 1995 735 2061; x_wconf 86' lang='lat' dir='ltr'><strong>timore</strong></span> <span class='ocrx_word' id='word_1_118' title='bbox 751 1995 801 2063; x_wconf 89' lang='lat' dir='ltr'><strong>vel</strong></span> <span class='ocrx_word' id='word_1_119' title='bbox 816 1995 920 2080; x_wconf 76' lang='lat' dir='ltr'><strong>gratia</strong></span> <span class='ocrx_word' id='word_1_120' title='bbox 939 1993 1101 2060; x_wconf 90' lang='lat' dir='ltr'><strong>homiuum</strong></span> <span class='ocrx_word' id='word_1_121' title='bbox 1118 1992 1235 2058; x_wconf 82' lang='lat' dir='ltr'><strong>Christi</strong></span> 
     </span>
     <span class='ocr_line' id='line_1_16' title="bbox 63 2107 1235 2196; baseline 0.002 -25"><span class='ocrx_word' id='word_1_122' title='bbox 63 2107 108 2172; x_wconf 90' lang='lat' dir='ltr'><strong>aui</strong></span> <span class='ocrx_word' id='word_1_123' title='bbox 131 2108 267 2174; x_wconf 86' lang='lat' dir='ltr'><strong>iniurias</strong></span> <span class='ocrx_word' id='word_1_124' title='bbox 290 2109 415 2175; x_wconf 88' lang='lat' dir='ltr'><strong>silentio</strong></span> <span class='ocrx_word' id='word_1_125' title='bbox 440 2107 598 2176; x_wconf 87' lang='lat' dir='ltr'><strong>voluerint</strong></span> <span class='ocrx_word' id='word_1_126' title='bbox 622 2111 806 2196; x_wconf 88' lang='lat' dir='ltr'><strong>praeterire.</strong></span> <span class='ocrx_word' id='word_1_127' title='bbox 897 2108 1086 2176; x_wconf 87' lang='lat' dir='ltr'><strong>Huiusmodi</strong></span> <span class='ocrx_word' id='word_1_128' title='bbox 1110 2112 1142 2174; x_wconf 89' lang='lat' dir='ltr'><strong>ct</strong></span> <span class='ocrx_word' id='word_1_129' title='bbox 1164 2107 1235 2174; x_wconf 89' lang='lat' dir='ltr'><strong>aliis</strong></span> 
     </span>
     <span class='ocr_line' id='line_1_17' title="bbox 61 2222 1235 2312; baseline 0 -24"><span class='ocrx_word' id='word_1_130' title='bbox 61 2222 203 2306; x_wconf 90' lang='lat' dir='ltr'><strong>pluribus</strong></span> <span class='ocrx_word' id='word_1_131' title='bbox 227 2231 407 2290; x_wconf 90' lang='lat' dir='ltr'><strong>sauctorum</strong></span> <span class='ocrx_word' id='word_1_132' title='bbox 423 2225 527 2292; x_wconf 82' lang='lat' dir='ltr'><strong>verbis</strong></span> <span class='ocrx_word' id='word_1_133' title='bbox 551 2229 583 2290; x_wconf 92' lang='lat' dir='ltr'><strong>et</strong></span> <span class='ocrx_word' id='word_1_134' title='bbox 600 2225 754 2312; x_wconf 83' lang='lat' dir='ltr'><strong>exemplis</strong></span> <span class='ocrx_word' id='word_1_135' title='bbox 772 2225 965 2308; x_wconf 88' lang='lat' dir='ltr'><strong>commoniti,</strong></span> <span class='ocrx_word' id='word_1_136' title='bbox 989 2223 1235 2291; x_wconf 85' lang='lat' dir='ltr'><strong>destructionem</strong></span> 
     </span>
     <span class='ocr_line' id='line_1_18' title="bbox 62 2336 1235 2428; baseline 0.001 -25"><span class='ocrx_word' id='word_1_137' title='bbox 62 2336 293 2405; x_wconf 86' lang='lat' dir='ltr'><strong>ecclesiasticae</strong></span> <span class='ocrx_word' id='word_1_138' title='bbox 308 2338 463 2406; x_wconf 84' lang='lat' dir='ltr'><strong>libertatis</strong></span> <span class='ocrx_word' id='word_1_139' title='bbox 480 2341 728 2422; x_wconf 80' lang='lat' dir='ltr'><strong>ingemiscimus3</strong></span> <span class='ocrx_word' id='word_1_140' title='bbox 746 2346 778 2406; x_wconf 89' lang='lat' dir='ltr'><strong>et</strong></span> <span class='ocrx_word' id='word_1_141' title='bbox 793 2361 850 2428; x_wconf 90' lang='lat' dir='ltr'><strong>pro</strong></span> <span class='ocrx_word' id='word_1_142' title='bbox 863 2361 901 2407; x_wconf 86' lang='lat' dir='ltr'><strong>ea</strong></span> <span class='ocrx_word' id='word_1_143' title='bbox 912 2339 1127 2408; x_wconf 87' lang='lat' dir='ltr'><strong>conservanda</strong></span> <span class='ocrx_word' id='word_1_144' title='bbox 1138 2340 1235 2406; x_wconf 90' lang='lat' dir='ltr'><strong>immo</strong></span> 
     </span>
     <span class='ocr_line' id='line_1_19' title="bbox 60 2454 1234 2541; baseline -0.001 -21"><span class='ocrx_word' id='word_1_145' title='bbox 60 2454 97 2519; x_wconf 88' lang='lat' dir='ltr'><strong>ad</strong></span> <span class='ocrx_word' id='word_1_146' title='bbox 125 2476 198 2522; x_wconf 86' lang='lat' dir='ltr'><strong>eam</strong></span> <span class='ocrx_word' id='word_1_147' title='bbox 228 2455 476 2541; x_wconf 87' lang='lat' dir='ltr'><strong>recuperandam</strong></span> <span class='ocrx_word' id='word_1_148' title='bbox 508 2462 540 2523; x_wconf 88' lang='lat' dir='ltr'><strong>ot</strong></span> <span class='ocrx_word' id='word_1_149' title='bbox 566 2477 624 2523; x_wconf 91' lang='lat' dir='ltr'><strong>uos</strong></span> <span class='ocrx_word' id='word_1_150' title='bbox 649 2456 810 2525; x_wconf 85' lang='lat' dir='ltr'><strong>vobiscum</strong></span> <span class='ocrx_word' id='word_1_151' title='bbox 840 2463 873 2524; x_wconf 91' lang='lat' dir='ltr'><strong>et</strong></span> <span class='ocrx_word' id='word_1_152' title='bbox 895 2476 950 2523; x_wconf 84' lang='lat' dir='ltr'><strong>uos</strong></span> <span class='ocrx_word' id='word_1_153' title='bbox 980 2476 1043 2523; x_wconf 88' lang='lat' dir='ltr'><strong>uua</strong></span> <span class='ocrx_word' id='word_1_154' title='bbox 1071 2455 1234 2523; x_wconf 91' lang='lat' dir='ltr'><strong>nobiscum</strong></span> 
     </span>
    </p>

    <p class='ocr_par' dir='ltr' id='par_1_3' title="bbox 59 2568 873 2657">
     <span class='ocr_line' id='line_1_20' title="bbox 59 2568 873 2657; baseline 0.006 -24"><span class='ocrx_word' id='word_1_155' title='bbox 59 2568 90 2637; x_wconf 91' lang='lat' dir='ltr'><strong>in</strong></span> <span class='ocrx_word' id='word_1_156' title='bbox 112 2569 244 2637; x_wconf 89' lang='lat' dir='ltr'><strong>Christo</strong></span> <span class='ocrx_word' id='word_1_157' title='bbox 267 2577 300 2637; x_wconf 90' lang='lat' dir='ltr'><strong>et</strong></span> <span class='ocrx_word' id='word_1_158' title='bbox 321 2577 451 2657; x_wconf 89' lang='lat' dir='ltr'><strong>propter</strong></span> <span class='ocrx_word' id='word_1_159' title='bbox 475 2571 634 2639; x_wconf 89' lang='lat' dir='ltr'><strong>Christum</strong></span> <span class='ocrx_word' id='word_1_160' title='bbox 658 2574 873 2639; x_wconf 79' lang='lat' dir='ltr'><strong>exhortamur.</strong></span> 
     </span>
    </p>

    <p class='ocr_par' dir='ltr' id='par_1_4' title="bbox 58 2685 1325 3234">
     <span class='ocr_line' id='line_1_21' title="bbox 144 2685 1236 2765; baseline -0.003 -12"><span class='ocrx_word' id='word_1_161' title='bbox 144 2686 232 2765; x_wconf 85' lang='lat' dir='ltr'><strong>Quid</strong></span> <span class='ocrx_word' id='word_1_162' title='bbox 261 2685 343 2753; x_wconf 90' lang='lat' dir='ltr'><strong>enim</strong></span> <span class='ocrx_word' id='word_1_163' title='bbox 368 2692 468 2754; x_wconf 89' lang='lat' dir='ltr'><strong>restet</strong></span> <span class='ocrx_word' id='word_1_164' title='bbox 496 2688 536 2753; x_wconf 88' lang='lat' dir='ltr'><strong>sd</strong></span> <span class='ocrx_word' id='word_1_165' title='bbox 560 2687 721 2755; x_wconf 88' lang='lat' dir='ltr'><strong>cumulum</strong></span> <span class='ocrx_word' id='word_1_166' title='bbox 745 2687 862 2753; x_wconf 90' lang='lat' dir='ltr'><strong>doloris</strong></span> <span class='ocrx_word' id='word_1_167' title='bbox 885 2686 1007 2753; x_wconf 83' lang='lat' dir='ltr'><strong>nostri?</strong></span> <span class='ocrx_word' id='word_1_168' title='bbox 1038 2706 1110 2752; x_wconf 93' lang='lat' dir='ltr'><strong>cum</strong></span> <span class='ocrx_word' id='word_1_169' title='bbox 1129 2685 1236 2751; x_wconf 84' lang='lat' dir='ltr'><strong>videa·</strong></span> 
     </span>
     <span class='ocr_line' id='line_1_22' title="bbox 60 2796 1235 2888; baseline 0 -23"><span class='ocrx_word' id='word_1_170' title='bbox 60 2820 125 2867; x_wconf 91' lang='lat' dir='ltr'><strong>mus</strong></span> <span class='ocrx_word' id='word_1_171' title='bbox 141 2803 314 2869; x_wconf 85' lang='lat' dir='ltr'><strong>canonicas</strong></span> <span class='ocrx_word' id='word_1_172' title='bbox 330 2804 549 2888; x_wconf 88' lang='lat' dir='ltr'><strong>episcoporum</strong></span> <span class='ocrx_word' id='word_1_173' title='bbox 563 2802 729 2871; x_wconf 89' lang='lat' dir='ltr'><strong>electiones</strong></span> <span class='ocrx_word' id='word_1_174' title='bbox 742 2804 781 2869; x_wconf 89' lang='lat' dir='ltr'><strong>ad</strong></span> <span class='ocrx_word' id='word_1_175' title='bbox 794 2809 904 2870; x_wconf 90' lang='lat' dir='ltr'><strong>nutum</strong></span> <span class='ocrx_word' id='word_1_176' title='bbox 921 2796 1091 2887; x_wconf 81' lang='lat' dir='ltr'><strong>principis²</strong></span> <span class='ocrx_word' id='word_1_177' title='bbox 1104 2800 1235 2883; x_wconf 86' lang='lat' dir='ltr'><strong>cassari,</strong></span> 
     </span>
     <span class='ocr_line' id='line_1_23' title="bbox 60 2915 1235 3004; baseline 0 -23"><span class='ocrx_word' id='word_1_178' title='bbox 60 2922 104 2983; x_wconf 86' lang='lat' dir='ltr'><strong>et·</strong></span> <span class='ocrx_word' id='word_1_179' title='bbox 126 2938 188 3003; x_wconf 85' lang='lat' dir='ltr'><strong>pro</strong></span> <span class='ocrx_word' id='word_1_180' title='bbox 206 2916 405 3004; x_wconf 91' lang='lat' dir='ltr'><strong>beneplacito</strong></span> <span class='ocrx_word' id='word_1_181' title='bbox 420 2938 476 2984; x_wconf 87' lang='lat' dir='ltr'><strong>suo</strong></span> <span class='ocrx_word' id='word_1_182' title='bbox 492 2918 562 3004; x_wconf 87' lang='lat' dir='ltr'><strong>ipse</strong></span> <span class='ocrx_word' id='word_1_183' title='bbox 579 2918 761 3003; x_wconf 89' lang='lat' dir='ltr'><strong>substituat,</strong></span> <span class='ocrx_word' id='word_1_184' title='bbox 787 2938 865 3003; x_wconf 90' lang='lat' dir='ltr'><strong>quos</strong></span> <span class='ocrx_word' id='word_1_185' title='bbox 882 2916 1021 2984; x_wconf 86' lang='lat' dir='ltr'><strong>libuerit</strong></span> <span class='ocrx_word' id='word_1_186' title='bbox 1111 2915 1180 2981; x_wconf 89' lang='lat' dir='ltr'><strong>Hoc</strong></span> <span class='ocrx_word' id='word_1_187' title='bbox 1202 2916 1235 2981; x_wconf 91' lang='lat' dir='ltr'><strong>in</strong></span> 
     </span>
     <span class='ocr_line' id='line_1_24' title="bbox 58 3028 1325 3119; baseline 0 -24"><span class='ocrx_word' id='word_1_188' title='bbox 58 3028 227 3100; x_wconf 77' lang='lat' dir='ltr'><strong>basiliensi</strong></span> <span class='ocrx_word' id='word_1_189' title='bbox 252 3032 384 3100; x_wconf 89' lang='lat' dir='ltr'><strong>ecclesia</strong></span> <span class='ocrx_word' id='word_1_190' title='bbox 405 3034 524 3099; x_wconf 88' lang='lat' dir='ltr'><strong>iactum</strong></span> <span class='ocrx_word' id='word_1_191' title='bbox 540 3029 613 3102; x_wconf 78' lang='lat' dir='ltr'><strong>est².</strong></span> <span class='ocrx_word' id='word_1_192' title='bbox 649 3034 692 3101; x_wconf 86' lang='lat' dir='ltr'><strong>Et</strong></span> <span class='ocrx_word' id='word_1_193' title='bbox 705 3035 835 3116; x_wconf 87' lang='lat' dir='ltr'><strong>scimus,</strong></span> <span class='ocrx_word' id='word_1_194' title='bbox 859 3033 942 3119; x_wconf 92' lang='lat' dir='ltr'><strong>quod</strong></span> <span class='ocrx_word' id='word_1_195' title='bbox 958 3033 1020 3099; x_wconf 87' lang='lat' dir='ltr'><strong>iam</strong></span> <span class='ocrx_word' id='word_1_196' title='bbox 1036 3031 1156 3097; x_wconf 91' lang='lat' dir='ltr'><strong>dudum</strong></span> <span class='ocrx_word' id='word_1_197' title='bbox 1171 3052 1235 3097; x_wconf 90' lang='lat' dir='ltr'><strong>non</strong></span> <span class='ocrx_word' id='word_1_198' title='bbox 1255 3040 1325 3096; x_wconf 83' lang='lat' dir='ltr'><strong>nee</strong></span> 
     </span>
     <span class='ocr_line' id='line_1_25' title="bbox 58 3142 550 3234; baseline 0.008 -23"><span class='ocrx_word' id='word_1_199' title='bbox 58 3142 148 3215; x_wconf 89' lang='lat' dir='ltr'><strong>latuit</strong></span> <span class='ocrx_word' id='word_1_200' title='bbox 171 3148 380 3234; x_wconf 88' lang='lat' dir='ltr'><strong>prudentiam</strong></span> <span class='ocrx_word' id='word_1_201' title='bbox 402 3155 550 3217; x_wconf 89' lang='lat' dir='ltr'><strong>vestram.</strong></span> 
     </span>
    </p>

    <p class='ocr_par' dir='ltr' id='par_1_5' title="bbox 59 3257 1347 4042">
     <span class='ocr_line' id='line_1_26' title="bbox 142 3257 1236 3349; baseline -0.001 -21"><span class='ocrx_word' id='word_1_202' title='bbox 142 3262 347 3331; x_wconf 81' lang='lat' dir='ltr'><strong>Venerabilis</strong></span> <span class='ocrx_word' id='word_1_203' title='bbox 380 3284 505 3349; x_wconf 89' lang='lat' dir='ltr'><strong>quoqne</strong></span> <span class='ocrx_word' id='word_1_204' title='bbox 540 3264 638 3331; x_wconf 82' lang='lat' dir='ltr'><strong>irater</strong></span> <span class='ocrx_word' id='word_1_205' title='bbox 671 3269 777 3331; x_wconf 89' lang='lat' dir='ltr'><strong>nostor</strong></span> <span class='ocrx_word' id='word_1_206' title='bbox 807 3264 1016 3331; x_wconf 83' lang='lat' dir='ltr'><strong>Treiectansis</strong></span> <span class='ocrx_word' id='word_1_207' title='bbox 1051 3257 1236 3349; x_wconf 86' lang='lat' dir='ltr'><strong>episeopus⁴</strong></span> 
     </span>
     <span class='ocr_line' id='line_1_27' title="bbox 59 3376 1235 3463; baseline 0.001 -22"><span class='ocrx_word' id='word_1_208' title='bbox 59 3376 202 3445; x_wconf 85' lang='lat' dir='ltr'><strong>inimicos</strong></span> <span class='ocrx_word' id='word_1_209' title='bbox 229 3377 380 3445; x_wconf 86' lang='lat' dir='ltr'><strong>ecclcsiae</strong></span> <span class='ocrx_word' id='word_1_210' title='bbox 403 3400 494 3463; x_wconf 91' lang='lat' dir='ltr'><strong>suae,</strong></span> <span class='ocrx_word' id='word_1_211' title='bbox 519 3380 572 3463; x_wconf 88' lang='lat' dir='ltr'><strong>qui</strong></span> <span class='ocrx_word' id='word_1_212' title='bbox 595 3380 634 3446; x_wconf 89' lang='lat' dir='ltr'><strong>de</strong></span> <span class='ocrx_word' id='word_1_213' title='bbox 657 3379 917 3445; x_wconf 88' lang='lat' dir='ltr'><strong>ministerialibus</strong></span> <span class='ocrx_word' id='word_1_214' title='bbox 939 3383 1029 3445; x_wconf 88' lang='lat' dir='ltr'><strong>erent</strong></span> <span class='ocrx_word' id='word_1_215' title='bbox 1053 3384 1085 3443; x_wconf 87' lang='lat' dir='ltr'><strong>et</strong></span> <span class='ocrx_word' id='word_1_216' title='bbox 1106 3378 1145 3443; x_wconf 91' lang='lat' dir='ltr'><strong>de</strong></span> <span class='ocrx_word' id='word_1_217' title='bbox 1168 3396 1235 3442; x_wconf 92' lang='lat' dir='ltr'><strong>mo·</strong></span> 
     </span>
     <span class='ocr_line' id='line_1_28' title="bbox 59 3492 1235 3581; baseline 0.002 -24"><span class='ocrx_word' id='word_1_218' title='bbox 59 3496 196 3561; x_wconf 78' lang='lat' dir='ltr'><strong>neoterio</strong></span> <span class='ocrx_word' id='word_1_219' title='bbox 221 3500 351 3561; x_wconf 65' lang='lat' dir='ltr'><strong>senche</strong></span> <span class='ocrx_word' id='word_1_220' title='bbox 373 3494 491 3561; x_wconf 84' lang='lat' dir='ltr'><strong>Mariae</strong></span> <span class='ocrx_word' id='word_1_221' title='bbox 514 3494 721 3581; x_wconf 89' lang='lat' dir='ltr'><strong>prostibulum</strong></span> <span class='ocrx_word' id='word_1_222' title='bbox 747 3501 779 3561; x_wconf 88' lang='lat' dir='ltr'><strong>et</strong></span> <span class='ocrx_word' id='word_1_223' title='bbox 801 3515 952 3579; x_wconf 88' lang='lat' dir='ltr'><strong>equorum</strong></span> <span class='ocrx_word' id='word_1_224' title='bbox 976 3512 1105 3560; x_wconf 89' lang='lat' dir='ltr'><strong>suorum</strong></span> <span class='ocrx_word' id='word_1_225' title='bbox 1127 3492 1235 3559; x_wconf 89' lang='lat' dir='ltr'><strong>stabu-</strong></span> 
     </span>
     <span class='ocr_line' id='line_1_29' title="bbox 59 3605 1236 3692; baseline 0.001 -21"><span class='ocrx_word' id='word_1_226' title='bbox 59 3605 119 3675; x_wconf 92' lang='lat' dir='ltr'><strong>lum</strong></span> <span class='ocrx_word' id='word_1_227' title='bbox 141 3610 306 3692; x_wconf 86' lang='lat' dir='ltr'><strong>leeersnt,</strong></span> <span class='ocrx_word' id='word_1_228' title='bbox 335 3609 499 3677; x_wconf 89' lang='lat' dir='ltr'><strong>iudiciario</strong></span> <span class='ocrx_word' id='word_1_229' title='bbox 523 3611 634 3677; x_wconf 87' lang='lat' dir='ltr'><strong>ordine</strong></span> <span class='ocrx_word' id='word_1_230' title='bbox 662 3610 957 3677; x_wconf 85' lang='lat' dir='ltr'><strong>excommunicavit</strong></span> <span class='ocrx_word' id='word_1_231' title='bbox 997 3609 1063 3675; x_wconf 87' lang='lat' dir='ltr'><strong>llos</strong></span> <span class='ocrx_word' id='word_1_232' title='bbox 1086 3608 1119 3673; x_wconf 91' lang='lat' dir='ltr'><strong>in</strong></span> <span class='ocrx_word' id='word_1_233' title='bbox 1147 3608 1236 3673; x_wconf 88' lang='lat' dir='ltr'><strong>curia</strong></span> 
     </span>
     <span class='ocr_line' id='line_1_30' title="bbox 60 3720 1347 3811; baseline 0.001 -22"><span class='ocrx_word' id='word_1_234' title='bbox 60 3720 258 3793; x_wconf 83' lang='lat' dir='ltr'><strong>Coloniensi‘</strong></span> <span class='ocrx_word' id='word_1_235' title='bbox 288 3726 435 3811; x_wconf 90' lang='lat' dir='ltr'><strong>princeps</strong></span> <span class='ocrx_word' id='word_1_236' title='bbox 458 3726 492 3793; x_wconf 92' lang='lat' dir='ltr'><strong>in</strong></span> <span class='ocrx_word' id='word_1_237' title='bbox 519 3725 642 3793; x_wconf 85' lang='lat' dir='ltr'><strong>familia</strong></span> <span class='ocrx_word' id='word_1_238' title='bbox 664 3747 721 3793; x_wconf 90' lang='lat' dir='ltr'><strong>sua</strong></span> <span class='ocrx_word' id='word_1_239' title='bbox 750 3725 870 3792; x_wconf 85' lang='lat' dir='ltr'><strong>habuit</strong></span> <span class='ocrx_word' id='word_1_240' title='bbox 910 3726 976 3792; x_wconf 89' lang='lat' dir='ltr'><strong>Nec</strong></span> <span class='ocrx_word' id='word_1_241' title='bbox 1002 3724 1109 3807; x_wconf 87' lang='lat' dir='ltr'><strong>aliquo</strong></span> <span class='ocrx_word' id='word_1_242' title='bbox 1137 3724 1235 3789; x_wconf 92' lang='lat' dir='ltr'><strong>inter·</strong></span> <span class='ocrx_word' id='word_1_243' title='bbox 1250 3740 1347 3790; x_wconf 71' lang='lat' dir='ltr'><strong>neers</strong></span> 
     </span>
     <span class='ocr_line' id='line_1_31' title="bbox 60 3839 1232 3927; baseline 0 -25"><span class='ocrx_word' id='word_1_244' title='bbox 60 3845 150 3907; x_wconf 82' lang='lat' dir='ltr'><strong>ventu</strong></span> <span class='ocrx_word' id='word_1_245' title='bbox 173 3842 314 3908; x_wconf 83' lang='lat' dir='ltr'><strong>fratrum</strong></span> <span class='ocrx_word' id='word_1_246' title='bbox 330 3840 380 3907; x_wconf 86' lang='lat' dir='ltr'><strong>vel</strong></span> <span class='ocrx_word' id='word_1_247' title='bbox 397 3840 530 3907; x_wconf 91' lang='lat' dir='ltr'><strong>aliorum</strong></span> <span class='ocrx_word' id='word_1_248' title='bbox 549 3842 728 3927; x_wconf 89' lang='lat' dir='ltr'><strong>principum</strong></span> <span class='ocrx_word' id='word_1_249' title='bbox 747 3842 931 3927; x_wconf 88' lang='lat' dir='ltr'><strong>episcopum</strong></span> <span class='ocrx_word' id='word_1_250' title='bbox 945 3840 978 3905; x_wconf 93' lang='lat' dir='ltr'><strong>in</strong></span> <span class='ocrx_word' id='word_1_251' title='bbox 994 3839 1128 3921; x_wconf 78' lang='lat' dir='ltr'><strong>gratiam</strong></span> <span class='ocrx_word' id='word_1_252' title='bbox 1144 3857 1232 3903; x_wconf 90' lang='lat' dir='ltr'><strong>snam</strong></span> 
     </span>
     <span class='ocr_line' id='line_1_32' title="bbox 59 3950 1234 4042; baseline 0 -25"><span class='ocrx_word' id='word_1_253' title='bbox 59 3958 191 4042; x_wconf 86' lang='lat' dir='ltr'><strong>recepit,</strong></span> <span class='ocrx_word' id='word_1_254' title='bbox 221 3955 324 4023; x_wconf 90' lang='lat' dir='ltr'><strong>donec</strong></span> <span class='ocrx_word' id='word_1_255' title='bbox 347 3976 418 4022; x_wconf 91' lang='lat' dir='ltr'><strong>eum</strong></span> <span class='ocrx_word' id='word_1_256' title='bbox 442 3956 522 4023; x_wconf 85' lang='lat' dir='ltr'><strong>tanti</strong></span> <span class='ocrx_word' id='word_1_257' title='bbox 546 3956 673 4023; x_wconf 86' lang='lat' dir='ltr'><strong>sceleris</strong></span> <span class='ocrx_word' id='word_1_258' title='bbox 697 3961 840 4023; x_wconf 88' lang='lat' dir='ltr'><strong>auctores</strong></span> <span class='ocrx_word' id='word_1_259' title='bbox 862 3974 920 4040; x_wconf 90' lang='lat' dir='ltr'><strong>pro</strong></span> <span class='ocrx_word' id='word_1_260' title='bbox 944 3960 1086 4020; x_wconf 84' lang='lat' dir='ltr'><strong>extrema</strong></span> <span class='ocrx_word' id='word_1_261' title='bbox 1108 3950 1234 4019; x_wconf 70' lang='lat' dir='ltr'><strong>eorum‘</strong></span> 
     </span>
    </p>
   </div>
   <div class='ocr_carea' id='block_1_3' title="bbox 60 4083 1235 4226">
    <p class='ocr_par' dir='ltr' id='par_1_6' title="bbox 60 4083 1235 4226">
     <span class='ocr_line' id='line_1_33' title="bbox 124 4083 1235 4149; baseline -0.006 -14"><span class='ocrx_word' id='word_1_262' title='bbox 124 4102 145 4135; x_wconf 76' lang='lat' dir='ltr'><strong>s.</strong></span> <span class='ocrx_word' id='word_1_263' title='bbox 169 4089 338 4137; x_wconf 72' lang='lat' dir='ltr'><strong>mausum·</strong></span> <span class='ocrx_word' id='word_1_264' title='bbox 354 4088 381 4135; x_wconf 89' lang='grc' dir='ltr'><strong>Ζ.</strong></span> <span class='ocrx_word' id='word_1_265' title='bbox 466 4088 489 4135; x_wconf 90' lang='lat' dir='ltr'><strong>b.</strong></span> <span class='ocrx_word' id='word_1_266' title='bbox 512 4103 596 4135; x_wconf 77' lang='lat' dir='ltr'><strong>masau</strong></span> <span class='ocrx_word' id='word_1_267' title='bbox 609 4088 729 4149; x_wconf 60' lang='lat' dir='ltr'><strong>porussos·</strong></span> <span class='ocrx_word' id='word_1_268' title='bbox 743 4088 771 4135; x_wconf 82' lang='lat' dir='ltr'><strong>s&#39;rs</strong></span> <span class='ocrx_word' id='word_1_269' title='bbox 785 4086 892 4147; x_wconf 59' lang='lat' dir='ltr'><strong>mosum</strong></span> <span class='ocrx_word' id='word_1_270' title='bbox 906 4084 1041 4133; x_wconf 73' lang='lat' dir='ltr'><strong>Vcdda&#39;da&#39;ts</strong></span> <span class='ocrx_word' id='word_1_271' title='bbox 1057 4084 1119 4144; x_wconf 86' lang='lat' dir='ltr'><strong>quod</strong></span> <span class='ocrx_word' id='word_1_272' title='bbox 1134 4083 1235 4129; x_wconf 83' lang='lat' dir='ltr'><strong>membra</strong></span> 
     </span>
     <span class='ocr_line' id='line_1_34' title="bbox 60 4166 749 4226; baseline 0.006 -16"><span class='ocrx_word' id='word_1_273' title='bbox 60 4172 168 4226; x_wconf 72' lang='lat' dir='ltr'><strong>surrupta.</strong></span> <span class='ocrx_word' id='word_1_274' title='bbox 269 4180 289 4213; x_wconf 86' lang='lat' dir='ltr'><strong>c.</strong></span> <span class='ocrx_word' id='word_1_275' title='bbox 313 4182 345 4213; x_wconf 81' lang='lat' dir='ltr'><strong>cn</strong></span> <span class='ocrx_word' id='word_1_276' title='bbox 361 4169 401 4214; x_wconf 79' lang='lat' dir='ltr'><strong>ut?</strong></span> <span class='ocrx_word' id='word_1_277' title='bbox 494 4166 516 4213; x_wconf 94' lang='lat' dir='ltr'><strong>d.</strong></span> <span class='ocrx_word' id='word_1_278' title='bbox 541 4182 631 4214; x_wconf 88' lang='lat' dir='ltr'><strong>suorum</strong></span> <span class='ocrx_word' id='word_1_279' title='bbox 649 4168 674 4214; x_wconf 87' lang='grc' dir='ltr'><strong>Ζ.</strong></span> <span class='ocrx_word' id='word_1_280' title='bbox 744 4193 749 4203; x_wconf 91' lang='grc'>-</span> 
     </span>
    </p>
   </div>
   <div class='ocr_carea' id='block_1_4' title="bbox 60 4247 1235 4578">
    <p class='ocr_par' dir='ltr' id='par_1_7' title="bbox 60 4247 1235 4497">
     <span class='ocr_line' id='line_1_35' title="bbox 128 4247 1235 4321; baseline -0.007 -13"><span class='ocrx_word' id='word_1_281' title='bbox 128 4255 152 4307; x_wconf 88' lang='grc'><strong>1.</strong></span> <span class='ocrx_word' id='word_1_282' title='bbox 173 4252 297 4320; x_wconf 77' lang='lat' dir='ltr'><strong>lsaibd,</strong></span> <span class='ocrx_word' id='word_1_283' title='bbox 314 4255 356 4308; x_wconf 90' lang='grc'><strong>10.</strong></span> <span class='ocrx_word' id='word_1_284' title='bbox 464 4254 490 4307; x_wconf 78' lang='lat'><strong>2.</strong></span> <span class='ocrx_word' id='word_1_285' title='bbox 513 4252 634 4307; x_wconf 87' lang='lat' dir='ltr'><strong>Lotbaril</strong></span> <span class='ocrx_word' id='word_1_286' title='bbox 652 4252 692 4306; x_wconf 94' lang='lat' dir='ltr'><strong>lll</strong></span> <span class='ocrx_word' id='word_1_287' title='bbox 711 4253 776 4321; x_wconf 88' lang='lat' dir='ltr'><strong>imp.</strong></span> <span class='ocrx_word' id='word_1_288' title='bbox 885 4251 911 4304; x_wconf 87' lang='lat'><strong>3.</strong></span> <span class='ocrx_word' id='word_1_289' title='bbox 934 4252 1052 4303; x_wconf 83' lang='lat' dir='ltr'><strong>exeunte</strong></span> <span class='ocrx_word' id='word_1_290' title='bbox 1074 4262 1146 4302; x_wconf 86' lang='lat' dir='ltr'><strong>anno</strong></span> <span class='ocrx_word' id='word_1_291' title='bbox 1165 4247 1235 4301; x_wconf 87' lang='grc'><strong>1133</strong></span> 
     </span>
     <span class='ocr_line' id='line_1_36' title="bbox 60 4334 1233 4410; baseline -0.003 -19"><span class='ocrx_word' id='word_1_292' title='bbox 60 4336 234 4397; x_wconf 77' lang='lat' dir='ltr'><strong>ddnlberone</strong></span> <span class='ocrx_word' id='word_1_293' title='bbox 254 4340 383 4410; x_wconf 85' lang='lat' dir='ltr'><strong>episcopo</strong></span> <span class='ocrx_word' id='word_1_294' title='bbox 401 4340 552 4395; x_wconf 85' lang='lat' dir='ltr'><strong>Basileeusi</strong></span> <span class='ocrx_word' id='word_1_295' title='bbox 569 4341 728 4395; x_wconf 87' lang='lat' dir='ltr'><strong>constituto.</strong></span> <span class='ocrx_word' id='word_1_296' title='bbox 834 4339 861 4392; x_wconf 83' lang='lat'><strong>4.</strong></span> <span class='ocrx_word' id='word_1_297' title='bbox 885 4337 1025 4407; x_wconf 81' lang='lat' dir='ltr'><strong>Andreas,</strong></span> <span class='ocrx_word' id='word_1_298' title='bbox 1047 4334 1233 4391; x_wconf 80' lang='lat' dir='ltr'><strong>llos-nes.</strong></span> 
     </span>
     <span class='ocr_line' id='line_1_37' title="bbox 61 4424 1021 4497; baseline 0.001 -17"><span class='ocrx_word' id='word_1_299' title='bbox 61 4426 85 4480; x_wconf 84' lang='lat'><strong>5.</strong></span> <span class='ocrx_word' id='word_1_300' title='bbox 108 4428 242 4485; x_wconf 90' lang='lat' dir='ltr'><strong>Coloniae</strong></span> <span class='ocrx_word' id='word_1_301' title='bbox 261 4428 419 4485; x_wconf 84' lang='lat' dir='ltr'><strong>Lotbarium</strong></span> <span class='ocrx_word' id='word_1_302' title='bbox 438 4429 503 4497; x_wconf 91' lang='lat' dir='ltr'><strong>imp.</strong></span> <span class='ocrx_word' id='word_1_303' title='bbox 522 4429 567 4485; x_wconf 87' lang='lat' dir='ltr'><strong>die</strong></span> <span class='ocrx_word' id='word_1_304' title='bbox 585 4432 620 4483; x_wconf 74' lang='lat'><strong>25</strong></span> <span class='ocrx_word' id='word_1_305' title='bbox 637 4428 704 4483; x_wconf 89' lang='lat' dir='ltr'><strong>Dec.</strong></span> <span class='ocrx_word' id='word_1_306' title='bbox 721 4428 789 4481; x_wconf 82' lang='grc'><strong>1133</strong></span> <span class='ocrx_word' id='word_1_307' title='bbox 807 4424 893 4482; x_wconf 69' lang='lat' dir='ltr'><strong>iubas</strong></span> <span class='ocrx_word' id='word_1_308' title='bbox 910 4426 1021 4481; x_wconf 89' lang='lat' dir='ltr'><strong>scimus.</strong></span> 
     </span>
    </p>

    <p class='ocr_par' dir='ltr' id='par_1_8' title="bbox 960 4522 1020 4578">
     <span class='ocr_line' id='line_1_38' title="bbox 960 4522 1020 4578; baseline 0 -21"><span class='ocrx_word' id='word_1_309' title='bbox 960 4522 1020 4578; x_wconf 70' lang='lat'><strong>29*</strong></span> 
     </span>
    </p>
   </div>
   <div class='ocr_carea' id='block_1_5' title="bbox 0 0 1576 4850">
    <p class='ocr_par' dir='ltr' id='par_1_9' title="bbox 0 0 1576 4850">
     <span class='ocr_line' id='line_1_39' title="bbox 0 0 1576 4850; baseline 0 3"><span class='ocrx_word' id='word_1_310' title='bbox 0 0 1576 4850; x_wconf 95' lang='lat' dir='ltr'><strong> </strong></span> 
     </span>
    </p>
   </div>
  </div>
 </body>
</html>
