3142 4850
370 312 549 359 suasorem
571 314 752 362 arenosus.
789 316 854 363 ura.
871 318 896 363 rr
922 316 1024 366 14-1e
1219 304 1282 369 757

115 474 198 535 recte
221 470 339 553 agnita,
362 491 479 557 pavore
504 471 636 557 abiecte,
659 473 691 538 in
709 474 837 541 modum
859 478 1007 543 torrentis
1023 480 1125 545 omnis
1148 481 1373 567 populiense

114 584 145 649 in
169 604 332 651 occursum
356 592 499 653 nostrum
523 586 703 673 effunditur,
727 590 869 657 ambiens
892 597 925 658 et
939 592 1148 678 circumdans,
1172 598 1283 663 ammi·
1311 570 1359 616 Μ’

113 720 187 765 rans
210 705 243 766 et
264 700 481 788 mntemplans
505 708 537 769 et
560 724 617 769 nos
640 710 672 771 et
694 706 801 771 omnia
823 713 941 791 nostra,
966 729 1064 793 usque
1088 709 1126 775 ad
1150 709 1283 797 hospicii

112 814 215 882 locum
243 836 301 882 nos
329 817 540 885 conducendo.
578 818 653 886 Fuit
678 826 783 887 autem
806 827 881 889 ante
904 824 1066 890 introitum
1090 826 1185 893 castri
1209 846 1282 893 area

112 932 266 1017 spaciosa,
290 954 384 1017 quam
409 940 608 1020 occupantes,
632 933 758 1002 fiximus
774 938 912 1004 tentoria
926 938 958 1004 in
975 939 1084 1007 eodem
1098 940 1178 1024 loco,
1202 942 1280 1027 ipsis

112 1046 255 1114 barbaris
276 1060 440 1117 mansuete
463 1070 501 1117 ae
522 1051 722 1118 familiariter
743 1072 801 1118 nos
826 1053 1047 1121 adiuvantibus
1071 1061 1102 1122 et
1124 1056 1156 1121 iu
1180 1057 1281 1123 omni·

111 1162 169 1229 bns
192 1184 226 1231 se
247 1163 339 1231 nobis
362 1172 534 1251 oportunus
557 1166 786 1235 exhibentibus.

202 1282 252 1345 lz').
288 1280 411 1348 luterea
429 1302 502 1348 vero
526 1284 692 1369 episcopus
715 1282 947 1369 pontificalibus
970 1285 1108 1371 indutus,
1134 1292 1280 1354 monente

109 1394 249 1462 Paulieio
272 1400 304 1463 et
326 1397 525 1484 primatibus,
549 1397 679 1464 deloco
702 1398 826 1465 editiori
851 1400 1002 1487 populum
1027 1403 1204 1488 cupientem
1226 1415 1280 1470 ore

110 1511 280 1596 alloquitur
301 1513 494 1599 interpretis,
518 1515 563 1579 ita
585 1514 709 1580 dicens:
733 1498 916 1582 Benedictio
941 1517 1076 1583 Domini
1096 1541 1191 1603 super
1212 1542 1277 1600 coe,

108 1628 263 1694 benedicti
283 1652 337 1695 cce
360 1656 381 1695 a
395 1630 545 1695 Domino.
581 1632 802 1695 Benedicamua
826 1645 854 1696 et
872 1636 996 1719 pretias
1012 1634 1099 1699 vodis
1114 1635 1279 1719 rq‘crimue

108 1747 142 1808 in
165 1748 291 1810 nmine
305 1746 449 1826 Domini,
475 1748 552 1831 quic
572 1760 667 1831 prata
690 1759 718 1811 et
739 1749 877 1812 iocunda
893 1762 921 1813 cc
936 1749 1071 1835 deniqne
1086 1754 1279 1837 susceptione

107 1882 164 1926 coa
187 1861 354 1945 rq‘oeietia.
390 1862 434 1926 Ec
456 1884 553 1927 cocao
576 1864 702 1947 quidem
725 1864 876 1927 adventus
898 1867 1001 1929 aoecrc‘
1021 1866 1133 1929 edoce
1150 1868 1276 1951 querit,

97 1977 190 2059 forte
216 1980 282 2041 iam
309 1978 461 2057 cadosa,
492 1990 520 2041 ct
541 1982 669 2057 iterum,
699 1980 730 2041 ei
755 1980 947 2062 dignamini,
979 1981 1091 2044 audire
1113 1980 1227 2046 dcdmie
1251 1994 1279 2047 ct

105 2093 289 2178 diligentius
312 2094 477 2157 adsedere.
513 2092 565 2157 Dc
587 2095 640 2157 oc'c
656 2094 751 2179 longa
766 2098 916 2159 venimus.
954 2094 1180 2177 Seleuceam,
1205 2097 1277 2161 bea·

106 2210 207 2273 mado
230 2221 344 2288 cccco,
366 2210 520 2293 paediam
536 2222 672 2273 oestrum
694 2210 883 2275 concambia
898 2214 948 2275 eie
963 2233 1059 2275 cauea
1073 2211 1154 2296 fuit.
1191 2212 1277 2277 Nona

104 2324 189 2389 salci
222 2323 276 2387 leci
307 2336 401 2409 atque
428 2325 511 2389 beati
538 2327 624 2389 cacia
653 2325 845 2405 demolirer,
878 2328 908 2391 ac'
941 2338 1109 2391 creatorem
1143 2340 1277 2393 ecetram

103 2463 273 2526 cpaoaccre
296 2453 324 2506 ec
345 2440 397 2504 illi
417 2440 480 2504 aeli
497 2443 614 2504 accede
627 2440 731 2505 caleb.
767 2439 833 2506 Hee
848 2440 943 2506 ethis
959 2440 1086 2525 similia,
1111 2462 1170 2526 que
1192 2444 1276 2510 inse·

102 2575 176 2622 rere
201 2555 306 2621 studio
329 2553 494 2620 brevitatis
516 2555 645 2638 omitto,
673 2555 790 2640 populo
813 2555 884 2621 rudi
908 2555 1094 2640 simpliciter
1117 2557 1275 2640 coangeli-

102 2676 198 2737 zante
227 2669 389 2755 pontifice,
420 2671 523 2735 omnis
553 2669 609 2735 illa
636 2669 805 2737 multitudo
837 2669 925 2754 quasi
956 2689 1035 2735 unus
1066 2670 1173 2754 bomo,
1203 2671 1276 2740 lidei

102 2791 214 2853 sancte
228 2785 463 2868 concordantes,
488 2784 573 2852 illios
588 2785 729 2852 doctrine
744 2805 779 2851 se
795 2785 1028 2851 commiserunt.
1058 2785 1103 2852 At
1118 2785 1181 2872 ille,
1203 2807 1273 2853 cum

100 2901 228 2968 clericis
250 2907 282 2968 et
304 2900 519 2968 sacerdotibus
543 2906 662 2987 septem
687 2900 797 2967 diebus
821 2921 873 2967 eos
889 2900 1089 2968 cathezizans
1106 2905 1138 2967 et
1153 2901 1192 2968 de
1207 2923 1274 2968 om·

100 3017 213 3100 nibns,
242 3037 303 3102 que
330 3017 500 3084 christiane
523 3016 667 3101 religioni
691 3014 933 3100 conveniebant,
964 3015 1203 3100 diligentissime
1225 3017 1274 3084 in·

100 3141 244 3216 struens,
273 3133 392 3199 indicto
419 3132 515 3199 trimn
544 3132 666 3198 dierum
696 3132 828 3216 ieiunio,
857 3132 963 3198 iussit:
993 3137 1029 3198 ιιι
1056 3152 1189 3218 corpora
1216 3153 1274 3201 sua

99 3249 224 3317 balneis
239 3248 428 3314 mundarent
443 3253 484 3331 et,
507 3247 581 3314 lotis
597 3247 739 3332 albisque
754 3247 856 3314 induti
875 3248 1023 3332 restibus,
1047 3248 1164 3314 mundo
1180 3249 1273 3316 corde

98 3372 133 3433 et
156 3385 289 3451 corpore
311 3363 490 3449 mundoque
513 3363 621 3430 habitu
646 3363 685 3428 ad
708 3369 851 3430 sanctum
869 3362 1027 3449 baptisma
1041 3370 1270 3432 concurrerent

195 3481 246 3546 16.
281 3479 410 3546 lnterim
426 3499 500 3546 vero
515 3479 617 3545 tribus
635 3481 786 3545 extructis
810 3479 1014 3566 baptisteriis,
1037 3480 1083 3546 ita
1098 3481 1270 3548 ordinavit:

97 3605 135 3665 nt
157 3599 229 3684 ipse
251 3594 335 3662 solos
358 3615 461 3662 mares
485 3615 599 3681 pueros
621 3595 655 3659 in
671 3613 733 3659 ono
753 3593 940 3680 baptizaret,
964 3595 1017 3660 alii
1041 3599 1146 3664 autern
1168 3615 1272 3664 sacer·

96 3715 191 3780 dotes
214 3712 248 3777 in
272 3711 342 3777 aliis
364 3710 498 3777 feminas
522 3729 663 3777 seorsum
686 3714 719 3775 et
733 3709 819 3774 uiros
842 3729 993 3776 seorsum.
1023 3710 1125 3777 Tanta
1147 3731 1272 3796 quoque

96 3828 275 3912 diligentia,
299 3832 389 3893 muta
405 3826 561 3892 munditie
583 3831 614 3892 et
636 3825 799 3892 horamate
822 3829 913 3910 pater
928 3825 1064 3912 optimus
1082 3826 1270 3894 sacramenti

95 3944 317 4031 operationem
332 3940 401 4008 fieri
417 3941 551 4024 edocuit,
574 3947 610 4007 ιιι
630 3940 728 4007 nichil
743 3940 936 4024 indecorum,
959 3939 1055 4006 nichil
1078 3940 1269 4026 pudendum,

94 4056 197 4126 nichil
220 4077 370 4143 unquam,
393 4057 478 4142 quod
501 4056 594 4123 alicui
617 4057 781 4138 gentilium
804 4055 909 4121 minus
932 4055 1056 4141 placere
1078 4061 1196 4141 posset,
1224 4055 1270 4122 ibi

95 4179 255 4260 ageretur.
346 4171 491 4256 Namque
516 4171 601 4238 dolia
627 4171 760 4255 grandia
782 4171 873 4237 valde
900 4179 983 4238 terre
1012 4169 1106 4236 altius
1134 4171 1268 4254 inmergi

94 4290 253 4377 precepit,
275 4288 321 4354 ita
344 4293 380 4353 ut
402 4307 459 4353 ora
473 4286 628 4354 doliorum
651 4307 751 4373 usque
773 4287 814 4354 ad
836 4306 918 4371 genu
940 4285 1077 4354 hominis
1091 4285 1141 4353 rel
1164 4286 1268 4352 minus

95 4407 136 4474 de
161 4409 249 4471 terra
270 4403 496 4490 prominerent,
520 4402 633 4486 quibus
656 4423 738 4488 aqua
759 4402 910 4489 impletis,
932 4401 1034 4468 facilis
1057 4406 1126 4469 erat
1147 4400 1268 4468 ineam
