3142 4850
301 287 366 353 184
666 301 835 352 unenmor
856 301 983 352 oonnx.
1019 299 1110 353 osee

209 481 278 536 1100
389 463 438 530 Ea
460 464 578 550 quippe
600 463 651 529 die
673 468 801 530 nostrae
824 468 942 530 statum
966 463 1131 546 ccclesiae,
1155 465 1188 528 in
1212 463 1369 548 aliquibus
1391 470 1466 530 tem·

300 581 388 668 poris
416 580 588 666 asperitate
615 578 852 662 nutabundum,
880 580 913 644 in
941 584 1066 644 tantum
1095 579 1291 665 speravimus
1315 598 1386 646 esse
1407 579 1466 644 sul·

298 696 501 778 iulciendum,
524 700 561 761 ut
574 695 666 760 vobis
687 695 859 780 superstite
881 693 1004 760 nullum
1020 694 1069 760 vel
1089 695 1207 761 sentire
1230 695 1331 780 possit
1345 693 1468 780 dispen-

299 811 396 877 dium.
432 809 506 894 Sed,
530 810 612 894 quod
635 809 784 876 nimirum
810 811 927 877 nostris
951 808 1186 876 asscribendum
1208 816 1257 876 est
1277 809 1468 892 infortuniis,

297 947 361 992 nou
384 925 487 991 solum
510 925 570 991 hcc
591 925 770 991 sterilitatis
792 944 874 991 anno
889 925 1004 992 vestus
1027 943 1091 990 uon
1113 945 1221 991 sumus
1242 925 1393 991 relevati·
1408 925 1469 990 suf·

297 1041 419 1124 fragiis,
441 1039 674 1124 verumetiam,
696 1039 786 1107 vobis
802 1039 999 1124 gravioribus
1015 1046 1167 1126 occupato
1182 1041 1331 1124 negociis,
1355 1040 1471 1106 nosbis

298 1177 358 1243 per
372 1155 448 1222 uusb
464 1155 608 1222 destituti
628 1174 737 1221 sumus
751 1155 972 1224 oblationibus.
1008 1154 1115 1222 Nostis
1131 1157 1267 1240 quidem,
1289 1155 1471 1242 praesulum

300 1272 512 1354 serenissime,
538 1276 665 1337 nostrae
687 1270 834 1355 querelae
858 1291 984 1337 causam
1008 1270 1199 1356 iamiamque
1222 1289 1371 1358 processu
1394 1277 1472 1338 tem·

300 1387 388 1472 poris
417 1387 640 1468 inveteratam,
670 1405 752 1470 quae
781 1385 857 1453 licet
884 1405 1090 1474 sepenumero
1119 1407 1176 1472 per
1203 1387 1318 1454 batres
1347 1392 1473 1452 nostros

301 1503 429 1569 auribus
443 1501 558 1568 vestris
578 1501 761 1586 innotuerit,
784 1502 882 1568 nichil
903 1508 1011 1568 tarum
1025 1502 1134 1568 nobis⁰
1150 1507 1274 1568 rostrae
1296 1503 1473 1570 malaeus

301 1617 436 1684 contulit
457 1616 638 1696 audiencia3
662 1617 739 1700 quin
759 1617 858 1684 immo
881 1637 918 1684 ec
934 1637 1034 1703 usque
1056 1637 1107 1684 ras
1126 1617 1260 1684 deductu
1277 1623 1335 1702 est,
1358 1623 1474 1684 utnon

301 1733 403 1800 solum
431 1733 472 1798 ad
499 1737 626 1817 tempus
654 1729 745 1798 bonis
773 1733 891 1798 nostris
922 1733 1060 1799 caruisse
1084 1733 1140 1800 sed
1162 1733 1258 1799 etiem
1281 1753 1320 1799 ea
1341 1751 1475 1818 prorsus

300 1847 466 1914 uideamur
487 1847 641 1913 amisisse.

390 1961 553 2048 Siquidem
575 1960 667 2028 miles
687 1968 791 2028 uester
811 1961 850 2028 N.
867 1964 1021 2048 pertinaci
1044 1964 1148 2030 animo
1172 1969 1312 2028 nostram
1336 1967 1477 2030 retentat

302 2077 504 2160 oblationem,
526 2095 585 2143 nec
607 2076 673 2143 ulla
694 2079 816 2144 ratione
840 2079 954 2144 asserit
975 2097 1009 2145 se
1031 2079 1237 2166 redditurum,
1260 2077 1324 2143 nisi
1345 2083 1477 2144 tantun-

302 2193 373 2260 dem
397 2198 453 2258 aut
475 2191 611 2278 amplius
634 2214 654 2258 a
675 2192 765 2259 uobis
788 2194 929 2280 recipiat
1020 2193 1112 2261 Alius
1135 2193 1282 2280 quidum
1304 2193 1413 2277 iactat,
1442 2214 1477 2260 se

302 2307 492 2375 oblationem
527 2314 669 2374 nostram
696 2309 734 2374 N.
763 2310 798 2374 in
832 2310 1062 2394 possessionem
1092 2311 1253 2376 coemisse.
1344 2309 1478 2376 Talibus

167 2447 180 2475 ·
271 2455 275 2464 ¹
302 2426 426 2509 itaque·
449 2430 483 2491 et
504 2422 577 2491 aliis
598 2425 884 2493 necessitudinibus
906 2427 1128 2511 circumventi,
1150 2447 1214 2494 non
1238 2424 1395 2493 modicam
1419 2428 1479 2493 sti-

302 2540 411 2627 pendii
444 2544 477 2606 et
504 2540 673 2607 oblationis
699 2547 828 2608 nostrae
855 2543 995 2627 patimur
1022 2544 1197 2628 penuriam.
1244 2541 1412 2626 Quocirca,
1450 2544 1479 2610 si

302 2656 369 2723 ulla
394 2657 603 2723 fraternitatis
631 2662 759 2723 nostrae
788 2656 950 2723 uobiscum
980 2658 1059 2725 vivit
1085 2659 1253 2742 memoria,
1286 2658 1313 2723 si
1343 2676 1479 2743 precum

302 2778 482 2840 nostrerum
509 2771 633 2839 deuotio
656 2771 706 2837 uel
728 2770 862 2839 minimo
884 2772 973 2839 vobis
996 2779 1118 2840 constet
1139 2779 1315 2857 momento,
1344 2794 1480 2843 oausam

302 2894 446 2955 nostram
474 2888 509 2953 in
536 2887 619 2953 libre
640 2887 811 2971 aequitatis
835 2892 868 2953 et
888 2889 1010 2971 gratias
1033 2889 1217 2976 appendite;
1247 2889 1306 2955 boc
1327 2889 1482 2957 videlicet

302 3005 463 3071 uobiscum
486 3003 664 3069 accuratius
685 3007 900 3088 portumnus,
924 3010 1077 3089 quantum
1101 3010 1224 3071 restrae
1247 3005 1378 3089 deroget
1400 3008 1481 3073 esti-

303 3119 451 3203 mationi,
480 3138 535 3186 eos
562 3118 602 3184 de
623 3118 713 3184 uobis
741 3120 880 3203 causari,
910 3139 988 3205 quos
1016 3120 1155 3188 maxime
1184 3126 1308 3207 oportet
1336 3138 1397 3207 per
1422 3142 1482 3189 ros

303 3235 472 3325 subleuari.
506 3233 650 3312 Quodne
666 3234 790 3317 quando
805 3234 946 3301 futurum
962 3235 1014 3318 sil,
1030 3236 1224 3322 dispensatio
1239 3237 1348 3303 diuina
1361 3246 1483 3305 cuncta

303 3350 472 3417 moderans
495 3354 632 3431 avonem
657 3368 738 3435 quae
751 3368 809 3415 vos
832 3350 929 3415 etiam
951 3350 1012 3416 sic‘
1034 3352 1191 3417 moderari
1215 3352 1373 3436 dignetur,
1398 3372 1482 3438 qna-

304 3466 405 3549 tinns,
434 3464 499 3551 ipsi
519 3464 648 3552 placens
671 3470 704 3530 et
724 3464 919 3549 bominibus,
943 3468 1129 3534 memoriam
1150 3469 1247 3535 vestri
1270 3467 1303 3533 in
1326 3467 1483 3535 benedic-

303 3581 391 3648 tione
412 3578 571 3668 perpetim
593 3578 804 3645 consolidetis.

307 3790 369 3864 96.
393 3793 546 3860 Cononioi
567 3793 812 3880 Bombcrqeoeea
834 3792 1033 3859 Fmdericum
1051 3795 1073 3860 I
1091 3796 1361 3884 arehiepiscopum
1385 3794 1484 3865 Colo-

393 3912 532 3976 uiuamus
553 3922 677 3994 repant,
701 3922 735 3975 ot
757 3910 821 3974 sibi
842 3923 950 3977 coebo
972 3910 1111 3977 mines
1134 3912 1288 3999 quosdam
1305 3912 1485 3997 opuntem

393 4028 586 4112 Parumque
607 4028 794 4110 mopiebrsm
816 4028 989 4093 concedat&
1339 4024 1381 4105 (E
1398 4027 1484 4109 217)

137 4171 287 4227 1100-1101
394 4157 530 4224 Sanctae
542 4154 736 4224 Coloniensis
752 4157 901 4223 ccclesiae
917 4156 1152 4245 archiepiscopo
1163 4156 1371 4241 Elgilbertns)
1384 4179 1484 4245 prae-

375 4346 396 4380 e.
419 4332 514 4380 revelati
529 4332 556 4379 Ζ.
634 4333 657 4379 b.
681 4346 723 4379 nce
740 4332 768 4379 B.
851 4346 870 4379 c.
894 4332 959 4379 vobls
975 4334 1004 4380 B.
1083 4334 1106 4379 d.
1130 4334 1222 4393 quidem
1235 4332 1280 4390 1⁷2,
1297 4334 1367 4395 quide
1385 4334 1410 4392 0,
1430 4340 1484 4398 qul·

305 4412 357 4461 dum
373 4412 404 4460 B.
483 4427 504 4458 e.
527 4413 606 4473 ulique
622 4410 652 4459 B.
728 4412 745 4458 l.
769 4426 813 4459 oss
823 4412 847 4459 V.
925 4426 947 4471 g.
970 4426 1000 4459 ea
1014 4412 1089 4469 Ver,
1106 4412 1163 4473 Zp.
1172 4414 1228 4461 198.
