3142 4850
334 311 401 377 454
721 327 887 377 ununmer
908 327 1036 375 sonan.
1071 323 1124 376 ass

336 495 475 555 vestrum
498 489 624 572 ignotus
647 489 706 553 sim
731 493 765 553 et
784 487 875 553 faeie.
911 485 1031 564 Quibus
1053 487 1201 571 primum,
1225 493 1261 552 nt
1282 486 1440 554 litteratus
1453 505 1495 550 se·
1560 527 1562 566 ,

335 604 398 670 auli
420 609 452 670 et
474 603 583 689 ydiota
605 602 676 686 Dei,
700 603 855 668 oomieum
878 599 957 666 illud
977 602 1190 687 respondebo:

483 721 584 785 Homo
607 741 693 794 eamr
717 719 849 784 bomani
871 743 891 783 α
913 740 962 782 me
983 717 1084 783 aicbil
1104 719 1243 784 alienam
1263 731 1342 805 pato
1351 711 1369 781 ¹.
1408 693 1417 708 ⁴

337 833 398 900 Sed
423 835 498 918 quia
520 832 716 918 spiritalibus
739 833 852 914 scribo,
875 833 909 897 in
933 833 1047 917 spiritu
1063 832 1125 898 Dei
1147 834 1212 898 iam
1229 831 1406 898 fidueialius
1421 831 1495 898 dios:

337 951 420 1034 quia,
445 949 472 1014 si
493 949 648 1014 indivisus
673 948 769 1014 immo
795 949 869 1032 quia
891 948 1046 1032 indivisus
1069 954 1119 1014 est
1140 947 1295 1029 Christus,
1318 966 1428 1011 omnes
1448 967 1497 1011 nos

336 1064 430 1130 unius
453 1065 567 1150 eapitis
590 1053 731 1147 menbra,
756 1084 866 1129 omnes
888 1062 947 1128 sub
970 1083 1032 1128 uno
1055 1069 1146 1149 putre
1162 1064 1277 1130 fratres
1292 1082 1411 1128 sumus.
1445 1061 1498 1128 la-

338 1201 397 1264 que
421 1185 475 1245 aut
497 1180 628 1246 fratrem
651 1201 703 1246 me
726 1181 872 1247 estimato
895 1186 927 1246 et
948 1199 1012 1245 non
1035 1179 1184 1260 alienum,
1208 1182 1263 1243 aut
1281 1182 1499 1261 consequenter

338 1295 455 1360 diuam:
486 1295 560 1380 qnia
588 1295 743 1361 mediator
771 1302 878 1362 noster
904 1296 1004 1378 gratis
1030 1299 1174 1360 mortuus
1202 1298 1265 1375 est,
1293 1293 1321 1358 si
1348 1313 1412 1358 non
1434 1294 1500 1359 feeit

337 1415 470 1495 utraque
494 1406 619 1476 unum².
665 1411 824 1476 Exordiar
846 1411 958 1494 igitur,
987 1429 1050 1475 non
1072 1407 1206 1475 elatione
1229 1407 1284 1473 sed
1308 1418 1365 1473 ex·
1389 1408 1500 1474 medul-

336 1524 403 1591 lata
425 1527 565 1593 caritate.

426 1641 538 1708 Frater
560 1641 617 1725 H.,
646 1659 717 1706 eum
747 1640 788 1705 ad
810 1638 973 1705 visendam
995 1638 1131 1724 patriam
1162 1642 1373 1724 parentesque
1396 1640 1430 1704 in
1451 1639 1500 1706 has

338 1761 445 1843 partes
461 1757 639 1822 devenisset
662 1763 694 1822 et
717 1761 790 1844 post
814 1757 973 1840 aliquanto
996 1754 1036 1819 ad
1056 1775 1114 1820 nos
1138 1753 1282 1837 redisset,
1305 1755 1501 1840 requisiisse

309 1847 312 1852 ¹
337 1892 398 1955 me,
423 1877 458 1937 ut
480 1871 516 1937 lit
539 1891 626 1937 more
649 1872 778 1938 humani
802 1872 930 1956 ingenii,
954 1871 1057 1956 primo
1081 1869 1120 1936 de
1137 1870 1290 1956 sospitate
1304 1869 1500 1936 familiarium

337 2007 490 2071 meorum,
514 1987 627 2053 dehine
651 1987 745 2053 etiam
770 1987 809 2053 de
824 1986 976 2072 temperie
992 1992 1023 2052 et
1038 1986 1181 2052 ubertate
1197 1986 1281 2068 anni,
1306 1988 1415 2052 omnia
1428 1986 1500 2052 laets

337 2103 460 2183 retulit;
490 2103 555 2187 sed,
581 2105 670 2188 quasi
694 2101 746 2169 seb
771 2102 912 2187 scorpius
936 2102 1153 2189 pereussisset,
1176 2122 1272 2167 unum
1296 2103 1329 2167 in
1352 2101 1416 2169 line
1437 2101 1498 2167 sub

337 2217 456 2301 intulit,
483 2219 566 2302 quod
590 2239 770 2284 cormeum
796 2218 890 2284 altius
913 2217 1091 2284 momordit
1138 2218 1255 2286 Aiebat
1276 2219 1373 2301 enim,
1403 2237 1498 2284 suren·

337 2332 402 2398 lum
420 2332 536 2398 diaboli
559 2335 664 2398 neseio
688 2335 727 2399 de
750 2335 838 2399 euius
861 2334 1019 2420 plantario
1043 2333 1075 2397 in
1098 2339 1186 2400 terra
1204 2333 1264 2400 bae
1281 2335 1455 2400 surrexisse
1473 2337 1499 2397 st

337 2449 401 2514 iam
425 2453 461 2513 ut
483 2468 594 2516 oanoer
610 2450 705 2515 latius
729 2470 872 2537 serpere3
896 2449 1031 2516 seilicet:
1056 2451 1140 2534 quod
1164 2454 1353 2535 potestatem
1370 2449 1499 2517 solvendi

338 2564 397 2631 soli
422 2566 526 2631 sortiti
548 2566 612 2631 sint
635 2566 785 2653 episcopi,
810 2574 843 2631 et
865 2566 904 2631 ab
929 2564 987 2631 hae
1009 2566 1189 2633 sacerdotes
1211 2567 1352 2632 existant
1375 2565 1473 2632 alieni.

428 2680 595 2747 Omalum
620 2680 783 2765 originale,
808 2701 826 2745 o
850 2682 940 2747 radix
964 2684 1097 2767 peecati,
1126 2701 1144 2746 o
1167 2683 1393 2748 conterendum
1418 2685 1501 2767 eaput

338 2792 485 2879 eolubri³,
510 2816 606 2879 onon
630 2796 805 2863 audiendus
828 2796 956 2862 sibilus·
980 2799 1150 2885 serpentis!
1188 2796 1271 2864 Eece
1294 2796 1502 2884 serpensille,

339 2913 394 2997 qui
417 2913 513 2979 stanti
538 2912 640 2977 adhue
662 2912 780 2977 homini
805 2912 838 2976 in
862 2911 1009 2999 paradiso
1033 2914 1190 2997 suggessit
1213 2917 1248 2979 ut
1270 2913 1413 2997 caderet,
1440 2918 1504 3000 post

338 3026 463 3113 lapsum
495 3048 552 3112 per
580 3027 716 3110 gratiam
753 3028 947 3094 resuscitatis
983 3028 1143 3113 insibilat,
1180 3035 1215 3094 ut
1249 3030 1364 3095 iterum
1399 3029 1504 3096 eadent

339 3142 478 3229 spontel.
520 3142 666 3208 Evomite
689 3162 763 3225 ergo
786 3162 942 3209 venenum
966 3144 1099 3228 diaboli,
1123 3145 1150 3210 si
1174 3146 1227 3229 qui
1250 3144 1376 3211 bibistis
1399 3143 1503 3228 ignari

340 3256 402 3324 Sed
431 3264 587 3325 tumorem
615 3258 708 3324 huius
738 3257 875 3324 uulneris
903 3258 992 3344 prius
1021 3260 1113 3343 quasi
1139 3260 1288 3326 fomentis
1324 3260 1504 3346 quibusdam

340 3374 587 3455 argumentando
603 3374 789 3439 conabimur
804 3374 926 3440 mollire
942 3381 974 3441 et
989 3394 1063 3440 mox
1088 3375 1332 3461 postulantibus,
1356 3396 1417 3461 que
1434 3375 1504 3441 late·

339 3489 425 3572 bant,
450 3491 583 3574 aperire.

429 3605 530 3683 Quesu
561 3605 715 3691 primum,
744 3604 875 3688 fratres,
905 3604 994 3671 euius
1022 3605 1149 3689 visorii,
1177 3606 1265 3672 ouius
1293 3612 1504 3693 cooperatores

340 3720 438 3785 estis?
474 3720 508 3785 Si
530 3718 658 3803 Christi,
682 3719 781 3783 immo
804 3720 880 3803 quia
901 3738 975 3787 rere
997 3720 1116 3787 Christi
1139 3726 1172 3788 et
1193 3721 1253 3789 Dei
1268 3756 1308 3769 -·
1328 3721 1403 3807 quis
1421 3720 1503 3787 Chri·

340 3841 407 3902 stus
432 3840 480 3901 est
494 3834 591 3918 Deus,
616 3835 655 3900 de
671 3832 738 3899 Deo
755 3840 861 3900 autem
882 3836 1035 3921 seriptum
1051 3845 1115 3905 est:
1138 3838 1214 3923 quia
1228 3840 1388 3905 Dominae
1400 3837 1502 3902 morti·

331 3953 412 4035 ficot
434 3964 462 4017 ea
476 3945 627 4035 rufoafloot⁴
644 3990 687 3999 -
704 3970 778 4033 ergo
801 3955 834 4017 et
847 3950 947 4036 robis,
970 3957 1108 4037 utputo,
1131 3953 1213 4020 hane
1232 3960 1420 4042 potestatem
1435 3968 1501 4016 eon·

339 4066 428 4150 tulit,
457 4086 535 4150 quos
559 4085 665 4133 seeum
688 4066 887 4152 cooperarius
913 4067 1110 4151 insinuem,
1139 4088 1296 4137 messores
1317 4070 1351 4137 in
1376 4081 1499 4135 messem

413 4248 433 4279 a.
458 4249 485 4280 ex
501 4234 582 4281 oral'.
675 4235 698 4280 b.
723 4236 742 4281 si
759 4232 801 4281 ΓΖ.
896 4248 915 4281 a
940 4233 1028 4294 sybilus
1044 4224 1070 4281 Ζ,
1164 4236 1187 4282 d.
1211 4238 1293 4285 aas.

412 4338 436 4391 1.
457 4336 579 4393 Terentii
597 4338 723 4393 Heauton
746 4339 944 4395 timorumenos
961 4339 975 4393 Ι
995 4341 1023 4408 l,
1042 4340 1085 4395 25.
1255 4343 1282 4396 2.
1306 4340 1400 4411 pres
1412 4338 1440 4404 2,
1459 4332 1495 4387 14·

341 4424 366 4477 3.
387 4422 428 4479 Cf.
443 4424 525 4479 Eeoli.
540 4427 582 4495 25,
602 4427 645 4480 22.
734 4428 760 4481 4.
781 4426 877 4497 lReg.
891 4430 916 4497 2,
935 4430 960 4482 6.
