3142 4850
285 310 351 374 684
564 324 686 374 nsosrs
708 327 788 381 vrrs
813 324 968 373 ormms.
1002 324 1067 373 ms.
1084 324 1123 372 111
1144 322 1179 374 ns

198 496 266 555 nnn
374 480 535 572 Sed'quia
556 486 655 553 bonos
683 480 809 571 sempor
831 486 1012 551 insecuntur
1034 482 1109 549 mali
1132 488 1179 565 et,
1208 488 1244 549 nt
1258 482 1371 548 isaias
1395 484 1455 565 ait,

287 604 359 687 qui·
373 606 499 668 recessit
512 627 533 667 a
548 603 643 683 malo,
666 604 763 689 prede
782 594 914 687 patait²‚
938 594 1091 665 Rutheni¹
1111 597 1273 683 paganicis
1293 597 1459 665 amoribus

286 714 389 783 adhuc
402 716 527 799 irretiti,
544 713 652 782 andita
665 716 889 783 stetinensium
906 714 1117 796 conversione,
1135 713 1272 795 graviter
1287 706 1459 796 ihdignati,

287 827 372 915 quod
394 832 461 896 sine
481 841 625 916 respectu
642 837 675 897 et
688 829 838 897 consiliol
854 850 972 913 eornm,
995 830 1096 916 ydolis
1118 830 1348 912 renunciantes,
1372 827 1461 894 chri·

287 945 425 1011 stianam
447 945 606 1011 subissent
626 946 738 1029 legem,
762 944 844 1011 bello
861 964 913 1011 eos
936 944 1089 1011 lacessere
1105 945 1196 1011 veriti
1215 962 1278 1010 non
1293 949 1377 1009 sunit.
1413 942 1463 1008 Et

287 1060 462 1153 coadunato
484 1062 596 1142 mandi
619 1061 770 1143 sancitu,
793 1060 880 1144 ripas
899 1058 1038 1125 fluminis
1054 1060 1207 1143 obsident,
1232 1061 1329 1127 aciem
1353 1060 1464 1125 horri-

286 1194 364 1241 sono
393 1194 551 1241 armorum
582 1182 737 1261 apparatu
765 1176 951 1241 instructam
975 1178 1118 1240 metuunt
1145 1180 1191 1257 et,
1219 1174 1274 1241 ubi
1302 1176 1345 1241 sit
1367 1174 1464 1241 Deus

287 1308 396 1355 eornm
418 1289 468 1355 vel
491 1292 518 1355 si
540 1291 759 1356 insonantibus
781 1310 817 1356 se
838 1306 1020 1355 succurrere
1043 1290 1158 1375 possit,
1184 1290 1295 1357 insano
1318 1289 1465 1356 clamore

287 1405 483 1491 perquirunt.
527 1404 576 1472 llli
604 1410 725 1488 annm,
753 1403 903 1470 vexillum
933 1404 1089 1471 dominice
1117 1405 1217 1471 crucis
1250 1406 1464 1491 proferentes,

159 1512 168 1533 '
287 1520 391 1606 primo
404 1520 525 1606 impetn
540 1540 594 1586 eos
608 1522 640 1585 in
655 1521 762 1603 fugam
786 1517 976 1604 propellunt
1067 1518 1218 1604 Sequenti
1233 1519 1466 1587 nichilominus

287 1634 340 1701 die
361 1635 449 1701 velut
470 1654 563 1701 mnes
586 1636 713 1718 reversi,
737 1636 850 1700 iterum
875 1632 1055 1700 christianis
1077 1634 1193 1701 bellum
1217 1634 1372 1716 indicunt3
1401 1636 1466 1701 sed

288 1750 396 1816 eodem
421 1750 513 1815 modo
529 1751 605 1817 victi
626 1749 803 1834 etoonfusi,
828 1755 917 1833 terga
932 1754 1066 1817 vomunt.
1159 1750 1269 1816 Tercia
1283 1749 1333 1816 die
1357 1770 1467 1835 usque

288 1866 330 1931 ad
350 1865 595 1932 internecionem
619 1864 724 1948 deleti,
748 1864 942 1931 exclamant:
966 1863 1069 1931 Deum
1092 1865 1333 1932 christianornm
1356 1866 1467 1932 invic-

287 1986 355 2045 tum
378 2000 462 2062 osse3
486 1985 520 2047 et
541 1981 570 2045 si
592 1984 775 2066 parceretur
790 1980 846 2063 eis,
869 1998 1068 2063 nequaquam
1091 1980 1223 2048 ulterius
1245 1986 1363 2047 temne
1380 1981 1468 2065 quid

289 2099 423 2163 acturos.
469 2094 606 2179 Moxque
632 2095 835 2181 paroentibus
863 2093 1043 2161 christianis
1071 2095 1209 2181 dimissi,
1244 2116 1314 2163 cnm
1343 2096 1469 2166 bmcrn

288 2231 404 2294 magno
432 2215 465 2277 et
491 2211 672 2276 confusione
699 2212 732 2275 in
759 2229 819 2275 sua
846 2209 961 2292 singuli
991 2211 1219 2293 regrediuntur.
1314 2210 1469 2280 Antiates

289 2331 393 2393 autem
409 2326 549 2409 Domini,
572 2324 655 2391 bona
676 2320 735 2411 pro
749 2324 842 2391 malis
864 2324 996 2391 reddero
1019 2331 1176 2410 satagens,
1200 2324 1324 2393 eosdem
1340 2325 1471 2394 liuthe-

287 2461 362 2527 nos,
386 2443 440 2525 qui
462 2441 584 2526 plebem
609 2441 710 2507 adhuc
731 2439 765 2506 in
788 2440 850 2508 fide
872 2442 1054 2528 neophitum
1078 2442 1159 2509 bello
1182 2444 1309 2510 turbare
1329 2463 1395 2509 non
1423 2445 1471 2510 ti-

288 2562 450 2640 muerant,
477 2557 657 2623 christianis
678 2556 800 2639 legibus
824 2557 965 2624 imbuero
988 2558 1196 2625 desiderabat
1232 2559 1276 2625 At
1297 2557 1344 2624 illi
1366 2558 1472 2626 indn-

288 2678 360 2740 rate
387 2673 491 2740 honte
518 2673 625 2757 sepius
652 2673 682 2736 ei
709 2691 768 2758 per
789 2672 910 2756 legatos
938 2693 1012 2740 snos
1035 2673 1281 2740 denunciabant:
1310 2675 1404 2759 qnia,
1441 2677 1473 2743 si

286 2790 357 2875 ipse
372 2789 422 2854 vel
438 2789 602 2872 quisquam
618 2805 745 2852 suornm
760 2786 840 2854 fines
855 2783 1027 2854 Ruthenis⁸
1042 2788 1225 2874 predicandi
1248 2790 1351 2872 gratia
1370 2789 1473 2858 adire

288 2908 494 2990 presumeret,
518 2903 586 2967 sine
601 2902 862 2992 moracapitibns
879 2904 1052 2990 amputatis
1076 2904 1116 2970 ad
1132 2903 1333 2970 lacerandum
1350 2902 1474 2973 bestiis

289 3019 530 3105 exponerentur.
570 3016 633 3082 Sed
655 3024 692 3082 ut
713 3017 868 3103 scriptum
892 3027 954 3086 est:
984 3022 1090 3086 Iustus
1114 3025 1210 3106 quasi
1236 3021 1282 3085 leo
1305 3021 1475 3102 confidem

289 3138 405 3220 absque
419 3137 530 3200 amore
544 3128 629 3213 Μ’,
654 3133 817 3218 piissimus
841 3138 932 3220 pater
948 3134 1046 3201 alacri
1065 3133 1245 3201 devocionis
1265 3135 1392 3200 fervore
1419 3157 1476 3203 se-

288 3267 362 3316 men
387 3246 460 3314 fidei
483 3247 635 3312 Ruthenis
664 3267 814 3333 spargere
838 3249 1041 3335 disponebat,
1069 3269 1133 3315 non
1155 3251 1275 3315 veritus
1302 3250 1477 3320 incredule

290 3365 393 3448 genna
421 3362 560 3448 experiri
585 3362 743 3428 feritatem
751 3375 771 3427 ·.
812 3363 948 3429 Amator
970 3365 1055 3429 enim
1078 3363 1197 3430 Christi
1223 3365 1477 3435 ardentissimus

291 3478 413 3544 dulcem
443 3479 540 3544 vitam
569 3497 626 3563 pro
656 3477 838 3544 dulcissimo
861 3478 932 3544 lesu
961 3479 1094 3548 fundere
1123 3481 1188 3546 iam
1217 3481 1292 3548 olim
1321 3481 1477 3550 siciebat.

291 3593 432 3659 Audiens
447 3611 520 3658 vero
544 3591 814 3679 archiepiscopum
830 3592 1022 3679 nanomm‘,
1047 3596 1101 3680 qui
1125 3595 1348 3664 dominabatur
1369 3617 1479 3686 snper

292 3729 360 3792 eos,
390 3706 491 3774 edicto
520 3707 627 3772 domni
656 3708 820 3793 apostolici
849 3709 1082 3794 predicatorem
1109 3711 1156 3778 eis
1179 3713 1349 3794 directum,
1378 3715 1478 3781 nullo

291 3823 384 3887 modo
400 3821 468 3888 sine
482 3840 637 3888 consensu
651 3827 684 3887 et
698 3822 860 3890 voluntate
876 3825 944 3891 eius
960 3826 993 3890 id
1008 3827 1167 3908 agendum
1183 3828 1314 3895 musula
1374 3825 1480 3898 Unde

291 3935 428 4019 legatum
451 3936 576 4003 fidelem
590 3936 748 4002 Irarum*
765 3940 894 4004 nomine
908 3938 1071 4006 Dacorum
1097 3941 1239 4028 pontifici
1262 3941 1390 4026 direxit,
1418 3947 1479 4029 qui

292 4051 424 4117 sollicite
446 4051 661 4135 investigaret,
684 4052 711 4117 si
734 4051 825 4118 iuxta
843 4054 1031 4121 mandatum
1048 4057 1213 4143 apostolici
1228 4057 1382 4124 Ruthenis
1401 4079 1478 4128 vcr-

365 4230 386 4261 a.
410 4217 490 4275 queo.
560 4219 582 4263 h.
604 4219 750 4264 consistorum
763 4218 787 4266 C.
859 4235 878 4268 c.
901 4222 1056 4270 reriulemt'.
1124 4224 1147 4270 d.
1163 4223 1274 4271 Yrranum
1288 4223 1312 4282 0,
1329 4225 1433 4274 lanum
1447 4229 1477 4276 L

366 4318 389 4370 1.
407 4319 574 4388 lsai.59,15.
646 4322 671 4374 2.
690 4323 1041 4392 incolaeRugiaeinsulae.
1114 4329 1140 4382 3.
1160 4328 1276 4398 Regiae.
1343 4329 1370 4384 4.
1389 4329 1476 4387 Prnv.

294 4402 337 4468 28,
353 4403 375 4456 l.
463 4408 489 4459 b.
509 4408 641 4463 Asoemm
661 4408 896 4480 archiepiscopum
915 4413 1101 4470 Lundensem.
