3142 4850
481 317 647 366 nnannrcr
668 317 796 366 conns.
830 315 865 365 aa
1195 298 1259 364 165

86 483 194 542 contra
222 477 402 543 sanctiones
430 477 597 543 canonicas
625 483 658 542 et
680 474 922 542 consuetudines
949 474 1177 542 ecclesiasticas
1205 495 1259 542 ex·
1296 486 1367 540 1094

86 591 257 658 turbatust
291 591 400 678 Neque
424 593 508 659 enim
530 591 630 676 licuit,
653 595 832 677 susceptam
848 589 946 657 semel
967 590 1050 656 iuste
1065 596 1097 656 et
1111 591 1260 658 canonice
1277 557 1387 618 “M

86 727 142 792 pro
176 707 370 793 apostolicae
406 708 491 774 sedis
520 707 698 774 obedientia
731 705 934 773 electionemb
967 705 1036 772 sine
1069 705 1260 791 apostolicae

88 822 167 888 sedis
189 823 322 890 licentia
342 823 394 890 vel
416 823 625 909 permissione
647 821 800 888 deserere.
893 820 1045 907 Respexit
1073 825 1181 888 mmen
1203 841 1259 887 vos

87 957 243 1024 supernae
265 939 478 1005 miserationis
501 939 652 1022 dignatio,
676 957 748 1004 oum
772 958 844 1004 eum
867 936 908 1003 ad
929 940 1110 1002 sanctorum
1134 941 1260 1023 aposto·

87 1052 187 1119 lorum
209 1053 325 1120 limina
347 1058 379 1120 et
400 1055 442 1120 ad
465 1054 677 1140 praesentiam
700 1057 842 1119 nostram
864 1052 973 1118 venire
995 1053 1158 1119 concessit.

171 1168 242 1235 Nos
264 1170 371 1253 igitur,
395 1169 508 1254 quibus
531 1168 605 1235 licet
626 1168 764 1251 indignis
788 1188 846 1253 pro
870 1167 1084 1253 apostolorum
1107 1167 1260 1255 principis

87 1283 151 1349 vice
181 1303 220 1350 ac
249 1285 318 1351 loco
348 1291 531 1351 cunctarum
561 1304 618 1369 per
645 1284 752 1350 orbem
781 1282 1002 1350 ecclesiarum⁰
1026 1303 1102 1350 cura
1130 1303 1167 1350 ac
1196 1285 1261 1350 dis-

87 1399 200 1484 positio
231 1399 389 1466 cemitur‘¹
415 1399 581 1482 inminere,
610 1398 710 1484 ipsius
738 1398 923 1465 electionem
949 1399 1065 1464 iusttm
1092 1404 1186 1484 atque
1209 1420 1260 1465 ca·

88 1515 234 1582 nonicam
261 1520 484 1598 cognoscentes
511 1551 553 1560 -
582 1515 821 1601 praesentisque
849 1513 1002 1600 temporis
1028 1512 1260 1599 necessitatem,

89 1630 187 1714 quod'
216 1650 238 1695 a
265 1630 389 1697 sancta‘
416 1629 602 1714 Mogontina
637 1629 711 1696 sedo
746 1630 906 1715 accipere⁸
933 1631 1200 1696 consecrationem
1227 1631 1261 1696 in

88 1749 175 1811 unta
208 1746 462 1812 scismaticorum
489 1749 678 1832 tempestate
705 1763 768 1810 non
802 1751 924 1831 posset,
959 1745 1194 1811 considerantes
1219 1781 1259 1792 —

89 1879 156 1926 eom
179 1861 216 1926 in
242 1860 348 1947 prima
369 1861 564 1946 primoruml
588 1859 802 1946 apostolorum
830 1860 984 1947 principis
1007 1860 1082 1926 sede
1104 1867 1262 1928 annuente

88 1974 226 2042 Domino
250 1977 512 2042 consecravimus.
552 1975 777 2041 consecratum
806 1975 925 2041 advos
948 1995 1018 2041 cum
1048 1975 1261 2061 praesentium

88 2089 267 2157 litterarum
290 2091 562 2157 commendatione
584 2091 784 2158 remittimus.
877 2089 940 2156 Vos
962 2091 1085 2176 itaque,
1115 2093 1263 2176 antiquae

89 2203 159 2272 fidei
187 2211 222 2272 et
248 2206 445 2272 obedientiae
472 2226 644 2292 memores,
673 2210 762 2272 tanto
793 2227 864 2272 eum
887 2206 1030 2272 devotius
1055 2205 1263 2292 alacriusque*

90 2321 255 2408 suscipite,
291 2327 408 2406 quanto
438 2320 574 2407 amplios
604 2339 659 2386 vos
689 2327 814 2389 vestrae
842 2321 954 2388 salutis
982 2325 1015 2388 et
1041 2319 1114 2388 fidei
1141 2329 1263 2389 vestrae

92 2436 282 2522 apostolicae
304 2437 471 2503 ecclesiaek
494 2437 651 2504 debitores
676 2456 744 2504 esse
767 2438 964 2522 cognoscitis.
1004 2437 1138 2503 Sanctae
1166 2438 1264 2523 siqui·

92 2552 159 2619 dem
182 2553 356 2619 memoriae
378 2558 485 2619 noster
508 2553 541 2618 in
564 2553 638 2619 sede
654 2553 829 2639 apostolico
850 2552 1073 2640 praedecessor
1093 2552 1264 2637 Gregorius

93 2669 244 2735 morandus
251 2669 268 2753 ¹,
291 2668 428 2755 primum
445 2674 568 2735 vestrae
588 2668 691 2752 gentis
708 2668 979 2755 archiepiscopum
1001 2668 1154 2735 beatum*a
1168 2667 1264 2735 Boni-

91 2784 204 2851 isdum
234 2784 332 2871 pallio
370 2784 490 2849 donans
519 2790 575 2850 etnn
604 2784 681 2851 vicis
716 2804 792 2850 suae
827 2784 1014 2851 auctoritate
1045 2784 1263 2868 corroborans,

93 2906 213 2967 vestrae
236 2900 397 2983 religionis
425 2900 578 2966 instruxit
600 2897 756 2965 ecelesias.
795 2898 840 2965 Et
860 2919 918 2965 nos
940 2899 1053 2983 igitur,
1082 2898 1263 2964 diuturnam

93 3020 214 3081 vestrae
236 3015 388 3083 ecclesiae
410 3014 636 3081 desolationem
660 3034 718 3101 pro
740 3012 842 3080 nostri
865 3012 978 3081 officii·
1001 3013 1106 3081 debito
1129 3034 1264 3100 perpen-

95 3128 216 3214 dentes,
251 3130 336 3197 hunc
371 3131 412 3197 ad
440 3150 495 3196 vos
531 3130 642 3196 salutis
674 3134 799 3197 vestrae
832 3130 998 3213 dirigimus
1030 3130 1263 3197 instructorem.

95 3244 209 3322 Quem⁰
240 3264 297 3311 vos
331 3266 368 3312 eo
401 3247 596 3313 reverentius
631 3246 791 3331 suscipere
825 3252 858 3311 et
890 3244 1086 3312 obedientius
1119 3246 1266 3313 convenit

97 3362 257 3446 exaudire,
288 3382 349 3446 quo
373 3382 444 3429 enm
468 3362 600 3448 abipso
628 3358 702 3427 fidei
728 3366 760 3427 et
783 3359 893 3427 solutis
923 3364 1048 3426 vestrae
1073 3362 1161 3427 fonte
1190 3380 1264 3428 con·

98 3477 214 3561 spicitis
230 3478 431 3544 destinatum.
467 3478 618 3544 Omnem*
634 3479 750 3560 autem
774 3477 916 3561 quicum
936 3481 973 3541 nt
988 3482 1148 3562 pastorem
1171 3496 1264 3543 sunm

98 3590 198 3658 debito
219 3592 338 3659 honore
362 3598 456 3678 atquc
479 3592 642 3660 affectione
665 3592 859 3676 tractaverit,
881 3611 939 3658 nos
963 3593 1187 3677 omnipotentis
1203 3591 1265 3659 Dei

100 3710 131 3771 et
144 3708 354 3794 apostolorum
369 3710 437 3775 eius
454 3707 671 3776 benedictione
686 3708 849 3773 donamus.
884 3706 945 3785 Qui
962 3726 1034 3774 vero
1049 3707 1123 3775 huic
1137 3713 1264 3775 nocuae

100 3824 310 3890 comtitutioni
332 3823 455 3891 obviam
479 3825 526 3891 ire
548 3824 766 3910 temptaverit,
791 3822 920 3890 clericos
943 3822 1070 3909 quidem
1094 3844 1114 3889 a
1135 3822 1265 3890 clerica-

100 3942 149 4003 tos
170 3938 270 4006 officio
293 3958 508 4024 removemus,
536 3940 626 4006 laicis
649 3942 753 4006 nutem
781 3938 902 4021 gratim
925 3939 1115 4025 apostolicae
1138 3958 1264 4005 consor-

101 4051 174 4119 tium
195 4055 422 4122 interdicimus.

165 4200 185 4233 ι.
208 4188 358 4235 conturbatus
371 4188 394 4234 V.
484 4188 507 4235 b.
533 4188 644 4235 electione
657 4187 701 4233 VZ.
794 4200 814 4234 c.
838 4190 949 4235 terrarum
962 4188 985 4235 V.
1070 4187 1094 4233 d.
1116 4189 1223 4234 cernatur
1237 4186 1265 4234 G.

105 4278 124 4309 e.
144 4268 179 4325 qui
194 4266 221 4314 G.
300 4266 317 4313 i.
343 4282 386 4312 om.
400 4266 442 4313 Va.
509 4282 530 4326 g.
555 4268 671 4327 suscipere
689 4266 715 4312 G.
788 4265 812 4311 b.
835 4268 958 4325 primarum
972 4266 1015 4313 ΡΖ.
1085 4267 1101 4313 l.
1125 4267 1223 4314 alacrius
1238 4266 1265 4313 θ.

104 4341 127 4387 k
146 4346 192 4392 sedi
207 4344 233 4392 G.
314 4345 331 4392 l.
356 4346 476 4393 monadum
491 4347 517 4394 G.
600 4360 629 4393 m.
653 4360 695 4393 ona
709 4346 736 4393 0.
819 4360 842 4391 n.
867 4346 943 4393 officio
958 4344 985 4392 G.
1064 4358 1086 4391 o.
1110 4345 1265 4402 Quem-in·

105 4424 273 4485 convulsumque
290 4426 423 4485 permaneat
437 4438 478 4472 cin.
491 4424 518 4474 (l.
594 4440 617 4487 p.
643 4425 720 4473 Omnis
734 4426 777 4473 ΡΖ.
