3142 4850
460 297 775 348 nuanmc1oonux.
815 297 866 348 rao
1184 283 1251 349 Μ

97 451 288 535 Hiiifflfflm)
311 475 412 539 nequo
435 456 501 522 eine
524 477 656 540 regnum
680 457 720 523 de
743 457 932 524 investitura
957 459 1194 544 apiaoopatuum
1218 464 1252 526 et
1280 474 1348 529 1111

97 567 294 651 abbatiarum
322 589 423 655 neque
447 569 485 637 do
513 571 631 639 iniuria
654 572 714 639 eibi
745 571 835 638 illata
857 578 890 638 et
911 572 977 638 euia
999 573 1033 638 in
1059 593 1196 660 perrona
1219 580 1252 640 et
1268 549 1363 607 ΑΜ

97 681 184 765 bonie;
206 703 309 768 neque
332 684 460 770 aliquod
481 685 599 758 malum
622 687 734 754 reddet
756 687 818 753 eibi
833 686 885 753 vel
908 687 1001 754 alicui
1023 707 1177 774 perronae
1191 709 1251 775 pro

94 795 143 864 hac
162 817 269 882 cauam
294 805 327 866 et
348 801 473 886 penitae
495 801 530 868 in
545 822 714 888 personam
736 801 821 885 regie
836 801 979 870 Heinrici
997 823 1158 888 nunquam
1174 824 1252 870 ana·

94 911 184 980 thema
206 921 312 1000 ponet
348 913 413 982 Nec
436 917 612 984 remanebit
625 918 659 983 in
675 917 791 984 domno
806 937 903 1004 papa,
926 919 1003 1003 quin
1023 924 1153 985 coronet
1168 939 1251 1003 eum,

93 1027 162 1094 sicut
182 1030 216 1094 in
239 1030 349 1096 ordine
375 1031 562 1099 continetur.
603 1031 646 1099 Et
674 1052 806 1116 rognum
831 1037 863 1098 et
889 1033 1058 1118 imperium
1083 1031 1178 1099 officii
1201 1034 1251 1099 ani

93 1143 195 1210 auxilio
218 1165 291 1212 eum
315 1151 422 1212 tenere
444 1146 607 1214 adiuvabit
629 1168 687 1234 pro
710 1167 804 1234 poeee
826 1167 893 1214 auo.
927 1145 972 1212 Et
992 1146 1051 1214 hec
1066 1149 1173 1214 omnia
1195 1148 1251 1214 ad·

91 1257 223 1344 implebit
244 1261 378 1328 domnne
401 1281 486 1348 papa
508 1263 576 1328 eine
598 1261 709 1328 fraude
732 1269 764 1330 et
786 1263 870 1328 malo
891 1261 1051 1344 ingenio

90 1389 282 1460 istasunt
310 1395 465 1462 uomina
494 1396 770 1482 episcoporum
800 1401 839 1461 et
869 1393 1151 1477 cardinalium,
1183 1395 1250 1479 qui

90 1525 128 1572 ex
160 1515 376 1596 praecepto
409 1511 543 1576 domni
584 1509 801 1595 apostolici
835 1509 1077 1591 Ptenchalie)
1117 1529 1250 1576 eucra-

88 1627 220 1708 uonto,
252 1625 353 1708 qnod
381 1627 561 1710 superine
588 1625 879 1710 scriptumest,
911 1625 1252 1691 confirmaverunt

89 1737 297 1805 amiciciam
329 1744 366 1806 et
396 1739 655 1827 privilegium
684 1739 821 1806 domno
850 1740 1086 1825 imperatori
1110 1739 1251 1820 Htcin-

607 1854 724 1935 rico).

165 1967 279 2036 Patrne
302 1968 485 2036 Portueneis
508 1969 686 2055 epiecopus,
709 1967 840 2036 Contine
856 1967 1051 2037 Sabinieneie
1073 1970 1250 2055 epiecopus,

86 2079 272 2150 Rddbcrtue·
296 2084 465 2176 cardinalia
488 2085 590 2151 eancti
605 2084 745 2168 Euaobii,
767 2083 948 2152 Bonifaciue
963 2083 1132 2152 cardinalis
1149 2085 1252 2150 eancd

25 2175 26 2192 ¹
85 2195 183 2285 Marci,
206 2201 400 2267 Anastasius
422 2200 592 2266 cardinalia
614 2200 716 2266 sancti
740 2197 927 2283 Clementia,
955 2197 1126 2282 Gregorius
1148 2200 1252 2266 cardi·

86 2313 158 2380 nulia
179 2321 362 2382 sauctorum
390 2316 620 2402 apostolorum
649 2315 726 2381 item
750 2313 1119 2414 Gregoriuecoardinalie
1148 2315 1251 2381 sancti

86 2427 275 2517 Chrieogcni,
299 2432 454 2499 lohannes
476 2431 646 2498 cardinalia
670 2436 798 2498 sanctae
817 2430 1033 2513 Potentiam,
1056 2430 1159 2515 Ryeue
1181 2450 1251 2497 car-

85 2542 189 2612 dinalia
216 2546 342 2613 sancti*
366 2546 544 2632 Laurentii,
577 2546 730 2613 Rainerue
759 2544 929 2611 cardinalia
956 2551 1136 2611 sanctorum
1167 2542 1251 2611 Mar·

86 2659 179 2727 elfini
202 2668 236 2729 et
258 2662 357 2747 Petri,
384 2662 495 2729 Vitalia
517 2661 687 2729 cardinalia
710 2667 838 2727 senone
860 2658 1022 2744 Belbinae,
1045 2659 1160 2726 Divino
1183 2678 1251 2726 oar-

85 2773 189 2843 dinalis
213 2778 319 2845 sancti
340 2776 486 2861 Martini,
514 2776 703 2863 Dietpaldue
726 2775 896 2843 cardinalia
919 2775 1067 2841 iohannis
1095 2781 1129 2841 et
1148 2774 1250 2859 Pauli,
1310 2864 1314 2869 .

84 2886 228 2961 lohannes
253 2894 405 2961 diaconus
429 2898 557 2961 sanctae
579 2892 699 2959 Mariae
721 2892 756 2957 in
778 2890 865 2959 eccla
887 2890 998 2975 Greca,
1020 2890 1084 2957 Leo
1098 2890 1249 2957 diaconus

86 3010 176 3074 tancti
200 3008 328 3093 vitalia,
350 3009 433 3075 Aldo
456 3009 607 3077 diaconus
631 3014 811 3075 sanctorum
836 3005 939 3091 Sergii
962 3014 994 3074 et
1016 3006 1123 3073 Bach’c

162 3160 233 3225 Hac
261 3160 470 3225 conventione
491 3158 635 3245 expleta·
658 3163 691 3224 et
716 3157 952 3244 praedictorum
974 3158 1195 3243 episcoporum
1218 3160 1251 3222 et

85 3273 287 3341 cardinalium
321 3280 518 3341 sacramento
552 3272 739 3341 confirmata
772 3279 806 3339 et
834 3273 942 3339 osculo
976 3273 1136 3355 utrimque
1163 3270 1250 3354 dato,

86 3384 208 3456 domnus
232 3409 321 3477 papa
341 3390 527 3471 P(aechalie)
551 3390 728 3473 insequenti
751 3388 818 3471 dio,
841 3387 961 3454 ecilicet
983 3388 1005 3451 2
1029 3386 1102 3453 idue
1117 3385 1249 3470 Aprilis,
1267 3404 1322 3465 apr.
1333 3406 1364 3451 ιι

85 3503 313 3592 collcmpniter‘¹
337 3506 466 3573 misaam
491 3505 681 3571 dominicam
705 3505 809 3585 Queat·
829 3504 922 3568 modo
942 3506 1044 3587 omiti
1069 3500 1249 3567 celebravit

85 3614 196 3705 lnqua
218 3656 263 3667 -
286 3621 632 3707 postcommunionem
657 3638 748 3685 enam
771 3624 805 3685 et
830 3617 1047 3683 ministrorum
1076 3616 1186 3682 altaria
1206 3650 1249 3663 -

86 3731 189 3800 domuc
205 3736 385 3817 H(einric0)
407 3736 592 3823 imperatori
615 3754 730 3820 corpus
753 3738 786 3800 et
805 3733 991 3817 sanguinem
1006 3731 1127 3797 domini
1148 3732 1250 3797 noetui

86 3844 148 3915 leun
167 3850 289 3918 Christi
314 3850 402 3917 dedit
422 3852 456 3917 in
482 3850 540 3917 hec
560 3850 673 3917 verba:
702 3850 773 3916 Hoc
795 3852 987 3916 doninicum
1009 3870 1140 3934 corpas,
1165 3849 1251 3931 quod

86 3982 280 4035 meconem
303 3981 384 4035 tecet
406 3968 544 4048 coclerio,
569 3979 679 4033 cetam
701 3988 739 4031 ec
754 3966 865 4031 Mara'c
887 3967 1019 4049 circino,
1044 3963 1194 4027 elecem
1215 3964 1251 4026 ia

86 4102 167 4147 nuce
184 4106 249 4170 pro
265 4084 477 4171 redeuapta‘oae
490 4086 613 4168 concta
629 4082 769 4160 tornaci,
792 4082 904 4145 damea
920 4081 987 4158 troi,
1004 4078 1060 4162 fio·
1074 4078 1249 4155 derisam,

86 4196 355 4264 iuremiaac'onom
382 4211 581 4285 peccatoram
609 4212 735 4264 tuorum
764 4209 794 4263 et
820 4198 856 4261 ic
884 4196 1148 4262 coacervationem
1175 4212 1250 4255 cora·

146 4334 166 4366 ι
189 4308 306 4369 nicam
321 4322 345 4368 ν,
438 4321 460 4369 e.
484 4321 557 4369 men
571 4320 688 4369 nannai
701 4318 820 4365 -vcuce
835 4318 956 4365 warren
971 4316 1052 4364 οιιν.
1144 4329 1165 4363 e.
1187 4326 1250 4361 con·

88 4393 176 4455 pluiuV.
273 4401 399 4448 docaV.

978 4472 1037 4527 18*
