3142 4850
452 331 618 381 unstmor
639 333 768 382 oonsx.
807 332 857 384 les
1177 317 1240 386 111

88 489 213 554 omnibus
235 489 370 555 ecclesiis
394 494 517 574 omnio,
548 515 630 578 qnae
651 508 857 560 antecessores
879 497 944 559 mei
962 517 1049 579 repes
1072 495 1122 559 rel
1142 498 1242 581 impe·
1280 507 1348 564 1111

85 617 190 670 ratores
217 608 261 669 eis
289 620 504 673 concessemus
528 609 579 674 oei
600 611 809 676 tradiderunt.
852 609 896 676 Et
919 631 1000 696 qnae
1027 610 1079 674 iiii
1104 633 1164 696 pro
1187 633 1244 697 spe
1259 579 1365 628 mm

85 732 192 786 sternes
216 722 434 788 retributiones
463 723 639 791 obtulerunt
667 725 754 808 Deo,
786 747 841 810 epo
867 739 1015 812 peccator
1042 747 1102 812 pro
1132 729 1243 792 timore

84 837 217 902 terribilis
240 839 356 904 iudicii
375 839 441 904 ulio
463 841 556 904 modo
578 841 759 906 subtrahere
782 863 899 907 ranno.

157 951 223 1018 Hoc
245 951 372 1020 decreto
394 964 432 1020 s·
446 974 499 1020 me
513 952 595 1021 lecto
611 961 644 1022 st
658 955 848 1041 subscripto,
871 955 950 1042 petii
966 955 1005 1022 ab
1022 975 1069 1039 eo,
1092 961 1138 1040 ut,
1160 956 1242 1022 siout

81 1066 212 1133 incerte
233 1069 450 1136 conventionis
473 1070 541 1136 eius
563 1070 717 1157 seriptum
740 1077 799 1155 est,
822 1071 902 1138 mihi
924 1070 1121 1157 adimpleret

210 1307 289 1375 Hoc
317 1314 377 1376 est
403 1316 514 1377 carta
540 1311 818 1378 conventionis
848 1311 931 1378 eius
960 1311 1006 1376 sd
1033 1331 1098 1376 me.

155 1451 302 1516 Domnns
321 1476 414 1539 papa
431 1457 610 1542 praecipiet
624 1458 780 1542 eprscopis
798 1453 1018 1542 praesentibus
1033 1457 1068 1518 in
1084 1455 1135 1518 die
1150 1475 1239 1518 coro·
1255 1474 1323 1522 Febr.

77 1568 203 1631 nonense
226 1571 321 1653 repre,
346 1582 381 1634 ut
402 1571 562 1635 dimittant
583 1569 706 1656 repulia
728 1573 800 1656 repi
821 1583 849 1636 ct
870 1567 995 1656 repnob,
1021 1592 1103 1655 qnae
1125 1571 1168 1634 ad
1189 1591 1239 1634 re·
1339 1593 1344 1602 ·

75 1703 162 1766 prum
179 1683 382 1768 pertinebant
402 1698 541 1772 tempore
560 1686 677 1751 Karoii
697 1685 864 1750 ludewici
887 1685 1026 1751 Ottonis⁸
1044 1685 1192 1750 Heinrici
1213 1699 1241 1751 et

76 1797 201 1864 oliorum
220 1801 499 1885 praedecessorum
514 1803 589 1866 eins.
624 1801 669 1867 Ei
683 1805 801 1889 scripto
814 1801 960 1886 firmabit
974 1801 1033 1865 sub
1046 1801 1240 1866 anathemate

74 1913 268 1981 esrrctorr'tote‘¹
284 1929 313 1981 et
326 1918 471 1982 iusticia:
490 1939 529 1982 ne
545 1920 632 2004 ques·
648 1940 766 1997 eorum,
782 1920 996 2003 praesentium
1011 1929 1040 1982 et
1055 1917 1238 1999 absentium,

74 2031 117 2094 rei
138 2053 329 2096 successores
357 2054 465 2097 eorum
491 2035 702 2100 intromittant
728 2057 761 2098 se
786 2031 868 2098 cello¹
890 2035 982 2098 modo
1011 2033 1060 2096 oei
1085 2033 1241 2098 invadant

74 2147 170 2211 eodem
191 2148 333 2234 repolia,
362 2150 400 2213 id
421 2161 466 2214 est
488 2151 626 2214 certares
648 2151 781 2214 ducatus
803 2149 961 2214 marcirias
985 2149 1149 2214 comitatus
1171 2170 1238 2212 mo-

73 2273 151 2326 neas
170 2264 349 2328 theloneum
369 2277 541 2330 mucetum
563 2267 762 2344 advocatias,
795 2267 901 2330 omnio
927 2267 1001 2330 iura
1024 2266 1239 2330 cottonianum

74 2385 112 2441 et·
130 2379 326 2460 stiliconem,
357 2393 457 2446 curtes
481 2394 511 2448 et
532 2381 626 2447 villas
649 2403 731 2469 qaae
758 2383 851 2468 repni
879 2393 969 2447 erant
995 2401 1066 2446 enm
1095 2379 1238 2447 omnibus

70 2498 259 2579 pertinentius
277 2499 354 2576 sues,
377 2498 530 2562 miliciam
553 2512 582 2564 et
605 2511 718 2563 castra.
750 2498 819 2563 Nec
840 2501 909 2585 ipse
930 2519 1033 2583 nepem
1056 2509 1085 2561 et
1107 2518 1239 2583 repnum

73 2631 156 2695 super
176 2613 227 2677 bis
251 2613 438 2697 mansuetis
460 2614 602 2695 uberius,
627 2627 656 2679 et
674 2612 861 2701 privilepioh
877 2614 933 2678 sub
952 2612 1147 2679 anatbemote
1163 2634 1237 2677 con-

67 2724 213 2809 firmabis,
247 2727 299 2792 ne'
320 2732 442 2814 posteri
466 2732 643 2815 inquietare
662 2742 877 2816 praesument.
917 2730 1035 2815 Repem
1057 2728 1188 2813 benipne
1210 2740 1239 2795 et

72 2838 229 2926 bonon'fiee
252 2846 403 2930 mmcipiet
424 2858 463 2927 et,
486 2868 573 2910 more
588 2848 868 2932 praedecessorum
891 2848 993 2931 ipsius
1014 2844 1238 2909 catholicorum

72 2960 190 3024 roiam
203 2982 272 3025 non
286 2958 475 3042 subtracto⁸‚
498 2962 670 3027 coronabit.
705 2962 749 3027 Et
764 2963 809 3026 od
824 2963 990 3027 tenendum
1004 2958 1146 3045 repnum'
1168 2982 1238 3025 cnm

71 3070 113 3137 br'e
131 3076 277 3141 omnibus
301 3076 401 3160 officii
421 3080 474 3142 sui
495 3077 617 3142 oonsilio
641 3078 814 3143 adiuvabit.

150 3190 191 3257 st
205 3194 343 3257 domnus
362 3216 453 3279 papa
467 3192 521 3258 beo
535 3196 606 3279 cepi
619 3216 683 3258 non
700 3194 928 3279 adimpleverit,
954 3214 1008 3277 epo
1024 3192 1139 3257 Petrus
1155 3190 1236 3257 Leo·

71 3306 113 3367 nes
132 3308 222 3372 isere:
253 3310 342 3393 quod
369 3331 440 3373 crem
462 3322 528 3375 tota
553 3312 695 3396 potentio
716 3332 787 3374 mea
811 3308 916 3373 tenebo
938 3331 987 3373 me
1015 3308 1059 3373 ad
1089 3310 1238 3373 domnum
1336 3326 1338 3329 ·

72 3439 171 3504 repere.
209 3422 344 3488 Obsides
366 3438 480 3506 amem,
504 3428 571 3490 nesi
592 3426 767 3511 effuperint,
791 3426 956 3489 reddemus
978 3424 1076 3489 altero
1094 3425 1145 3488 die
1162 3436 1239 3509 post

71 3543 295 3604 coronationem
314 3544 414 3625 repis3
437 3545 468 3606 si
483 3564 545 3629 per
565 3564 688 3628 papam
708 3542 895 3606 remanserit
917 3553 952 3605 nt
973 3562 1036 3605 non
1060 3553 1235 3621 coronetur,

71 3651 202 3719 anteo
224 3656 402 3720 rodbernus.
492 3658 557 3722 Die
577 3659 746 3738 dominico,
771 3680 842 3722 cnm
864 3678 921 3721 ree
943 3658 986 3721 od
1006 3658 1237 3741 processionem

71 3772 185 3849 mee,
210 3771 336 3835 obsides
351 3772 433 3837 dabo
452 3770 666 3840 Gratianumnn
674 3774 783 3856 filium
798 3795 911 3852 rreum,
936 3784 963 3837 et
976 3771 1084 3855 filium
1100 3772 1236 3837 Wieonis

65 3880 123 3959 filii
140 3889 218 3951 mei·
242 3886 294 3952 vel
306 3888 416 3972 filium
437 3890 555 3953 sororis
578 3911 675 3972 meae,
697 3891 729 3954 si
749 3910 819 3953 enm
842 3888 954 3953 babere
971 3896 1111 3974 potero⁰.

131 4146 151 4178 s.
173 4148 188 4179 ι
201 4156 224 4165 -
238 4134 299 4181 lesio
315 4136 396 4181 emet
473 4134 496 4181 b.
520 4136 612 4195 regines
628 4136 672 4191 ΡΖ,
689 4148 758 4195 regno
775 4136 822 4181 AD
839 4134 895 4194 (rogi
912 4139 935 4182 ct
951 4150 992 4183 on.
1004 4134 1045 4193 D).
1124 4149 1143 4181 e.
1168 4132 1235 4181 Octo-

72 4204 137 4256 1117.
230 4213 253 4259 d.
278 4214 413 4261 auctoritaie
430 4214 678 4262 disseminandi).
767 4230 787 4261 1.
812 4216 931 4275 quisqusm
948 4217 975 4261 Α.
1065 4214 1080 4261 s.
1104 4214 1236 4261 ullomodo

73 4290 142 4335 Μ,
234 4304 256 4349 g.
280 4294 357 4341 idest
373 4294 425 4340 AD.
519 4292 543 4340 h.
567 4294 710 4355 prIrilegiom
726 4294 770 4341 VZ.
860 4294 876 4340 1.
900 4308 942 4340 nec
958 4294 1002 4341 ΓΖ,
1090 4293 1113 4340 k.
1138 4295 1237 4341 scienter

74 4376 111 4411 Μ
125 4369 238 4417 semaco
254 4372 333 4435 recepi
347 4388 377 4421 cu
386 4374 446 4430 Μὴ
461 4388 504 4421 orn.
515 4373 558 4421 VZ.
630 4373 645 4420 1.
666 4388 709 4421 orn.
718 4375 746 4420 A.
819 4388 848 4421 m.
871 4374 1005 4421 Gratianum
1019 4373 1041 4421 V.
1112 4388 1134 4421 n.
1155 4388 1197 4421 orn.
1206 4374 1236 4420 D.

73 4452 248 4507 &mmA
