3142 4850
438 297 604 346 unanaror
627 297 755 346 consa.
793 294 845 348 roo
1161 282 1227 348 333

152 454 215 538 „Do
229 451 374 540 Pelagio¹
389 477 464 524 vero
487 477 581 544 papa,
605 457 659 542 qui
674 457 736 524 fnit
749 457 945 544 temporibus
959 456 1145 528 Iustiniani·
1167 459 1228 524 im·
1245 473 1389 530 urs-590

76 570 210 655 paratoria
233 576 265 639 et
287 575 466 640 antecessor
489 571 634 656 Gregorii
656 573 831 660 proximus,
854 573 979 658 temtor,
1002 572 1087 659 quod
1109 573 1228 658 absque

75 685 193 754 iussione
220 687 374 776 principis
403 689 447 756 sit
469 689 647 774 ordinatus,
679 709 716 756 eo
738 689 838 773 quod,
867 689 945 756 urbe
969 709 989 755 a
1009 688 1227 774 Longobardis
1272 704 1325 757 sus

75 799 193 886 obsone,
216 803 320 872 nullus
342 805 400 870 ulli
424 805 463 872 ad
486 805 663 892 principem
687 805 791 872 exitus
813 801 975 892 patuit'“.
1247 777 1342 823 ΝΜ

150 919 214 1003 „De
236 919 388 1004 Gregorio
412 941 486 988 vero
509 920 639 1004 legitur:
667 919 767 1005 quod,
792 939 863 986 cum
886 919 1015 1005 Pelagio
1037 921 1184 988 defuncto
1207 933 1299 988 aueo

72 1031 142 1100 clero
169 1041 199 1102 et
225 1041 338 1104 senatu
365 1036 545 1123 populoque
567 1035 709 1103 Romano
737 1021 933 1104 concorditer
957 1037 1071 1104 inisset
1098 1036 1226 1121 electus,

72 1150 135 1235 quia
156 1152 368 1235 generalitatis
392 1152 575 1220 electionem
600 1153 733 1220 evadare
755 1153 915 1237 nequiuit,
943 1172 1169 1220 consensurum
1192 1171 1227 1218 se

69 1266 181 1334 tandem
195 1267 364 1354 aliquando
379 1267 557 1350 simulavit3
581 1275 613 1336 at
629 1269 814 1355 imperatori
829 1267 992 1352 Mauricio,
1015 1269 1105 1335 cuins
1126 1267 1225 1334 lilium

70 1399 102 1448 ex
122 1383 240 1452 lauacro
264 1390 373 1452 sancto
395 1389 592 1472 susceperat,
620 1384 755 1452 latenter
778 1383 903 1452 litteras
925 1384 1112 1469 destinauit,
1137 1383 1226 1450 adin·

69 1515 131 1564 rans
153 1501 296 1567 etmulta
312 1499 403 1568 eurr]l
418 1519 511 1587 prece
527 1500 709 1587 deposcens,
732 1521 773 1568 ne
794 1519 944 1585 nmquam
968 1499 1095 1586 populis
1117 1519 1226 1566 assen-

68 1631 128 1680 sum
148 1615 321 1700 praeberet
363 1615 426 1684 Sed
449 1617 625 1703 praefectus
648 1617 751 1700 urbis,
775 1615 1002 1702 comprehenso
1023 1615 1057 1683 in
1079 1616 1158 1710 ipso·
1172 1615 1226 1680 iti·

67 1747 131 1796 nero
152 1731 217 1798 eins
240 1733 351 1800 nuntio
375 1753 412 1800 ac
426 1733 597 1818 disruptis⁰
615 1732 768 1819 epistolis,
793 1751 980 1798 consensum
1003 1729 1112 1817 populi
1135 1731 1226 1797 iuxta

65 1863 171 1912 morem
187 1849 387 1934 antiquitatis
401 1848 586 1934 imperatori
601 1848 726 1916 direxit
762 1848 808 1914 At
824 1847 888 1932 ille,
911 1847 979 1914 Deo
994 1847 1113 1931 gratias
1129 1867 1225 1930 agens

64 1979 114 2046 pro
134 1963 294 2033 amiciciad
316 1964 450 2048 diaconi,
482 1985 519 2032 eo
542 1964 626 2050 quod
648 1964 751 2032 locum
775 1964 954 2032 deferendi·
976 1963 1007 2030 ei
1028 1963 1167 2047 honoris,
1189 1968 1227 2029 ut

65 2079 202 2164 cupierat,
226 2080 407 2166 reperisset,
430 2080 505 2147 data
521 2082 744 2168 praeceptione
758 2081 865 2168 ipsum
879 2079 1020 2148 ordinari
1035 2074 1224 2166 praecepit⁸.

64 2189 123 2276 Qui,
145 2196 236 2264 iuxta
249 2197 451 2283 imperatoris
466 2196 638 2264 iussionem
653 2197 802 2266 continuo
816 2200 1028 2279 consecratus,
1045 2195 1226 2262 Theotistoe
1242 2211 1329 2272 Sapen

64 2311 152 2375 sorori
173 2312 376 2398 imperatoris
399 2289 585 2399 epistolam⁴
608 2313 809 2401 postmodum
824 2313 963 2400 scripsit,
986 2312 1019 2378 in
1042 2331 1106 2396 qna
1128 2311 1168 2377 da
1190 2331 1226 2378 se
1242 2331 1291 2378 oea

62 2424 121 2509 ipso
142 2428 227 2499 cirea
249 2427 344 2497 linem
366 2430 412 2495 ita
434 2429 613 2497 subiunxit:
637 2432 719 2497 Ecce
738 2434 953 2497 remeamus
968 2432 1101 2497 domnae
1123 2432 1224 2516 impe·

62 2554 139 2609 rator
151 2546 230 2628 fieri
246 2549 372 2613 simiam
388 2546 506 2613 leoaern
520 2550 621 2613 iussit.
656 2547 816 2635 Equidem
834 2570 897 2633 pro
911 2549 1050 2613 imoioae
1064 2546 1153 2611 illiue
1168 2568 1224 2610 uo·

63 2663 122 2724 curi
144 2675 262 2747 potest,
290 2664 369 2747 ficri
394 2677 497 2732 aaron
525 2664 572 2731 leo
598 2686 663 2731 noc
689 2676 800 2750 potest.
847 2662 936 2729 Unde
957 2684 1077 2727 noemae
1100 2674 1160 2742 eet,
1191 2672 1225 2725 ut

61 2795 152 2843 manee
175 2780 289 2866 salpae
310 2804 348 2845 oc
362 2780 567 2865 negligentiae
582 2800 667 2845 meae
682 2802 747 2845 noc
761 2780 842 2845 mffis'
861 2781 918 2845 sed
938 2800 1014 2843 eoae
1034 2778 1148 2865 pietati
1168 2778 1224 2841 de-

55 2904 143 2975 praet,
168 2899 226 2981 qai
249 2898 372 2961 virtutis
395 2898 603 2963 ministerium
625 2897 749 2979 infimus
773 2895 957 2962 commrlriffl.
1026 2930 1030 2936 ⁴

139 3008 241 3094 „Cum
257 3030 333 3094 ergo
349 3009 530 3095 Gregorius,
552 3010 627 3077 licet
649 3010 843 3077 unammiter
858 3009 898 3076 ab
914 3009 1072 3077 uniuersis
1094 3005 1223 3090 electus,

60 3138 211 3193 mensum
227 3131 336 3193 tamen
352 3126 506 3213 principis
521 3128 700 3213 expectavit
715 3131 747 3195 st
762 3126 880 3211 absque
897 3126 965 3192 sius
988 3124 1127 3192 iussione
1148 3143 1223 3189 con-

60 3242 233 3311 secrationis
257 3243 395 3327 gratiam
418 3244 577 3329 suscipere
601 3262 665 3310 non
687 3242 904 3327 praesumpsit
926 3244 959 3307 et
981 3240 1021 3307 ab
1043 3239 1098 3307 illo
1117 3274 1158 3285 -
1176 3239 1223 3305 ri·

59 3350 160 3425 delicet
182 3360 392 3446 principe-
413 3363 622 3429 nuceretum
644 3362 769 3425 einata
792 3357 825 3423 in
849 3356 914 3423 suis
936 3355 1053 3423 litteris
1076 3356 1223 3423 commis·

58 3486 119 3538 snm
145 3475 206 3543 sibi
236 3496 307 3543 osse
334 3477 484 3559 asseruit,
513 3474 729 3543 indubitanter
752 3492 868 3557 equum
891 3477 924 3539 et
945 3473 1131 3540 canonicum
1155 3491 1223 3539 asse

58 3586 153 3657 eivs:
181 3598 219 3658 ut
248 3592 368 3677 absque
389 3592 525 3659 Romani
551 3590 705 3678 principis
734 3590 874 3657 iussione
902 3587 1082 3657 nullatenus
1110 3588 1225 3655 debeat

57 3704 204 3786 pontificis
228 3708 386 3775 ordinatio
408 3708 584 3795 provenire
619 3706 713 3789 Nam,
735 3706 762 3771 si
780 3706 913 3789 equitati
927 3725 1083 3772 canonum
1099 3710 1223 3771 contra·

57 3817 130 3887 rium
157 3823 208 3890 uel
238 3824 402 3891 dissonum
430 3824 489 3891 hoc
516 3842 585 3891 esse
613 3820 836 3901 intellexisset,
870 3819 1050 3889 nullatenus
1080 3819 1162 3886 dono
1190 3824 1223 3886 ot

57 3945 217 4025 praecepto
241 3940 394 4027 principie
417 3940 458 4007 ad
478 3958 636 4005 summum
655 3958 688 4005 se
704 3936 914 4005 sacerdotium
938 3937 1068 4023 prouehi
1090 3954 1222 4003 consen·

57 4048 149 4121 narrt.
183 4054 253 4123 Nec
266 4076 342 4123 uero
361 4075 394 4122 se
410 4054 491 4123 dono
515 4060 547 4121 st
568 4057 737 4142 praecepto
760 4053 915 4140 principis
938 4058 1121 4139 provectum
1145 4052 1222 4119 scri·

121 4234 140 4267 ι.
163 4222 296 4272 lnstianiV.
360 4224 382 4271 b.
403 4222 480 4271 oan.
543 4235 563 4268 o.
584 4220 694 4281 dirruptis
708 4222 730 4267 V.
794 4220 817 4267 d.
838 4222 919 4268 amicta
932 4222 955 4268 V.
1018 4236 1038 4268 s.
1059 4218 1222 4267 defferendlZ.

119 4326 144 4381 1.
161 4327 197 4383 n
271 4330 297 4383 a.
315 4328 358 4383 nx
376 4328 435 4383 vra
446 4326 551 4395 netega
562 4326 596 4395 11,
615 4324 680 4381 roeo.
699 4342 727 4395 p.
741 4326 802 4380 reo.
881 4326 906 4380 a.
926 4326 969 4379 nx
981 4324 1106 4393 carere
1117 4324 1221 4379 ouen.

57 4406 112 4467 list
123 4414 220 4471 hanc.
237 4417 270 4472 L.
281 4417 308 4471 X
326 4432 350 4471 o.
363 4416 388 4472 1.
458 4416 485 4471 4.
503 4415 623 4485 Reglstr.
636 4414 690 4469 L.l
708 4416 782 4485 apt
801 4416 839 4480 (v.
851 4414 920 4483 Reg.
934 4417 1009 4483 pont.
1019 4414 1098 4469 Rom.
1111 4430 1138 4468 n.
1149 4414 1221 4480 708).
