3142 4850
491 341 657 394 unsuruor
678 342 811 392 consur.
845 341 881 394 ec
1230 327 1274 393 69

100 523 247 588 magnum
270 503 339 569 iore
362 501 602 587 detrimentum,
632 503 695 568 nisi
717 501 873 587 benignus
894 501 948 569 ille
971 501 1084 570 Petrus
1106 501 1193 570 clave
1216 523 1274 570 sue
1296 519 1429 574 107001.

101 639 145 686 ns
172 617 326 685 defendat
353 621 387 684 et
412 624 537 686 vestrae
564 618 761 686 auctoritatis
795 622 938 706 potestas
968 618 1118 687 adversus
1151 621 1273 702 regiam
1288 591 1441 646 ’Μὴ

99 737 287 821 pobstatem
312 732 380 800 zelo
402 733 547 801 iustitiae
570 745 638 802 me·
661 734 855 821 protegendo
878 753 913 800 se
937 734 1089 818 accingat

179 850 305 936 Accepi
329 853 433 916 autem
456 849 579 918 litteras
603 855 726 917 restrae
753 849 947 934 sancdtatis,
975 849 1010 916 in
1036 849 1150 934 quibus
1172 850 1273 918 eonti-

99 966 245 1034 uebatur:
276 971 313 1032 ut
340 985 379 1032 ex
407 969 577 1052 praecepto
605 969 710 1032 vestro
737 963 956 1032 Colonienaem
984 963 1273 1052 archiepiscopum¹

98 1083 264 1149 invitarem
293 1086 326 1148 et
348 1081 528 1148 convocatis
556 1081 707 1148 matribus
730 1080 899 1148 concilium
921 1080 1130 1166 celebrarem,
1153 1083 1188 1147 in
1210 1101 1272 1168 quo

98 1197 235 1264 eiusdem
259 1196 417 1281 designati
439 1196 579 1284 episcopi
602 1216 699 1263 causa
720 1197 811 1264 iuxta
833 1196 998 1263 ventam
1027 1195 1270 1280 discuteretur⁵3

98 1319 129 1380 nt
154 1318 214 1381 aut
242 1331 317 1380 reus
345 1312 503 1398 criminis,
534 1331 594 1398 quo
623 1311 842 1396 insimulatur,
871 1332 891 1378 a
918 1311 1071 1395 dignitate
1099 1314 1272 1380 reiceretur

97 1435 147 1497 aut
167 1430 324 1496 mnocens
347 1430 496 1496 canonice
518 1433 766 1496 consecraretur.
801 1427 837 1494 In
853 1427 913 1494 hoc
928 1427 1023 1494 etiam
1039 1428 1132 1514 parui
1147 1435 1271 1496 vestrae

97 1545 288 1628 auctoritati,
311 1544 454 1610 inritatis
476 1543 638 1631 praedicte
660 1543 915 1631 archiepiscopo·
940 1549 972 1610 et
993 1543 1144 1611 fratribus
1166 1543 1270 1611 locum

97 1665 126 1726 st
145 1660 232 1728 diem
256 1660 458 1746 praescripsi.
493 1657 556 1728 Sed
578 1659 747 1728 concilium
767 1660 987 1728 celebrandum
1003 1659 1201 1748 perturbavit
1222 1662 1271 1729 iu·

95 1775 190 1843 dictio
217 1776 326 1860 regiae
355 1775 537 1862 potestatie3
566 1795 681 1860 cogens
705 1796 756 1842 me
783 1782 816 1844 et
837 1775 917 1843 alios
941 1778 1031 1861 regni
1052 1776 1214 1864 principes
1236 1777 1271 1845 in

10 1877 11 1954 ᾗ
95 1891 248 1960 maliciam
276 1911 352 1958 suae
385 1891 611 1978 expedicicuis.
646 1891 682 1958 ln
711 1912 774 1977 qua
807 1911 842 1958 re
869 1891 1014 1976 obsecro,
1048 1896 1085 1959 ut
1116 1892 1270 1959 senentes

94 2013 199 2076 restra
222 2007 409 2093 obsequium
424 2027 527 2074 meum
544 2007 660 2076 habeat
674 2014 873 2090 excusatum
897 2007 982 2093 quia,
1004 2008 1067 2073 nisi
1088 2009 1269 2094 impedirer,

10 2183 12 2192 .
93 2124 277 2212 implessem
300 2129 504 2210 praeceptum
527 2127 676 2191 restrum.

179 2239 334 2310 Preterea
354 2239 490 2308 relatum
513 2245 562 2308 est
582 2240 684 2324 nobis,
709 2238 801 2326 quia*
823 2239 1042 2324 regialegatio
1060 2238 1193 2306 eundem
1216 2239 1271 2308 de·

93 2357 255 2442 signatum
278 2357 462 2443 episcopum
485 2357 526 2424 ad
548 2376 604 2422 vos
621 2355 851 2422 discutiendum
869 2356 1193 2442 consecrandumque·
1217 2357 1270 2425 de-

95 2472 198 2541 ducat
241 2472 278 2539 ln
313 2492 377 2558 qua
403 2492 438 2541 re
466 2473 541 2559 quid
570 2472 718 2557 equitatis
747 2477 780 2537 et
807 2472 950 2539 iusticias
978 2473 1037 2557 sit,
1072 2473 1270 2541 mundonis

92 2592 217 2655 uestram
240 2588 325 2654 libra
345 2594 431 2655 reete
447 2587 604 2657 diiudicet
685 2588 772 2673 Rogo
789 2594 895 2655 autem
912 2588 1131 2655 excellentiam
1147 2595 1271 2657 restrae

91 2702 322 2791 paternitatie¹,
351 2704 481 2789 quodsi⁸
503 2704 549 2770 ita
570 2724 681 2771 rerum
708 2708 770 2771 est:
798 2724 839 2772 ne
860 2706 930 2792 ipse
952 2705 1012 2771 hoc
1034 2725 1055 2771 a
1077 2705 1165 2772 vobis
1189 2706 1270 2773 acei-

92 2821 169 2907 piat,
195 2820 283 2906 qued
305 2820 394 2903 mihi,
418 2820 471 2906 qui
486 2820 546 2887 hoc
561 2821 710 2887 canonice
724 2821 828 2887 facere
844 2819 954 2903 debeo,
978 2820 1149 2887 auctoritas
1164 2826 1271 2889 vestra

92 2936 314 3005 interdixerat.
347 2934 438 3021 Quia,
461 2936 489 3003 si
511 2937 557 3003 itu
571 2935 635 3020 fiet,
658 2936 732 3004 inde
747 2937 849 3021 magis
864 2933 996 3003 videbor
1012 2954 1160 3023 peccasse
1182 2936 1269 3024 prin-

91 3054 154 3140 cipi
177 3072 263 3137 mee,
287 3051 389 3139 quod'¹
411 3051 483 3139 plus
507 3052 590 3119 edio¹
614 3072 686 3121 eum
702 3072 886 3122 consecrare
899 3053 1055 3121 noluerim
1071 3072 1165 3139 quam
1184 3054 1270 3121 iusta

90 3188 188 3237 musa
215 3168 288 3236 rel¹
316 3175 484 3257 praecepto
507 3173 621 3237 vestro.
667 3167 702 3235 si
731 3188 806 3255 ergo
830 3190 850 3235 a
871 3170 960 3237 robis
990 3168 1150 3235 discussus
1178 3168 1269 3237 inno·

91 3304 162 3353 cens
186 3285 287 3353 fuerit
309 3285 466 3369 inventus,
488 3284 642 3353 remittite
665 3304 737 3353 eum
760 3284 840 3353 mibi
866 3291 899 3354 et
920 3284 1071 3353 iratribus
1093 3286 1172 3353 meis
1196 3305 1269 3353 ceu·

88 3401 297 3483 sectandum
327 3406 372 3485 ut,
397 3401 482 3467 siem
509 3404 649 3487 oportet,
679 3421 699 3467 a
721 3403 812 3469 nobis
835 3402 985 3470 canonice
1007 3400 1144 3487 accipiat
1165 3401 1269 3469 oleum

88 3516 349 3586 consecrationis.

179 3634 251 3701 Hoc
269 3637 375 3699 autem
391 3632 424 3699 in
439 3632 542 3698 bonta
563 3632 642 3699 etin
657 3632 743 3701 calce
758 3638 868 3699 noema
881 3638 990 3701 teneat
1005 3631 1149 3721 epistola,
1173 3632 1269 3718 qued'

10 3814 12 3831 ‚
87 3770 152 3818 nen
177 3754 252 3819 est·n
275 3749 370 3815 homo
392 3749 512 3833 virens,
537 3748 592 3833 qui
614 3749 792 3835 promptior
814 3770 866 3815 me
888 3750 932 3817 sit
954 3750 994 3816 ad
1017 3749 1125 3815 omnia
1146 3754 1269 3816 vestrae

88 3867 242 3935 iussionis
266 3866 426 3952 obsequia.
466 3864 525 3943 Qui
549 3884 605 3930 vos
628 3864 793 3950 praevenit
814 3866 848 3931 in
871 3864 1140 3932 benedictionibus
1164 3864 1269 3930 dulce-

10 4070 11 4075 *
88 3983 185 4069 dinis,
210 3989 311 4072 ponat
332 4002 428 4070 super
443 3986 557 4067 caputn
573 3984 711 4047 vestmm
733 4000 882 4047 ceronam
906 3986 1013 4047 eterne
1035 3978 1267 4047 beatitudiuis⁰.

159 4131 183 4163 a.
206 4131 250 4164 en.
263 4115 291 4163 G.
353 4115 376 4162 b.
397 4115 500 4175 episcopi
514 4115 578 4161 iuxta
592 4114 711 4162 veritatem
727 4115 881 4162 &acueretur
896 4114 978 4162 electio
994 4113 1020 4161 0.
1083 4127 1104 4160 e.
1124 4113 1268 4173 episeopoV.

10 4236 12 4253 ,
89 4196 112 4243 d.
132 4195 239 4257 quch.
277 4208 324 4241 ὀ.
345 4194 596 4241 emmanue.
658 4194 853 4255 fulgentum
915 4208 936 4255 ς.
958 4193 1082 4255 quiasiG.
1144 4192 1167 4239 b.
1189 4192 1268 4253 quid.

10 4254 12 4275 '
88 4276 104 4323 r.
127 4272 435 4331 mauracense.
497 4272 520 4320 r.
544 4274 627 4321 mn.
690 4276 705 4322 r.
730 4276 786 4335 quse
807 4274 834 4322 o.
896 4288 926 4321 a„
950 4276 982 4321 sa
1001 4274 1028 4321 e.
1090 4287 1115 4321 a
1137 4272 1268 4333 amors.

89 4368 111 4403 ο.
125 4356 210 4404 valete
225 4352 282 4403 udal
295 4354 323 4401 s.
858 4350 863 4357 ’

162 4444 190 4497 1.
208 4441 365 4499 Annonem.

577 4514 789 4526 -μ--ῌ-ιι-Ι
