3142 4850
440 363 606 412 susumus
629 363 758 412 oonnx.
797 361 848 412 seo
1165 347 1228 412 331

76 523 192 590 matoria
223 543 341 609 pravae
374 521 571 609 ambitionis,
606 523 746 638 nondum
779 545 819 591 ex
849 523 1001 590 Romanis
1033 523 1230 610 principibus
1250 540 1346 594 -314

76 639 223 724 quisquam
252 643 399 725 patenter
428 645 608 708 ooonrrerat
630 641 670 708 ad
693 640 788 707 fidem
809 639 1000 708 christianae
1031 640 1228 724 agnitionis.

75 754 191 840 Idmone
212 755 348 822 latenter
370 761 403 824 et
425 756 543 842 absque
566 777 651 824 noxa
680 757 886 824 dissensionis
911 757 983 840 cogi
1010 756 1146 840 solebat,
1175 757 1230 842 qui

73 871 221 938 ridebatur
243 872 375 938 idoneus
397 892 477 958 esse,
493 873 599 940 subire
614 872 737 959 pondus
753 872 970 958 praelationis.
1057 871 1230 958 Postquam

75 1007 138 1052 sero
159 986 300 1054 Silvestri
322 988 517 1076 temporibus
540 987 782 1072 Constantinus,
806 988 980 1075 imperator
1002 989 1125 1075 primns
1147 988 1230 1055 veri-
1248 1000 1390 1056 314-335

73 1104 137 1168 totis
150 1101 258 1169 fidem*
275 1103 441 1172 manifeste
457 1105 601 1192 adeptus,
624 1104 745 1172 eunetis
767 1105 801 1170 in
823 1105 957 1190 imperio
972 1125 1029 1172 sno
1045 1104 1230 1188 degentibus

73 1237 126 1284 non
137 1218 233 1286 solum
246 1218 433 1286 christianos
449 1218 518 1286 fieri
533 1219 587 1286 sed
605 1221 699 1288 etiam
717 1219 864 1288 eeclesias
880 1219 1056 1288 fabricandi
1069 1219 1230 1287 licentiam

73 1333 149 1402 dedit
168 1341 199 1401 et
220 1335 352 1422 praedio
371 1334 417 1402 eis
437 1335 606 1404 tribuenda
625 1336 800 1420 constitnit,
823 1337 927 1402 omnis
942 1335 1028 1403 modi
1050 1334 1230 1402 hominibus

72 1449 106 1516 ad
125 1448 214 1518 fidem
238 1450 356 1518 Christi
379 1451 606 1518 confluentibus
629 1457 662 1519 et
683 1452 815 1540 propria
832 1472 891 1538 pro
910 1451 1098 1518 delictomm
1119 1450 1231 1517 remis·

73 1565 148 1632 sione
169 1567 318 1634 ecelesiae
341 1567 402 1634 Dei
424 1566 630 1652 donantibus,
660 1573 747 1634 tanto
774 1567 935 1634 felicitatis
963 1587 1110 1636 successu
1131 1587 1231 1651 usqne

71 1699 181 1766 quoqne
204 1682 338 1750 eeclesia
354 1690 386 1751 et
400 1684 539 1750 maxime
553 1681 697 1750 Romano
713 1689 789 1750 tuno
804 1685 915 1768 riguit,
938 1689 974 1750 ut
990 1683 1118 1750 honoris
1134 1684 1230 1752 etiam

71 1801 98 1863 et
116 1799 208 1866 seeuli
232 1799 395 1883 dignitatis
418 1800 524 1886 sepior
554 1819 667 1886 expers
690 1797 797 1884 fieret,
825 1801 881 1886 qui
903 1800 1013 1884 iugum
1040 1799 1231 1866 christianae

70 1910 134 1980 fidei
154 1914 314 2001 suscipere
341 1920 511 1984 recusaret.
551 1914 594 1981 Et
616 1915 691 2000 qnia
713 1915 746 1981 in
768 1915 829 1982 boo
850 1935 944 1982 eursu
972 1913 1138 1998 religiosae
1160 1934 1231 1982 sno·

70 2030 208 2098 sessionis
231 2052 338 2098 rerum
362 2037 395 2098 et
416 2032 569 2098 vimntum
599 2029 760 2098 affluentia
782 2037 885 2098 mater
907 2031 1040 2098 eeclesia
1062 2031 1231 2098 admodum

70 2148 166 2231 mevit,
190 2147 357 2214 insectatio
380 2146 513 2231 diaboli,
541 2167 666 2234 semper
689 2146 830 2230 maligna
851 2152 885 2214 et
911 2147 1083 2215 christiano
1111 2148 1232 2215 nomini

69 2260 201 2346 nimios,
231 2264 308 2349 qnia
330 2283 350 2329 a
372 2265 493 2331 sincero
516 2263 589 2331 fidoi
612 2263 739 2330 tramite
767 2261 906 2331 fidelium
935 2266 1030 2331 eorda
1057 2264 1233 2351 ydolatriae
1293 2257 1295 2263 ’

70 2377 145 2445 uultu
160 2379 224 2447 iam
244 2384 385 2447 avertere
400 2381 567 2449 manifeste
583 2400 646 2447 non
660 2385 796 2467 poterat,
812 2379 883 2449 aliis
897 2381 1061 2467 nequiciae
1072 2379 1233 2449 maehina·

70 2498 173 2563 mentis
196 2502 316 2564 statum
340 2496 470 2565 ooolesie
493 2502 633 2565 evertere
657 2494 813 2564 studuit“.

148 2613 264 2701 „Cepit
286 2613 370 2679 enim
393 2618 466 2701 post
488 2612 646 2681 modicum
670 2614 822 2700 temporis
845 2613 985 2697 maligno
1013 2613 1081 2679 eins
1104 2612 1232 2680 stimulo

68 2726 259 2796 inslsatione
282 2729 465 2816 pontificum
488 2748 552 2797 non
569 2730 693 2797 modios
709 2728 779 2797 fieri
794 2730 948 2797 dissensio
971 2730 1120 2814 partium,
1144 2729 1233 2796 amb-

68 2842 116 2909 itio
138 2866 263 2933 qnoque
286 2866 349 2911 non
372 2845 494 2915 modios
517 2846 630 2929 erevit,
657 2846 817 2914 eontentio
840 2865 965 2932 quoqne
992 2864 1125 2931 persepe
1148 2844 1233 2931 peri·

68 2958 164 3029 tolosa
186 2982 254 3029 non
277 2961 407 3029 defuit“.

149 3078 262 3162 „Unde
291 3078 502 3147 neeessarium
530 3078 605 3145 fnit:
633 3083 671 3146 nt
693 3077 827 3145 Romani
849 3077 1010 3165 prinsipes
1033 3114 1076 3124 -
1100 3098 1234 3163 qnorum

68 3196 261 3263 consessione
289 3215 326 3262 oo
355 3195 575 3263 donationibus
604 3194 736 3263 eoelesio
762 3213 862 3278 usque
890 3212 1031 3279 quaque,
1063 3194 1235 3262 sublimata

68 3304 185 3397 bonore,
210 3312 331 3379 divitiis
355 3312 630 3399 praeminebat-
647 3312 802 3399 pristinae
824 3310 992 3397 potestatis
1015 3311 1084 3378 inre
1100 3316 1234 3397 retento,

69 3430 96 3489 at
115 3428 254 3513 partium
278 3428 448 3495 tumultum
470 3428 586 3514 ubique
608 3448 729 3515 poenae
750 3426 933 3493 inferendae
952 3432 1040 3495 metu
1054 3446 1234 3515 oompesoe-

69 3548 143 3625 rent3
168 3549 200 3611 et
223 3544 410 3612 electionem
434 3542 628 3631 pontificum,
652 3544 792 3630 partium
815 3542 920 3609 studio
944 3550 976 3611 et
997 3564 1061 3610 non
1084 3545 1234 3613 eanonioe

68 3655 189 3745 neum,
220 3661 388 3749 provenire
411 3680 475 3727 non
498 3660 613 3727 sinant.
653 3660 733 3727 Nam
758 3661 786 3726 si
812 3660 920 3747 pravis
942 3660 1123 3729 hominibus
1145 3681 1235 3728 seon·

68 3770 136 3841 laris
157 3777 317 3845 vindietae
346 3774 449 3845 metus
472 3776 578 3843 nutius
603 3777 736 3861 inesset,
765 3776 852 3844 nulla
874 3796 928 3845 eos
951 3797 971 3843 a
992 3796 1091 3863 prave
1111 3776 1234 3861 agendo

69 3892 234 3975 spiritualis
264 3913 397 3961 sensura
424 3894 584 3962 retrabere
612 3898 729 3981 posset
823 3892 911 3961 Unde
938 3894 1077 3980 primum
1103 3913 1234 3961 eonsue-

70 4007 136 4073 tndo
150 4010 184 4075 in
198 4010 344 4078 Romana
360 4010 491 4078 eeclesia
508 4010 682 4095 antiquitus
698 4009 812 4077 merito
828 4012 928 4097 oepit:
951 4015 996 4094 ut,
1020 4010 1118 4077 eleeto
1142 4030 1234 4097 prae·

70 4124 138 4209 sole,
161 4148 226 4193 non
249 4127 338 4214 prius
354 4128 421 4193 eius
438 4126 592 4193 ordinatio
609 4125 831 4211 celebraretur,
855 4146 949 4212 quam
972 4126 1048 4193 oleri
1071 4132 1104 4193 et
1124 4127 1235 4213 popuii

70 4236 221 4309 decretum
253 4244 287 4309 in
309 4244 522 4330 praesentiam
546 4242 680 4309 Romani
708 4244 862 4330 principis
886 4243 1074 4325 deferretur3
1102 4248 1153 4326 nt,
1182 4264 1234 4308 oo-

71 4358 148 4436 gnito
171 4359 248 4425 oleri
278 4365 310 4426 et
338 4358 447 4447 populi
471 4379 626 4425 consensu
649 4365 681 4425 et
703 4358 876 4445 desiderio,
905 4360 933 4425 si
962 4366 1045 4427 reete
1069 4364 1101 4425 et
1125 4360 1235 4427 ordine

133 4515 152 4547 a.
175 4502 301 4560 reiligiouis
313 4502 337 4559 V,
354 4502 476 4560 agnitionis
486 4502 511 4549 Ζ.
574 4502 597 4547 b.
617 4516 660 4549 oro.
670 4502 700 4558 V;
715 4501 756 4549 abi
770 4502 848 4551 lumen
858 4500 910 4549 aliu
919 4516 991 4549 manu
1000 4504 1185 4565 wpersoriptam
1194 4509 1235 4552 est.
