3142 4850
393 272 581 321 sursronsn
603 274 882 323 semassosssss.
918 270 935 322 o
983 296 988 307 ·
1183 258 1247 322 487

97 432 169 498 rabit
187 433 325 517 pondera
345 432 496 498 muneris.
531 430 599 497 Hoe
621 438 726 499 ratum
749 438 799 499 est
822 438 915 517 atalae
938 434 1104 519 probatum
1123 434 1249 501 illoram
1270 449 1339 504 lost

97 548 309 630 aesbmatione,
333 548 446 633 quibus
469 552 517 613 est
532 547 658 613 virtutis
681 548 804 633 pondus
828 550 860 614 in
876 555 990 615 monte.
1025 548 1250 616 Huiuscemodi

96 662 206 727 virtutis
228 668 302 729 tuae
324 664 495 729 securitate
516 662 669 746 conlisus,
696 662 831 747 colloqui
854 670 957 731 teuum
980 664 1066 730 soleo
1089 668 1177 731 tanto
1200 685 1249 731 se-

94 779 195 860 narios,
217 784 334 863 quanto
357 778 529 859 socratium
556 798 631 844 nam
653 778 745 845 fidele
767 783 923 845 secretum
946 799 1009 845 nou
1032 784 1081 845 est
1102 780 1137 845 in
1160 785 1250 865 parte

94 890 265 976 timendum,
290 894 366 978 quia
386 892 531 959 firmatur
545 895 579 959 in
596 892 652 959 illa
667 894 837 977 soliditate,
862 911 942 979 quae
957 894 1133 961 claudicare
1149 895 1250 961 nestit

92 1007 121 1071 in
140 1012 234 1092 purte.
270 1007 357 1087 Quae
374 1015 423 1075 est
437 1007 494 1075 illa
507 1008 671 1074 soliditas?
706 1008 781 1075 Siue
797 1009 892 1076 dnbio
908 1011 1033 1093 ueritus,
1058 1030 1138 1093 qnae
1154 1010 1249 1077 etiam

90 1122 224 1208 inparte
253 1124 319 1190 suis
347 1124 541 1191 amatoribus
568 1124 693 1206 integra
721 1124 803 1191 solet
830 1144 956 1211 sempor
978 1124 1098 1191 adessa
1189 1123 1250 1191 Per

90 1236 163 1305 bano
184 1244 336 1322 quantum
359 1247 391 1307 te
406 1253 519 1306 caesar
531 1238 735 1305 dilectissime
753 1240 895 1325 diligam,
918 1241 1059 1325 prolerre
1074 1238 1250 1305 verbositas

89 1361 203 1438 pereae
232 1356 316 1438 eius,
340 1357 394 1439 qui
417 1375 493 1421 vers
515 1356 630 1421 caritas
653 1358 719 1438 est,
746 1357 855 1441 posius
879 1356 937 1421 hoo
960 1356 1110 1441 probetur
1133 1355 1249 1422 inditio

88 1474 220 1555 tempore
241 1470 438 1557 probationis
461 1472 494 1535 in
518 1477 601 1556 apto.
641 1470 794 1558 Tempore
808 1486 883 1559 apto
899 1490 962 1537 non
979 1470 1047 1537 sine
1063 1490 1158 1537 eausa
1176 1471 1250 1537 snb-

87 1584 197 1668 inuxi·;
228 1586 319 1671 quis,
342 1587 468 1671 quaudo
490 1586 552 1653 sibi
572 1587 670 1653 inerit
691 1592 817 1672 aptum,
847 1593 920 1673 epte
943 1586 1133 1653 reserabitur
1156 1605 1250 1652 omne

85 1706 233 1768 mustum
257 1708 290 1768 et
310 1702 401 1768 iuxta
422 1702 538 1768 mereri
560 1702 617 1767 nni
639 1704 751 1787 unique
774 1708 849 1767 sunt
875 1703 998 1788 premia
1019 1708 1106 1767 serta
1129 1702 1248 1769 virtmi

84 1813 187 1882 Faoiat
206 1818 306 1901 igitur
329 1818 413 1901 inde,
437 1818 492 1902 qui
514 1818 617 1883 sordis
640 1824 762 1883 saerata
784 1819 928 1901 rimatur,
952 1817 1035 1901 quod
1050 1816 1111 1883 sibi
1126 1816 1250 1883 misou-

83 1931 214 1998 oorditer
237 1938 347 2017 aptum
367 1933 527 2011 ridentum
550 1934 678 1999 interim
701 1939 808 1999 umen
832 1938 908 2019 apta
930 1932 1068 1999 ereditur
1085 1933 1152 1997 oius
1175 1950 1249 2017 pro·

84 2044 170 2113 bitati
191 2047 334 2134 probitas
358 2068 501 2133 quaeque
522 2046 577 2113 fidi
601 2047 758 2131 colloquii.
796 2048 877 2131 ldeo,
903 2047 986 2133 quod
1003 2047 1179 2114 dileetionis
1201 2045 1250 2113 in·

82 2164 208 2245 tegritas
231 2165 354 2247 suadet,
378 2163 543 2229 collocutio
559 2162 720 2230 fidelitatis
736 2164 904 2245 admiseet3
928 2168 964 2229 nt
979 2182 1018 2229 ex
1034 2163 1250 2231 oollooutionis

80 2277 192 2345 indioio
215 2279 344 2345 tandem
368 2286 555 2362 agnoscatur
578 2298 654 2345 vera
676 2280 812 2345 dileetio.

163 2394 215 2463 En
246 2401 352 2463 moret
378 2416 429 2462 me
457 2396 625 2463 caritativa
656 2392 854 2462 sollicitudo¹¹
882 2394 1032 2462 multum:
1067 2393 1150 2480 quod
1179 2412 1251 2460 oum

79 2514 198 2597 proprii
221 2512 364 2598 eorporis
391 2511 510 2598 periolo
539 2517 695 2598 temptare
717 2532 781 2577 non
805 2511 929 2578 dubitas
959 2531 1051 2578 omns
1079 2508 1250 2595 periclum
1344 2499 1348 2504 ’

80 2632 111 2692 et
137 2629 245 2713 pergis
266 2627 393 2695 riuoere
416 2625 513 2711 bello,
544 2628 627 2712 quod
648 2626 806 2693 interdum
829 2625 954 2692 iaeilins
977 2627 1154 2691 vinceretor
1181 2643 1250 2690 ma·

79 2747 146 2809 toro
170 2743 314 2811 oonsilio.
353 2743 446 2826 Corte
467 2743 555 2828 ipsos
577 2743 735 2829 palatinos
753 2762 952 2827 nequaqnam
970 2741 1043 2806 inde
1058 2741 1160 2806 maior
1175 2757 1251 2806 eura

79 2859 243 2943 sollicitat,
273 2879 367 2944 qoam
390 2879 443 2924 me
465 2859 633 2941 rusticum,
662 2859 834 2924 moderatis
857 2857 950 2922 rebus
973 2855 1081 2922 divine
1102 2853 1250 2938 largitate

78 2981 275 3057 eontentum3
304 2980 336 3042 et
358 2979 476 3059 quanto
506 2995 563 3060 pro
587 2980 619 3040 ts
642 2975 744 3040 maior
766 2979 815 3039 est
838 2991 909 3040 mea
937 2969 1131 3054 sollieitado‚
1160 2975 1249 3036 tantu

77 3089 228 3159 intentior
250 3090 354 3158 sordis
377 3091 488 3156 oratio.

164 3207 393 3274 Verumtamen
422 3205 546 3292 pussilli
574 3223 644 3272 eum
673 3202 847 3270 maioribus
876 3201 996 3286 gratias
1024 3201 1092 3268 Deo
1120 3198 1250 3266 insimul

78 3341 223 3405 agarum,
252 3323 341 3408 quia,
372 3321 447 3387 dnm
470 3341 528 3406 pro
552 3321 658 3404 quiete
679 3320 726 3385 rei
748 3318 893 3405 publiese
920 3317 1068 3404 propriae
1096 3315 1193 3402 quieti
1215 3315 1250 3382 in

78 3441 223 3523 proximo
245 3439 378 3504 minime
400 3437 568 3523 parcebas,
594 3436 741 3505 inimicos
762 3440 834 3500 tuos
857 3433 1111 3520 perseverantiae
1133 3432 1250 3499 virtuto

77 3552 213 3636 gloriose
241 3555 432 3642 superabam
466 3573 509 3618 ne
535 3552 668 3638 posthae
695 3550 810 3618 audeat
837 3548 956 3632 erigere
985 3546 1109 3614 hostilis
1136 3546 1250 3614 levitas

77 3689 173 3737 uornu
196 3669 376 3756 superbius,
400 3674 455 3735 aut
476 3667 628 3734 sodalitas
643 3666 800 3732 antieristi
816 3666 963 3732 resistere
977 3662 1093 3730 uhristo
1110 3661 1248 3728 Domini.

76 3783 119 3852 Re
142 3807 231 3871 rora,
254 3792 291 3852 ut
314 3784 392 3852 mihi
414 3784 549 3868 ridetur,
573 3782 717 3868 quamvis
732 3781 794 3848 Dei
816 3782 919 3864 gratia
941 3779 1037 3846 uiolas
1061 3783 1155 3845 antea
1176 3777 1249 3842 tibi·

76 3909 141 3969 met
163 3902 250 3988 quod
272 3901 369 3968 velles
392 3906 586 3982 assumeret,
614 3919 672 3965 neo
694 3918 772 3979 non,
802 3895 886 3981 quod
913 3894 1074 3977 obstabat,
1102 3891 1249 3958 militaris

75 4017 176 4086 virtus
192 4018 318 4086 iaoilius
341 4023 415 4084 ante
436 4015 647 4102 propulsaret,
670 4012 739 4079 laus
754 4018 861 4078 tamen
880 4009 1082 4096 triumphalis
1106 4008 1249 4094 proximo

77 4131 245 4202 victoriae¹
268 4132 430 4220 improbos
452 4131 569 4218 premit
591 4129 721 4195 terroris
737 4129 878 4194 maxima
900 4132 1005 4212 parte;
1028 4125 1161 4210 ideoque
1183 4123 1249 4206 glo-

147 4299 169 4332 ι
194 4285 286 4332 subiuxi
303 4282 352 4332 eod.
564 4281 587 4328 b.
611 4279 764 4326 sollieitudine
781 4293 801 4324 e.

148 4381 174 4436 1.
194 4384 291 4452 partas
309 4393 345 4436 ex
363 4377 463 4434 ottone
481 4374 743 4432 Hammersteinensi
761 4372 806 4428 die
825 4373 859 4427 26
877 4370 944 4426 Dee.
959 4370 1036 4425 1020.
