3142 4850
306 299 372 365 598
609 313 731 363 nnours
755 315 834 361 vrrs
859 313 1017 361 errones.
1051 310 1187 360 mars

209 495 279 548 1102
304 483 398 565 piene
422 482 540 543 eunome
559 489 692 564 prestat,
715 470 803 540 oobsb
819 476 932 559 eripere
947 473 1056 539 melai.
1146 471 1190 536 Et
1211 471 1369 537 advocans
1392 471 1476 556 pium

195 567 291 614 ΒΜ
305 593 469 674 Ottonem‚
500 591 627 658 anulum
657 596 689 656 et
712 591 834 672 virgam
861 588 1051 675 pastoralem
1075 586 1253 654 Premensis
1275 587 1420 671 episcopi
1440 587 1476 652 ab

306 729 342 774 eo
366 708 506 794 reperii-t.
549 705 606 772 ilio
630 707 698 772 sine
726 723 815 771 mora
837 705 1018 787 resignante
1039 703 1112 785 hee,
1141 703 1314 788 imperator
1337 702 1399 767 ait:
1428 703 1478 768 Ee

305 826 401 888 multo
425 828 490 888 iam
514 837 651 909 tempore
672 822 800 904 fidelem
823 835 852 885 te
872 822 971 884 micbi
992 833 1021 884 et
1039 841 1101 905 pre
1122 818 1266 884 omnibus
1287 819 1398 884 uatem
1420 841 1476 904 ap-

304 940 447 1025 probavi.
488 938 623 1024 Tempus
647 949 700 1016 eet,
724 949 759 1000 ut
782 948 810 1000 et
833 957 888 1018 epo
908 935 990 1017 fidei
1011 949 1061 1000 tue
1077 936 1175 1020 dipsa
1191 935 1402 1015 muaifiemtee
1418 953 1478 997 mee

306 1055 452 1139 larpitate
485 1055 700 1138 respondeam.
741 1050 861 1136 Accipe
893 1050 1028 1114 nobilem
1056 1049 1180 1113 eceleer'e
1208 1049 1477 1133 Bubenberpeaer'e

278 1203 283 1210 ·
304 1169 508 1254 presulatum.
546 1167 644 1248 Quem
659 1165 751 1230 multi
766 1167 893 1250 quidem
914 1168 1056 1251 pecuariis
1073 1178 1101 1228 et
1114 1165 1294 1228 muneribus
1309 1165 1374 1228 eibi
1396 1186 1477 1228 eom-

305 1305 424 1369 purure
445 1296 608 1368 ratapant·
636 1283 691 1345 aed
720 1303 791 1365 epo,
822 1284 936 1366 spretis
966 1280 1109 1344 omnibus
1134 1280 1218 1359 teto,
1247 1293 1276 1343 te
1297 1279 1403 1343 selu-m
1424 1279 1479 1344 boe

304 1400 482 1484 pontificati
503 1397 757 1462 criminaturus
777 1396 947 1460 illustrare.
989 1393 1062 1459 Mox
1090 1395 1162 1480 pius
1185 1392 1276 1477 Otto,
1307 1392 1426 1458 uadens
1447 1395 1479 1458 in

306 1513 418 1579 faeiem
441 1518 474 1578 et
496 1531 566 1578 oum
590 1509 729 1576 lacrimis
745 1529 779 1574 se
795 1514 883 1575 tanto
898 1510 998 1596 apiei·
1013 1509 1176 1592 indignum
1196 1527 1265 1574 esse
1285 1513 1480 1594 protestans,

306 1629 393 1695 iussu
417 1628 533 1695 essoris
563 1627 602 1692 ab
626 1624 831 1711 optimatibus
854 1626 1001 1708 erigitur3
1031 1623 1125 1689 anulo
1149 1630 1181 1690 et
1202 1627 1294 1707 virga
1315 1623 1479 1709 pastorali,

307 1747 450 1830 quamvis
473 1742 645 1829 plurimum
668 1741 818 1824 renitens,
842 1741 1024 1820 investitum
1048 1746 1080 1805 et
1094 1747 1245 1824 quantum
1262 1759 1297 1804 se
1314 1739 1481 1822 indignum

307 1859 479 1942 fatebatur,
507 1862 631 1923 tantum
655 1856 788 1938 dignust
811 1876 830 1921 a
851 1857 973 1922 eunetis
996 1855 1204 1922 asserebatur.
1245 1853 1428 1939 Mirnmqne
1448 1856 1481 1920 in

307 1976 433 2040 modum
457 1974 615 2055 universa,
639 1991 699 2054 que
721 1972 842 2055 aderat,
865 1971 1034 2036 multitudo
1056 1973 1090 2036 in
1113 1971 1264 2037 electione
1288 1971 1357 2037 eins
1381 1971 1481 2038 arela-

307 2090 423 2156 mabat.
457 2089 530 2154 Una
553 2087 691 2153 omnium
709 2087 855 2152 voluutas
878 2088 987 2152 eadem
1011 2094 1085 2152 vota
1107 2087 1280 2170 eademque
1301 2089 1479 2154 sentencia:

308 2206 453 2272 Ottonem
471 2205 654 2290 episcopatu
669 2221 738 2267 esse
754 2201 991 2285 dignissimum
1013 2201 1137 2267 felicem
1152 2202 1220 2267 fore
1242 2202 1300 2267 tali
1314 2203 1480 2270 eeclesiam

201 2343 210 2352 ·
307 2321 477 2387 sacerdote.
517 2318 598 2397 Quid
622 2316 741 2382 multa?
775 2317 847 2382 Non
870 2316 955 2383 aliud
979 2319 1067 2404 pium
1083 2317 1231 2383 Ottonem
1253 2318 1360 2385 faeere
1381 2287 1503 2402 licuit·

307 2436 369 2501 nisi
385 2436 469 2521 quod
486 2437 658 2521 imperator
679 2438 711 2499 et
734 2434 869 2519 populns
884 2434 1022 2501 Domino
1037 2434 1161 2499 volente
1175 2435 1349 2500 constituit
1419 2437 1480 2502 lta·

307 2572 367 2637 que
389 2553 577 2637 imperator,
607 2548 689 2614 clero
718 2554 751 2614 et
778 2549 893 2635 populo
916 2548 1087 2617 affeetnosa
1108 2570 1181 2615 eum
1202 2548 1373 2619 sedulitate
1395 2571 1481 2618 com·

305 2668 473 2735 mendane:
503 2670 585 2733 Eece
615 2665 660 2730 ait
689 2664 800 2730 electae
828 2681 857 2731 et
884 2668 954 2732 Deo
981 2669 1097 2753 dipsas
1123 2667 1278 2753 pontefex.
1321 2668 1420 2733 Hunc
1446 2683 1481 2736 at

305 2788 425 2851 obruo
448 2806 516 2849 mea
539 2786 752 2847 desideranter·
773 2785 938 2869 suscipite3
965 2787 1094 2848 seientes
1118 2806 1188 2847 eum
1210 2787 1299 2849 omni
1319 2786 1433 2850 arina
1454 2799 1482 2851 ct

306 2902 444 2967 bumana
465 2902 595 2964 seientia
617 2898 844 2984 probabilior
867 2902 1063 2965 instructum.
1099 2898 1203 2978 Nam,
1231 2912 1268 2963 at
1289 2922 1400 2964 reram
1420 2902 1480 2985 ju·

307 3030 384 3097 teor,
409 3038 447 3081 es
470 3038 531 3102 quo
554 3018 646 3101 repru'
667 3014 781 3079 solium
804 3014 875 3079 Dee
899 3014 1051 3100 lurpiente
1072 3016 1248 3094 reascendi,
1273 3018 1308 3078 ἐπ
1331 3020 1483 3083 remutatus

306 3145 412 3197 nostro
442 3132 489 3195 eet
517 3135 553 3195 e're
575 3130 697 3216 capella
723 3142 833 3195 nostra
854 3151 919 3193 rrorr
940 3128 1086 3194 memini⁴
1108 3152 1157 3195 me
1178 3133 1282 3195 virum
1304 3131 1483 3199 honestate·

305 3249 481 3333 praedeeeia
504 3260 531 3311 et
555 3250 641 3311 omni
661 3246 812 3310 eirtrrtum
831 3268 944 3331 perere
963 3249 1205 3331 prestantiorem
1220 3248 1347 3312 ordisse.
1431 3248 1485 3315 Ad

307 3360 363 3427 heo
385 3359 579 3443 Berngerus‘
601 3379 705 3425 comas
729 3358 768 3426 de
789 3358 955 3441 Sulzbaob
979 3360 1029 3425 eui
1052 3380 1121 3426 enm
1147 3360 1238 3427 bonis
1260 3380 1389 3447 semper
1412 3362 1484 3431 leva

306 3475 452 3541 voluntas
480 3476 557 3557 fuit,
587 3476 864 3542 submurmurans:
894 3477 1033 3542 Domine
1062 3477 1108 3542 ait
1133 3480 1305 3543 paramur:
1333 3482 1409 3565 quis
1438 3482 1486 3546 eel

306 3594 389 3657 unde
411 3595 467 3673 eit,
497 3614 587 3677 quem
609 3592 700 3658 nobie
725 3604 885 3678 pastorem
910 3596 1090 3677 arripuere.
1132 3590 1191 3657 eui
1219 3592 1412 3678 imperator:
1445 3597 1486 3665 Si

306 3711 389 3773 unde
416 3712 458 3773 ee't
487 3707 532 3771 ait
562 3710 682 3793 queris,
713 3708 898 3793 Babenberp
926 3721 1026 3773 rooter
1055 3712 1137 3784 eiam
1172 3732 1227 3795 epo
1256 3723 1362 3775 outem
1387 3726 1486 3799 parer

306 3828 407 3911 ipsius
430 3846 508 3888 eum.
545 3825 589 3888 Et
610 3827 686 3889 uiuit
707 3824 887 3889 Dominam!
919 3824 986 3905 Qui
1005 3828 1147 3891 nocuerat
1169 3848 1249 3906 eum,
1273 3836 1399 3913 tuapet⁸
1420 3852 1483 3915 pa·

305 3941 419 4026 pillum
443 3939 527 4003 oculi
548 3942 611 4003 mei
618 3933 625 3964 ¹
631 3962 642 4017 ,·
673 3942 764 4024 quiue
788 3962 857 4004 eum
879 3941 1033 4025 deponere
1054 3944 1260 4027 temptaverit,
1284 3965 1335 4007 me
1357 3966 1485 4030 qaoque

305 4058 397 4141 repne'
418 4055 497 4119 sotio
520 4054 668 4140 privabit.
705 4054 800 4118 Hane
821 4058 930 4119 diuino
954 4059 1080 4121 eredens
1096 4058 1223 4121 electam
1237 4060 1371 4139 redimo,
1395 4060 1482 4126 robis

376 4245 396 4276 a.
420 4230 454 4277 sic
471 4228 535 4277 codd.
604 4230 626 4275 b.
652 4229 743 4287 dignius
757 4226 781 4285 0,
799 4229 921 4287 dignusE.
994 4245 1014 4277 c.
1037 4231 1199 4292 probaliterC'.
1271 4234 1295 4280 u.
1319 4234 1479 4282 munimine.

308 4322 328 4355 e.
353 4308 451 4357 honeste
470 4308 493 4357 0.
587 4309 603 4355 i.
627 4307 777 4355 Borinoherus
797 4307 820 4363 C,
837 4308 964 4367 berngerus
979 4310 1008 4356 E.
1102 4325 1124 4369 g.
1147 4315 1226 4371 ungat
1243 4312 1268 4360 0.

378 4415 403 4469 1.
425 4412 507 4468 Zooh¹
521 4414 546 4481 2,
565 4413 595 4467 8:
617 4412 679 4483 „qui
698 4412 770 4468 enim
790 4412 912 4482 tetigerit
930 4430 989 4484 ros,
1007 4415 1098 4485 tangit
1114 4416 1247 4486 pupillam
1264 4417 1339 4473 eonii
1356 4418 1435 4473 ure-1³⁴.
