3142 4850
305 323 370 389 824
567 340 748 389 nnaeoanr
770 339 951 387 emmens.
987 338 1052 386 nra.
1068 338 1107 385 m
1129 335 1219 387 aran

216 516 285 571 1127
303 502 462 584 timentes,
485 500 541 566 sed
556 520 596 567 ex
612 500 850 587 captivitatibus
865 499 961 566 etiam
984 499 1023 564 ad
1039 498 1174 565 humiles
1189 504 1222 565 et
1235 498 1315 565 satia
1328 498 1477 581 indignas

304 616 547 703 compositiones
571 636 624 682 ees
648 616 868 699 astringentes.

392 733 492 816 Atqui
507 732 582 798 Otto
606 732 817 813 beatissimus,
840 729 986 796 omnibus
1007 734 1138 815 prepter
1161 748 1222 813 qne
1242 735 1377 794 uenerat
1397 729 1478 795 herne

304 846 458 931 conpletis
481 854 514 913 et
535 847 716 919 civitatibus
739 846 888 930 omnique
917 843 1035 931 popule
1062 845 1097 910 in
1119 844 1233 927 gaudie
1262 848 1295 910 et
1316 842 1381 911 lide
1404 851 1478 929 apte

303 962 497 1047 compositis,
513 960 663 1029 risitans¹
680 980 789 1027 omnes
805 980 883 1045 quoe
904 961 1018 1045 potuit,
1038 959 1187 1025 decorum
1201 958 1272 1024 vale
1285 958 1321 1024 in
1336 960 1480 1024 maxima

304 1075 411 1143 leticia
432 1076 496 1143 illis
516 1077 668 1158 faciebat3
693 1096 749 1163 per
765 1076 876 1141 ducem
891 1074 1021 1141 Pelenie
1043 1094 1080 1140 ac
1101 1094 1160 1160 per
1174 1073 1252 1139 alies
1268 1074 1390 1139 emices
1404 1094 1480 1139 sues

303 1192 366 1259 iter
388 1192 428 1258 nd
454 1193 560 1259 sedem
590 1213 680 1259 snam
708 1192 879 1274 relegens·.
920 1189 1030 1274 ltaque
1057 1190 1178 1275 aliquot
1199 1189 1311 1256 diebus
1338 1190 1481 1272 gratiosa
1548 1230 1553 1235 ,

303 1307 483 1393 presentia*
507 1309 556 1373 sui
578 1314 612 1373 et
633 1307 714 1374 caris
738 1304 916 1394 aspectibus
931 1304 1044 1371 ducem
1064 1311 1096 1371 et
1110 1304 1324 1388 Palantenses,
1346 1304 1479 1371 ddeetes

304 1422 469 1489 dilectores
485 1442 570 1507 sues,
593 1424 627 1488 in
650 1422 847 1509 plenitudine
862 1421 1040 1487 sanctitatis
1055 1420 1307 1487 mansuetudinis
1322 1426 1356 1487 et
1378 1421 1479 1503 gratie

189 1558 245 1607 nse.
257 1560 287 1606 ae
303 1536 468 1621 letificans,
492 1538 538 1604 ita
561 1558 595 1605 se
618 1538 786 1625 promovit,
811 1542 847 1602 ut
868 1537 903 1603 in
918 1536 1029 1620 uigilia
1044 1537 1145 1603 saneti
1161 1536 1281 1602 Thema
1294 1535 1480 1603 Babenbere

304 1654 339 1719 in
354 1652 487 1720 ecelesia
501 1653 673 1721 cathedrali
696 1654 730 1720 in
747 1652 847 1719 multo
863 1652 1020 1719 desiderio
1043 1658 1077 1718 et
1097 1652 1317 1738 expectatione
1337 1670 1478 1735 suerum,

306 1770 397 1853 quasi
419 1770 608 1835 devictoris
630 1788 701 1834 cum
725 1768 920 1835 exultatione
942 1768 1079 1852 rediens,
1102 1768 1325 1854 susciperetur,
1348 1775 1480 1833 eannu-

305 1884 389 1985 tibus
419 1884 502 1950 elere
531 1890 564 1951 et
591 1884 753 1951 monachis
782 1889 851 1949 teta
872 1888 979 1949 mente
1000 1884 1138 1969 totisque
1161 1883 1297 1949 viribus:
1325 1885 1479 1965 Desine,

304 2005 428 2088 ameipe
449 2024 508 2082 me,
531 2015 567 2067 at
589 2024 660 2065 cum
677 2002 841 2085 fratribus
863 2003 940 2065 meu
963 2003 1032 2065 aba.

392 2114 436 2181 Et
460 2134 531 2183 ecee
554 2114 604 2181 hie
628 2134 778 2181 excursus
805 2115 873 2181 eius
902 2114 964 2180 init
993 2120 1025 2181 et
1055 2134 1217 2197 recursus,
1245 2120 1277 2180 et
1300 2114 1360 2181 hee
1381 2134 1481 2202 opera

304 2230 353 2297 his
381 2232 613 2316 peregrinantis
635 2251 693 2317 pre
717 2229 880 2297 dilamnda
901 2228 964 2297 tide
986 2229 1149 2296 cathelica.
1239 2228 1374 2314 Fateor,
1402 2230 1480 2297 insi·

305 2347 395 2432 piens
418 2346 520 2413 factus
544 2366 629 2427 sum3
654 2367 709 2413 ves
732 2368 783 2413 me
806 2347 963 2430 coegistis.

333 2487 339 2496 ·
396 2462 542 2529 Tieme:
566 2462 637 2528 Neu
653 2469 684 2529 te
706 2462 762 2528 ait
783 2463 912 2529 estimes
927 2462 1029 2528 adhuc
1042 2460 1188 2527 liberum.
1223 2460 1305 2539 Quia
1318 2481 1361 2528 ex
1375 2464 1481 2549 prims

305 2577 512 2644 conuentione
539 2587 650 2645 nestra
676 2578 771 2664 plura
797 2577 856 2644 tibi
883 2578 925 2644 ad
950 2576 1144 2642 narrandum
1172 2583 1299 2644 serrata
1318 2580 1481 2663 recordor,

306 2712 437 2777 querum
468 2694 595 2777 quidem
623 2713 718 2759 unam
742 2700 882 2779 partem,
910 2693 1031 2759 scilieet
1052 2692 1130 2776 quid
1152 2694 1186 2758 in
1208 2693 1355 2761 barbaris
1377 2697 1481 2762 natio·

304 2808 398 2873 nibus
421 2809 537 2892 egerit,
561 2815 684 2874 tantum
708 2809 899 2896 explicuisti.
938 2807 1100 2886 Quomodo
1122 2812 1230 2874 autem
1252 2810 1340 2896 apud
1361 2811 1481 2896 prinei·

306 2942 379 3009 pem
401 2923 436 2988 in
451 2925 539 2990 euna
553 2925 714 3007 deguerit·
731 2925 781 2990 rel
805 2945 868 3009 qua
887 2924 1103 3010 oportunitate
1117 2924 1151 2988 in
1165 2925 1287 2992 cumam
1301 2928 1430 2993 venerit
1449 2933 1483 2994 et

305 3037 379 3105 inde
403 3039 444 3104 ad
468 3038 668 3124 pontificatus
692 3041 889 3124 dignitatem,
912 3041 1053 3108 nondum
1076 3060 1097 3106 a
1117 3047 1151 3108 ta
1171 3040 1361 3108 audirimus.

396 3152 588 3220 Setridus:
610 3154 652 3220 Ut
667 3155 769 3238 video,
786 3156 876 3239 quasi
891 3155 1065 3223 debitorem
1081 3177 1133 3224 me
1147 3157 1348 3241 constringis.
1379 3158 1483 3244 Atqui

306 3287 346 3333 ex
369 3266 529 3336 veluntrde
556 3270 683 3338 obedire
705 3270 828 3336 felicius
850 3276 927 3356 pute
950 3291 1046 3356 quam
1069 3292 1110 3338 ex
1131 3274 1329 3339 necessitate
1368 3273 1482 3358 Igitur,

307 3403 369 3468 qua
391 3361 605 3470 ope⁸rtunitate
627 3384 701 3451 0tte
725 3390 830 3451 res'ter
852 3387 886 3452 in
908 3387 1029 3453 curiam
1052 3388 1184 3471 venerit,
1206 3388 1236 3454 si
1258 3387 1370 3456 audire
1392 3389 1481 3474 libes,

307 3497 403 3564 etiam
426 3505 530 3565 ertum
554 3502 621 3566 eius
645 3505 677 3566 et
699 3501 804 3586 prima
825 3500 1006 3568 rudimenta
1027 3502 1165 3569 breuiter
1186 3504 1321 3570 edicam

397 3615 450 3680 32.
487 3614 618 3700 Semper
646 3615 830 3682 honorande
852 3635 889 3681 ac
910 3616 983 3682 diue
1004 3619 1157 3685 memorie
1181 3618 1256 3685 Otto
1278 3619 1483 3688 &adsumus

308 3748 347 3796 en
362 3729 478 3796 Suesia
499 3730 591 3798 duxit
612 3731 765 3815 originem
773 3727 794 3797 ².
829 3730 981 3798 Parentes
996 3732 1143 3818 equidem
1167 3735 1246 3819 eins,
1269 3743 1397 3822 patrem
1412 3738 1483 3804 dieo

308 3863 345 3910 ae
368 3851 518 3929 matrem,
542 3852 579 3912 ut
601 3867 710 3914 verum
731 3848 904 3931 fateamur,
926 3847 1094 3916 nobilitate
1114 3851 1218 3934 magis
1241 3871 1338 3936 quam
1359 3853 1484 3920 diuidis

307 3960 493 4028 claruerant.
530 3961 622 4046 Nem,
646 3963 774 4046 ingenui
797 3962 991 4047 condicione,
1014 3966 1148 4031 summis
1170 3968 1367 4054 principibus
1387 3989 1483 4055 pares

308 4081 399 4143 crant
427 4078 482 4142 sed
511 4077 623 4162 opibus
652 4079 802 4164 impares.
847 4079 991 4165 Cumque
1012 4080 1161 4148 Ottonem
1189 4082 1291 4149 tilium
1320 4067 1415 4152 suum
1437 4123 1480 4132 -

307 4193 412 4276 prima
427 4197 509 4258 etate
531 4192 646 4259 litteris
663 4193 827 4278 traditum,
851 4195 996 4278 diligenti
1010 4215 1088 4263 eura
1109 4199 1238 4284 proviso
1253 4200 1283 4266 ei
1297 4202 1482 4284 magisteria

380 4355 401 4385 ι
424 4342 522 4399 religans
539 4343 570 4399 N,
588 4341 736 4410 relegentis.
765 4403 768 4408 Ι
829 4345 852 4392 h.
876 4345 982 4404 preciosa
997 4347 1028 4403 N,
1044 4349 1207 4406 praesentiali.
1300 4364 1322 4397 e.
1344 4351 1388 4399 sic.

379 4436 405 4487 1.
424 4433 465 4489 (ll.
482 4435 543 4492 Ehe
560 4437 600 4492 111
618 4437 663 4492 24.
876 4441 903 4495 2.
926 4437 969 4497 cl.
986 4439 1048 4497 Eho
1065 4441 1079 4497 1
1097 4444 1124 4497 1.
