3142 4850
439 343 604 390 unoonrcr
626 341 754 389 conen.
789 339 851 392 aso.
864 338 917 390 24⁷
1198 323 1263 389 427

109 503 183 568 ribus
202 499 385 570 munerum¹
409 522 493 568 nunc
511 502 568 568 hos
583 521 666 567 nuuc
686 499 757 567 illos
773 501 834 566 sibi
849 499 991 567 alliciens
1008 537 1047 548 -
1066 501 1264 584 oougregatis
1303 515 1372 570 1130

109 639 175 704 quos
196 623 373 706 potuerunt,
397 618 478 705 proh
494 617 583 684 dolor
598 637 669 684 cum
686 617 834 703 episeopo
849 611 1035 683 Portuensi¹
1050 617 1149 683 rubea
1163 636 1266 702 eappa
1282 588 1388 636 ΡΜ

108 733 184 799 illum
196 735 376 802 cecderunt.
405 733 493 813 Quod
509 733 627 799 facturn
640 732 759 800 multae
775 732 937 816 sanguinis
953 731 1131 816 effusiones,
1146 732 1264 798 multae

108 843 232 916 locorum
256 850 343 917 urbis
368 851 612 932 destructiones,
642 847 799 914 terribiles
822 867 983 914 sacrarum
1013 848 1186 932 imaginum
1210 847 1266 913 de-

106 965 301 1032 crustationes
326 986 363 1032 ae
385 965 539 1032 bonorum
563 963 848 1031 ecelesiasticorum
869 964 1106 1048 distractiones,
1134 963 1196 1030 beu
1217 964 1265 1029 ia-

106 1081 193 1163 oinns,
214 1101 273 1167 pro
297 1081 474 1168 stipendio·
496 1080 633 1147 militum
649 1099 779 1146 suornm
794 1077 917 1164 sibique
937 1079 1177 1164 obsequentium
1192 1098 1267 1144 eon·

105 1203 218 1264 secutam
242 1203 332 1280 sunt3
357 1197 501 1283 quamvis
516 1195 592 1280 Leo,
616 1196 755 1262 eiusdem
771 1193 859 1261 Petri
874 1194 990 1262 Leonis
1006 1195 1116 1279 irater,
1140 1201 1173 1262 et
1185 1193 1268 1262 alter

103 1309 161 1378 Leo
181 1313 525 1399 tangentis-paoem,
554 1331 625 1378 cum
648 1317 781 1396 uterque
805 1311 975 1377 striderent
996 1310 1159 1396 dentibus,
1186 1308 1268 1377 alter

103 1427 132 1492 iu
153 1429 347 1512 alterutrum,
372 1435 539 1513 autequam
563 1447 650 1514 papa
671 1427 811 1509 obiisset,
837 1427 1014 1493 iurauerint
1035 1447 1142 1493 eoram
1165 1427 1267 1492 cardi-

103 1543 235 1611 nulibus:
267 1545 350 1630 quod
376 1551 488 1611 neuter
518 1563 627 1610 eornm
651 1542 689 1608 de
717 1541 870 1609 electione
897 1540 1055 1628 pontilicis
1082 1541 1268 1608 sosndalum

102 1658 221 1744 laceret,
245 1661 301 1726 sad
325 1679 416 1746 qnam
442 1660 574 1727 eeclesia
596 1658 736 1743 eligeret,
760 1679 818 1744 pro
841 1659 968 1725 domino
988 1663 1214 1726 venerarentur
1236 1664 1269 1725 et

102 1774 242 1842 calmont.

183 1891 249 1957 Nos
273 1896 396 1975 numm,
424 1891 614 1958 sententiam
637 1895 670 1957 et
692 1889 859 1956 eonsilium
887 1888 1105 1973 religiosorum
1128 1889 1267 1956 uirorum
1283 1912 1437 1973 uua-apr.

100 2005 320 2074 catholicorum
344 2011 376 2074 et
403 2007 648 2073 orthodoxorum
672 2005 712 2072 da
735 2005 850 2071 Tuscia
872 2005 912 2072 de
933 2003 1154 2089 Longobardia
1176 2011 1208 2072 et
1230 2005 1269 2072 de

100 2119 338 2190 ultramontanis
366 2121 512 2209 partibus
547 2121 765 2208 amplexantes
797 2121 1009 2209 approbantes
1039 2127 1072 2188 et
1097 2121 1268 2205 imitantes,

100 2233 221 2306 Petrum
247 2237 361 2306 Leonis
383 2240 417 2304 in
440 2238 500 2304 boc
522 2237 677 2321 iocinore,
707 2243 743 2304 ut
766 2235 978 2304 scismaticum
1002 2242 1049 2320 et,
1080 2237 1155 2323 quia
1177 2259 1269 2304 suum

99 2353 211 2420 seiam
225 2355 376 2439 defendit,
397 2353 570 2420 hereticum
587 2353 775 2420 omnimodis
792 2351 984 2420 abdicamus.
1019 2352 1179 2420 Domuum
1194 2374 1269 2421 uero

100 2470 231 2556 papam*
255 2471 472 2537 Innocentium
495 2490 552 2558 pro
569 2475 660 2556 patre
683 2474 714 2536 et
736 2489 860 2536 summo
883 2468 1032 2556 pontifice
1053 2474 1197 2538 tenemus
1219 2490 1270 2537 re·

99 2584 230 2671 cipimus
254 2607 441 2654 veneramur
465 2591 497 2653 ot
522 2586 663 2653 colimus.

183 2703 448 2771 Fratemitatem⁰
460 2708 598 2770 vestram
612 2696 689 2768 hao'
704 2702 929 2787 paternitatem
943 2722 1002 2789 pro
1018 2700 1109 2767 nobis
1126 2706 1269 2767 orantem

99 2816 241 2886 dominus
266 2821 405 2885 omnium
429 2839 615 2887 conservare
638 2819 796 2903 dignetur.
829 2817 881 2885 lde
903 2818 943 2883 ad
965 2817 1128 2882 seruitium
1144 2820 1271 2883 restrae

98 2936 275 3001 moctitatis
299 2936 483 3002 inconcussa
504 2934 581 3019 fida,
610 2936 700 3021 quasi
723 2954 822 3001 unum
846 2934 886 3001 de
906 2932 1034 3001 famulis
1056 2933 1186 3016 verbm,
1215 2931 1269 2999 de·

98 3066 206 3135 precor
230 3056 267 3117 ut
288 3050 487 3119 existimetis.

577 3192 790 3203 ...m-u—

100 3350 185 3421 247.
206 3356 407 3421 innocentius
424 3355 460 3419 ll
476 3378 565 3441 popa
588 3353 740 3419 Lotbmuo
756 3353 810 3419 ΙΙΙ
831 3355 901 3437 rapi
929 3354 968 3416 da
994 3352 1158 3419 autumate
1176 3353 1270 3437 facto

208 3472 327 3537 coibit.
370 3468 541 3550 Hortatur,
575 3484 610 3535 ut
638 3470 735 3535 tione
765 3470 902 3533 Roaoam
929 3471 1043 3533 veniat.
1086 3466 1271 3536 Gestarum

208 3588 480 3675 arobiapo'soopoon
505 3586 729 3665 Ravennates,
759 3585 895 3671 tapetum
917 3607 1018 3665 auum,
1048 3582 1269 3649 commendati.

1136 3696 1176 3778 (E
1193 3698 1270 3777 353)

185 3836 389 3903 Innocentius
405 3834 571 3921 episeopus
594 3852 704 3901 servus
719 3850 884 3899 servorum
898 3830 960 3897 Dei
980 3829 1095 3897 dilecto
1117 3829 1182 3897 filio
1196 3829 1271 3911 L(o-
1287 3842 1378 3962 ¹¹1⁸1iepl

166 4028 187 4061 a.
213 4012 334 4073 dispendio
350 4010 377 4059 Ζ.
511 4010 534 4057 b.
558 4024 600 4057 orra
613 4010 638 4056 V.
774 4020 794 4056 c.
816 4006 989 4055 diuturnitate·
1010 4008 1107 4054 rsstram
1127 4006 1170 4052 bac
1190 4022 1233 4054 orsa
1246 4007 1271 4054 V.

99 4090 120 4138 d.
143 4108 173 4139 ec
188 4093 211 4139 V
225 4094 382 4147 lat—uso,
399 4090 423 4137 Ζ
436 4090 622 4151 pauo-321.

171 4192 195 4243 l.
217 4189 250 4243 V.
269 4187 393 4243 Gratiani
411 4186 484 4241 deor.
503 4186 533 4239 P.
546 4185 587 4253 11,
606 4183 637 4239 Ο.
651 4185 680 4253 1,
699 4196 744 4253 qu.
761 4183 826 4237 114:
851 4182 942 4252 ,aliud
960 4186 1004 4237 est
1021 4198 1121 4239 munus
1139 4180 1272 4238 ubobse·

99 4275 175 4343 quio,
196 4276 271 4330 aliud
288 4292 389 4332 munus
407 4291 424 4331 a
443 4290 540 4343 mann,
559 4272 633 4327 aliud
651 4286 751 4326 munus
769 4286 786 4325 ιι
804 4270 906 4340 lingna.
933 4271 1033 4326 liunus
1050 4271 1153 4340 quippe
1170 4269 1206 4327 ab
1225 4269 1273 4326 ob

100 4364 196 4433 saquio
215 4368 257 4419 est
274 4363 408 4420 subiectio
426 4362 547 4419 indebite
566 4362 704 4432 impensu;
724 4375 824 4417 munus
836 4376 854 4415 a
865 4374 948 4417 manu
966 4359 1084 4429 pecunia
1098 4364 1155 4433 est,
1173 4374 1273 4416 munus

100 4452 231 4521 elingua
247 4450 352 4508 favor“.
460 4454 487 4507 2.
510 4452 600 4507 Petro.
708 4450 734 4534 3.
758 4462 800 4505 uo.
