3142 4850
360 318 484 371 unosrs
506 320 586 369 rma
609 316 766 369 orreum.
803 319 869 369 uss
885 320 925 371 ru
949 317 982 371 14
1189 303 1253 371 671

172 478 225 543 14.
259 477 363 545 Erant
382 484 489 545 autem
504 482 593 545 trans
607 474 713 546 mars¹
733 478 861 546 barbari
875 477 1061 547 crudelitate
1084 482 1116 545 et
1138 478 1255 547 sericis
1273 494 1343 552 nst

89 590 267 677 singulares,
282 594 336 677 qui
347 589 499 661 Uerani·¹
515 592 709 661 dicebantur.
739 592 793 677 Hi,
811 594 920 661 audita
934 592 1023 661 boati
1033 593 1169 681 presulis
1185 596 1254 681 opi·

88 707 191 791 nione,
219 707 338 776 crebris
360 708 622 792 allegationibus
644 708 889 777 mandaverant:
919 708 1020 794 quod,
1049 709 1077 777 si
1104 730 1254 795 nmquam

88 827 182 889 terras
205 842 313 891 eornm
336 824 456 892 intrare
479 831 690 911 presumeret,
720 824 790 891 sine
812 842 902 891 mora
924 844 995 891 eum
1019 825 1165 893 omnibus
1188 827 1254 893 suis

87 939 177 1005 morti
199 938 401 1007 acerbissime
418 960 454 1007 sc
468 940 656 1008 medendum
672 940 776 1007 sciret.
813 939 955 1025 Cumque
970 940 1019 1005 rir
1034 940 1105 1024 Del,
1128 940 1254 1009 ferrem

86 1053 118 1119 in
132 1053 255 1140 spiritu,
278 1055 381 1123 minas
396 1074 505 1123 eorum
527 1060 733 1142 postponeret
749 1055 917 1142 sepiusque
933 1055 988 1121 illo
1003 1055 1133 1123 tendere
1148 1055 1254 1143 dispo·

86 1175 180 1253 neret
202 1170 243 1238 ab
266 1170 413 1237 omnibns
433 1171 532 1239 vitam
556 1171 625 1238 eiua
647 1170 898 1238 desiderantibus
921 1170 1131 1239 inhibebatur.
1169 1170 1254 1255 ligre

86 1288 187 1351 tamen
209 1285 341 1370 terebat,
364 1287 448 1371 quod
470 1286 576 1353 nullus
599 1307 639 1354 ex
660 1286 828 1353 comitibus
852 1286 918 1353 suis
941 1287 1000 1353 hoc
1022 1306 1103 1373 opus
1125 1286 1254 1369 aggredi

86 1399 214 1468 volebat
305 1400 395 1480 Quod
424 1403 563 1470 sentiens
585 1401 788 1487 Uodalricns,
817 1402 983 1485 religiosus
1012 1402 1119 1469 Sancti
1146 1400 1253 1485 Egidii

85 1517 239 1599 sacerdos,
261 1517 479 1585 incunctanter
501 1538 536 1585 se
558 1518 632 1585 huie
652 1517 828 1585 discrimini
851 1516 974 1584 obtulit.
1009 1516 1068 1585 Cui
1090 1518 1162 1604 pius
1177 1517 1253 1584 Otto

84 1631 249 1699 admodum
272 1631 465 1719 gratulatus,
492 1634 652 1701 licentiam
676 1640 709 1701 et
730 1634 781 1699 vic
803 1632 933 1701 comitas
957 1633 1065 1699 statim
1088 1633 1251 1700 concessit

82 1745 272 1816 Adalbertus
302 1753 423 1832 autem,
456 1750 515 1816 viri
543 1749 605 1817 Dei
632 1751 805 1835 interpres,
840 1754 917 1816 tnnc
945 1768 1007 1815 non
1038 1749 1162 1829 aderat3
1197 1748 1251 1815 sed

82 1867 200 1960 postea,
223 1864 282 1930 bec
303 1863 480 1948 addiscens,
502 1866 653 1932 domnum
669 1866 850 1951 episcopum
875 1864 1002 1931 omnino
1020 1862 1134 1931 abbae
1149 1864 1252 1931 inten-

82 1958 165 2045 tione
187 1979 361 2047 conabatur
383 1986 541 2064 auertere,
568 1980 745 2048 lacrimosis
767 2000 839 2047 eum
862 1978 1051 2061 singultibus
1076 1978 1136 2045 boo
1159 1979 1252 2047 mode

82 2094 289 2181 compellens:
316 2097 344 2163 0
366 2110 473 2163 saoce
498 2110 600 2184 puter,
625 2099 704 2213 qoeid
725 2097 818 2182 epae?
857 2094 920 2161 Gar
942 2096 1178 2165 dilectissimum
1199 2119 1251 2163 co-

82 2225 275 2296 operatorem
303 2226 392 2279 ccum
419 2216 516 2279 morti
542 2214 699 2279 destinare
725 2234 791 2278 eon
816 2212 949 2279 memes
988 2212 1081 2279 Seiae
1109 2236 1144 2279 rc
1164 2236 1250 2294 cera,

80 2329 165 2411 qaod
184 2328 227 2394 ab
251 2329 394 2395 omnibus
416 2331 523 2410 noce,
547 2341 583 2394 et
603 2352 691 2409 reue,
715 2333 825 2395 morso
850 2333 915 2395 ciue
942 2332 1059 2396 ieiunio
1082 2330 1250 2395 addicatis.

1 2534 2 2541 ἵ
80 2439 195 2510 Servus
226 2449 332 2511 auwm
361 2444 423 2510 Dei
455 2443 637 2511 subridens:
668 2445 788 2511 Nonae
813 2446 859 2512 ait
894 2450 962 2532 ipre
990 2449 1134 2512 domines
1164 2447 1252 2512 Iessea

79 2555 219 2626 Gbrbco
242 2561 417 2647 debcipeloe
442 2583 514 2626 eece
539 2563 634 2646 quari
659 2583 730 2626 osea
756 2564 793 2626 ἐπ
821 2564 924 2627 credie
953 2563 1101 2647 leporum
1127 2555 1252 2626 mirit'l

77 2673 120 2740 lu
140 2680 294 2763 coupables
315 2678 409 2742 sotim
432 2677 566 2756 ecclesie,
588 2680 737 2763 princepe
760 2678 985 2763 apostoloram,
1009 2676 1122 2762 multoe
1146 2699 1163 2742 e
1185 2679 1251 2742 aeia

77 2791 121 2856 ec
145 2791 355 2878 aspersam
376 2793 585 2858 barbarorum
611 2793 732 2858 radim
754 2795 930 2860 destinavit.
973 2791 1039 2860 Sed
1068 2805 1097 2858 et
1124 2805 1251 2857 sanctos

76 2904 215 2974 θίεηιοω
233 2933 327 2996 pope
349 2908 547 2994 Dpona'es'asm
567 2910 781 2995 ostopups‘tum
804 2911 839 2972 ire
862 2905 1004 2985 Gella‘cs,⁰
1027 2908 1147 2993 aliique
1167 2931 1249 2993 pon·

76 3023 170 3105 ts'ficea
193 3025 338 3090 Rotnani
363 3025 579 3090 dilectissimos
608 3044 680 3088 euos
709 3022 952 3110 mapalisandi
976 3027 1085 3109 pratia
1109 3027 1250 3109 popam'e

75 3137 270 3220 diseamus,
295 3143 353 3226 qui
366 3141 406 3206 ab
422 3142 466 3206 er'e
480 3139 620 3226 copulati
635 3139 852 3205 ocadoesms.
888 3138 956 3204 Nec
978 3151 1082 3204 tameo
1104 3141 1252 3224 macces

75 3260 182 3319 mem
204 3259 317 3322 mortis
344 3277 414 3322 rene
436 3278 469 3320 cc
491 3254 736 3332 adiudicobantr
765 3257 842 3341 quin
869 3257 932 3320 imo
960 3255 1063 3340 glorie
1089 3257 1249 3341 poenineat

73 3370 219 3454 ipsorum
248 3371 352 3436 elect
373 3373 534 3436 dmotione
559 3371 790 3457 adpendebant.
830 3370 930 3436 Testis
958 3383 1003 3436 eat
1029 3371 1126 3436 michi
1146 3372 1247 3452 Deua,

73 3488 160 3570 quod
185 3508 251 3574 pro
280 3507 387 3552 umore
409 3489 474 3552 eim
503 3489 572 3572 ipae
599 3508 655 3572 epo
678 3487 760 3552 dunc
784 3486 995 3572 peecatorem
1022 3487 1249 3572 predicationis

73 3605 246 3694 capariam
259 3602 365 3668 subire
385 3615 519 3688 paratam
535 3625 638 3668 enecas.
676 3601 742 3669 sec
757 3605 834 3688 quia
850 3604 971 3668 aditam
986 3605 1168 3687 eprcdieerda‘
1180 3605 1248 3668 eio-

73 3715 169 3784 leatcr
183 3718 285 3784 arichi
301 3717 471 3797 obatraite's,
495 3718 578 3783 bunc
593 3718 730 3784 addamne
745 3716 871 3799 Cbriate',
895 3730 1005 3804 sponte
1020 3719 1181 3804 proficisci
1194 3741 1247 3783 cn-

70 3837 224 3920 piencem,
254 3856 319 3900 ooo
342 3855 479 3900 arceor.
569 3831 669 3900 Nocte
691 3832 790 3916 igitur
810 3832 953 3898 insecuta
975 3831 1160 3899 Uodalricus
1190 3851 1247 3918 per

72 3967 221 4035 soporem
243 3948 338 4034 ridit,
368 3968 403 4017 se
425 3949 459 4014 in
481 3947 563 4015 atrio
586 3946 716 4014 ecclesie
738 3947 841 4014 saneti
862 3946 971 4030 Egidii
994 3946 1086 4032 quasi
1107 3946 1147 4014 ad
1174 3965 1248 4033 pro·

142 4160 164 4192 n.
187 4132 271 4193 nitunt
286 4145 317 4201 Ε,
333 4144 412 4191 nernni
430 4142 460 4199 0;
476 4139 545 4204 cap.
558 4143 608 4188 ⁶72
622 4141 680 4190 snb.

142 4251 168 4305 1.
186 4250 206 4305 i.
220 4265 247 4305 e.
265 4253 342 4303 bans
360 4263 460 4318 aqum,
482 4261 554 4316 quae
571 4247 639 4300 Hali
654 4251 788 4302 vocantur
807 4245 853 4310 (ab
872 4245 1015 4301 Usnoimla
1032 4243 1068 4298 ad
1086 4243 1247 4312 meridiem).

71 4337 96 4391 2.
120 4337 230 4392 incolae
255 4336 315 4391 eins
336 4336 423 4406 partis
441 4333 579 4390 marchiae
596 4333 870 4405 Brandenburglcae,
894 4347 965 4404 quae
985 4331 1188 4403 ,Uckcrmark“
1207 4331 1248 4388 di·

71 4425 149 4482 citur.
180 4424 223 4483 cf.
245 4440 329 4496 supra
345 4441 374 4495 p.
387 4425 449 4480 587.
538 4425 565 4480 3.
583 4422 679 4478 llattb.
693 4423 736 4492 10,
749 4423 793 4478 16.
