3142 4850
472 342 638 392 nonomen
660 341 787 392 eonnx.
820 339 876 392 noe
1183 326 1250 392 443

91 501 224 570 monibus
250 503 356 588 iponm
384 501 485 570 Deum
514 504 548 570 in
571 509 711 570 ‘oensem
735 502 843 568 duxit:
873 505 910 569 ot
936 522 975 569 ee
1001 501 1053 568 die
1080 502 1165 570 inter
1190 523 1249 570 noe
1270 518 1341 573 1182

90 618 232 684 iodioorot
260 622 293 685 et
318 637 426 685 venem
454 619 611 685 inetioiem
635 617 883 700 demonstaret,
912 617 996 703 qood
1024 617 1137 684 honori
1164 617 1250 686 boeti
1284 590 1326 638 m

89 732 166 800 Petri
185 733 349 820 ipeinoqno
371 733 483 800 nicenii
504 731 650 800 Aoeoieti
671 733 806 800 rebelles
828 737 861 800 ot
882 735 1032 800 eonterii
1054 740 1169 802 eeeent

167 848 250 915 Deio
272 867 344 916 enm
367 848 435 916 dies
457 855 541 915 oeoet
560 845 819 916 reeumotionie¹
836 854 869 916 et
890 869 948 915 noe
970 869 1010 916 eo
1026 849 1251 936 die-proeliari
1267 869 1352 918 nme

89 962 244 1048 nollemus,
268 965 358 1050 quani
374 985 414 1031 ex
436 964 598 1050 inproviso
621 965 661 1032 eb
677 985 713 1032 eo
735 965 840 1031 invoei
854 985 974 1031 eumne.
1007 965 1073 1032 Noe
1089 985 1163 1033 vero
1177 985 1250 1032 oum

87 1078 157 1145 telio
171 1079 359 1163 videremus,
382 1084 507 1146 nostroe
529 1080 665 1147 maiores
688 1084 721 1146 et
742 1081 881 1146 minoren
903 1080 1030 1167 pubiioe
1052 1086 1084 1147 et
1099 1081 1250 1167 privatim

87 1193 206 1261 alluenti
227 1211 348 1279 eumne,
372 1196 418 1262 eie
440 1195 632 1281 imponendo
646 1215 705 1282 pro
721 1195 904 1283 penitentie,
926 1201 964 1262 ut
984 1197 1016 1262 in
1033 1195 1152 1263 honore
1166 1195 1251 1264 boeti

86 1307 166 1376 Petri
188 1331 223 1377 se
246 1310 451 1377 defenderent
472 1315 516 1376 et·
528 1310 677 1377 eooleeioe
694 1310 856 1377 Romanae
877 1315 995 1378 terrm
1018 1317 1250 1397 conservarent,

84 1432 114 1492 et
133 1444 235 1511 noque
256 1427 389 1512 proprie
410 1425 550 1493 vindicte
572 1445 674 1511 neque
696 1433 755 1513 pro
778 1426 888 1493 eolidie
908 1426 958 1494 vel
979 1427 1091 1513 spoliis
1113 1427 1169 1494 eod
1191 1447 1250 1514 pro

84 1541 260 1608 detentione
290 1541 440 1608 eoodeeiee
469 1549 502 1609 et
531 1542 691 1610 oommnni
721 1541 869 1610 libertate
901 1549 1089 1629 pugnarent
1131 1542 1251 1610 Taliter

83 1677 215 1742 nemque
237 1657 309 1724 illoe
333 1677 353 1724 a
373 1658 530 1744 peoodtie,
557 1672 638 1742 quoe
660 1657 788 1724 inerant
808 1659 960 1743 ooofeeei‚
993 1679 1033 1726 ex
1063 1659 1251 1727 anctoritate

84 1771 164 1838 tenti
175 1770 265 1839 Petri
287 1779 320 1840 ot
341 1772 462 1840 domini
482 1775 584 1840 nostri
604 1794 708 1862 pepoe
724 1775 898 1842 Innooentii
918 1775 1079 1859 totineque
1099 1773 1251 1842 eooloeioe

82 1886 284 1972 absolvimus,
306 1889 334 1956 oi
356 1889 390 1956 in
413 1889 494 1956 bello
518 1889 573 1956 illo
595 1895 803 1958 morerentur.
893 1889 1017 1958 Deinde
1037 1889 1133 1956 inito·
1156 1889 1249 1974 bello,

80 2001 122 2070 ibi
135 2001 224 2071 Dono
239 2011 388 2091 operatus
404 2011 454 2072 eet
473 2004 702 2074 ineffabiliter&
738 2005 821 2073 Nom
835 2025 895 2092 pro
909 2012 995 2074 nerto
1009 2025 1091 2073 unne
1106 2011 1250 2074 noenum

81 2127 261 2206 ponoootoe
288 2128 337 2188 eet
358 2119 462 2204 mille,
492 2126 525 2188 et
546 2121 609 2189 dno
636 2122 801 2205 ingerunt‘
824 2123 931 2189 deoem
954 2121 1052 2188 milio„
1093 2120 1250 2190 Nomento

80 2241 182 2304 notem
206 2255 368 2304 armornm
392 2244 425 2304 et
445 2258 597 2322 oqnornm
620 2243 859 2324 oeterorumque
881 2237 1054 2324 spoliorum
1077 2238 1124 2306 ite
1137 2244 1187 2305 eet
1201 2239 1251 2306 in·

79 2349 200 2438 finitos,
228 2353 312 2439 qood
335 2353 440 2420 nullos
462 2359 606 2420 noetrum
629 2355 725 2421 novit
767 2353 823 2422 lile
845 2358 967 2438 ntem,
996 2354 1051 2440 qni
1080 2373 1116 2422 ee
1143 2374 1251 2438 regem

78 2474 182 2553 eooot,
211 2469 297 2537 loxie
319 2470 450 2539 habenis
479 2490 581 2555 oeque
603 2469 769 2537 Salernum
793 2471 884 2556 fugit
923 2471 1012 2537 Tono
1038 2471 1193 2557 temporie
1220 2472 1251 2539 ei
1367 2494 1380 2521 ·

79 2580 185 2651 sieilia
213 2585 339 2651 eorioro
367 2584 455 2653 inere
482 2586 626 2653 onltorio.
717 2586 753 2652 In
780 2606 893 2673 oompo
921 2587 1037 2653 mirum
1065 2591 1131 2669 eet,
1166 2586 1251 2673 qnod

78 2699 182 2767 nnlloe
205 2720 248 2767 ex
271 2704 363 2786 parte
390 2707 500 2787 noetio
522 2702 627 2789 periit
670 2702 807 2769 Militnni
830 2722 905 2769 vero
934 2707 1100 2788 ceptorum
1121 2721 1162 2768 ex
1183 2702 1249 2770 illie

77 2817 204 2885 nomino
226 2816 359 2883 retineri
381 2837 445 2883 non
468 2823 616 2904 poeonnt3
643 2818 709 2885 fore
731 2817 874 2885 milleio
896 2818 1030 2885 venitote
1054 2816 1127 2885 ilios
1149 2818 1250 2885 orodi·

77 2950 144 2999 moe
167 2952 252 3001 esee.
290 2931 462 2999 Enimvero
486 2952 525 3001 ex
547 2932 666 3000 noetrie
689 2952 747 3001 neo
770 2932 884 3018 aliquio
906 2938 1018 3020 ooptoe
1041 2938 1090 3001 oet
1110 2953 1170 3001 noo
1191 2933 1249 3001 eli·

77 3048 145 3131 onie
168 3048 261 3131 obiit
285 3049 425 3134 exceptio
442 3048 639 3133 quibusdem,
664 3050 718 3135 qni
733 3069 767 3117 ee
780 3050 817 3115 in
830 3045 977 3118 domine¹
992 3048 1168 3136 proiecer03
1190 3068 1250 3117 noo

76 3166 178 3231 tmen
203 3168 257 3231 tot
273 3163 382 3247 inore,
406 3164 661 3249 qnotdioontnr.
702 3164 793 3243 Quod
819 3170 921 3231 totum
950 3166 1159 3252 omnipotenti
1179 3164 1249 3235 Deo

76 3276 273 3366 imputamus
286 3285 328 3347 'et
348 3299 411 3346 non
434 3279 566 3364 homini,
590 3280 657 3365 qni·
666 3284 733 3347 tom
749 3280 844 3349 oelori
858 3281 977 3350 anxilio
991 3282 1025 3347 in
1040 3291 1075 3348 ee
1090 3280 1250 3350 otnfiden·

76 3393 156 3461 tibus
179 3394 351 3463 subvenire
374 3394 521 3479 dignutus
544 3400 603 3463 eet.
685 3396 823 3463 Nomine
844 3402 950 3465 antem
972 3397 1125 3465 baronum
1148 3398 1248 3483 doeio,

77 3511 128 3593 qui
149 3510 239 3597 oepn'
256 3518 331 3577 eunt
345 3516 378 3579 et
395 3516 553 3595 tenentur,
576 3510 635 3579 hoo
649 3518 736 3579 nont:
761 3530 866 3579 eomes
880 3512 1047 3597 R(ogeroe)
1062 3513 1103 3579 de
1116 3512 1248 3598 Arione,

77 3642 177 3693 oomee
201 3625 240 3693 R.
265 3625 465 3694 decivitate
488 3632 520 3693 ot
542 3626 597 3693 olii
619 3626 699 3694 tolon
721 3627 788 3694 iere
809 3628 950 3712 triginta„
990 3628 1140 3695 Tentoria
1160 3629 1249 3697 dnoie

77 3746 107 3807 ot
136 3741 275 3828 proprio
300 3740 423 3828 oopeilo
451 3760 523 3808 enm
552 3740 697 3809 omnibus
727 3742 914 3810 uteneiiibne
944 3749 977 3811 et
1002 3744 1127 3811 seriniis
1154 3750 1250 3832 oopto

76 3854 169 3925 inore.
204 3856 242 3924 In
266 3856 380 3942 quibus
394 3857 526 3925 invenie
540 3863 614 3924 eunt
627 3857 805 3943 privilegia,
827 3858 862 3925 in
877 3859 990 3945 qniboe
1005 3859 1117 3927 Petrus
1132 3858 1248 3927 Leonis

77 3972 174 4057 ipeom
198 3973 336 4041 Romam
359 3977 393 4039 et
414 3972 454 4041 ob
476 3973 552 4039 indo
573 3993 672 4059 neque
694 3972 835 4041 Sieiliom
849 3979 957 4041 >totam
981 3976 1010 4042 ei
1034 3980 1150 4043 terrem
1172 3994 1247 4043 eon·

145 4252 166 4285 ι.
189 4240 258 4285 innto
274 4236 300 4285 Ζ.
394 4237 417 4283 b.
440 4236 577 4285 hoiobiliter
592 4237 619 4285 Z.
711 4251 731 4285 o.
753 4238 858 4299 Maeni
873 4238 900 4286 Z

144 4361 169 4413 1.
187 4358 218 4413 id
237 4362 282 4413 eet
303 4358 363 4415 dioe
387 4357 549 4415 dominiouo.
582 4356 640 4425 (ef.
658 4358 781 4415 Annnlee
799 4360 943 4416 eminete·
961 4362 1045 4431 1132,
1067 4361 1140 4417 dion.
1154 4361 1246 4418 done

80 4441 202 4503 ΜΠ
214 4447 284 4503 309:
303 4446 365 4517 „die
384 4446 529 4518 domnion,
547 4448 575 4503 in
593 4453 689 4505 oonoto
700 4447 801 4505 leooto
818 4448 910 4505 9Koi.
922 4448 1035 4519 Auos).
1106 4452 1133 4505 2.
1150 4448 1246 4507 Sorno.
