<?xml version="1.0" encoding="UTF-8"?>
<!DOCTYPE html PUBLIC "-//W3C//DTD XHTML 1.0 Transitional//EN"
    "http://www.w3.org/TR/xhtml1/DTD/xhtml1-transitional.dtd">
<html xmlns="http://www.w3.org/1999/xhtml" xml:lang="en" lang="en">
 <head>
  <title>
</title>
<meta http-equiv="Content-Type" content="text/html;charset=utf-8" />
  <meta name='ocr-system' content='tesseract 3.04.00' />
  <meta name='ocr-capabilities' content='ocr_page ocr_carea ocr_par ocr_line ocrx_word'/>
</head>
<body>
  <div class='ocr_page' id='page_1' title='image "./bibliothecareru06jaffgoog_0804.png"; bbox 0 0 3142 4850; ppageno 0'>
   <div class='ocr_carea' id='block_1_1' title="bbox 386 341 1263 404">
    <p class='ocr_par' dir='ltr' id='par_1_1' title="bbox 386 341 1263 404">
     <span class='ocr_line' id='line_1_1' title="bbox 386 341 1263 404; baseline 0.003 -3"><span class='ocrx_word' id='word_1_1' title='bbox 386 354 565 401; x_wconf 80' lang='grc'><strong>66666661</strong></span> <span class='ocrx_word' id='word_1_2' title='bbox 588 355 770 403; x_wconf 79' lang='grc'><strong>61666666.</strong></span> <span class='ocrx_word' id='word_1_3' title='bbox 805 357 869 402; x_wconf 85' lang='lat' dir='ltr'>nra.</span> <span class='ocrx_word' id='word_1_4' title='bbox 887 357 912 402; x_wconf 92' lang='lat'>11</span> <span class='ocrx_word' id='word_1_5' title='bbox 934 352 970 401; x_wconf 82' lang='lat'>42</span> <span class='ocrx_word' id='word_1_6' title='bbox 1198 341 1263 404; x_wconf 79' lang='lat'>789</span> 
     </span>
    </p>
   </div>
   <div class='ocr_carea' id='block_1_2' title="bbox 83 514 1351 2694">
    <p class='ocr_par' dir='ltr' id='par_1_2' title="bbox 83 514 1351 2460">
     <span class='ocr_line' id='line_1_2' title="bbox 91 514 1351 600; baseline 0.007 -22"><span class='ocrx_word' id='word_1_7' title='bbox 91 514 191 579; x_wconf 87' lang='lat' dir='ltr'>cimus</span> <span class='ocrx_word' id='word_1_8' title='bbox 215 534 273 599; x_wconf 90' lang='lat' dir='ltr'>per</span> <span class='ocrx_word' id='word_1_9' title='bbox 295 519 418 600; x_wconf 88' lang='lat' dir='ltr'>patrem</span> <span class='ocrx_word' id='word_1_10' title='bbox 441 520 583 581; x_wconf 88' lang='lat' dir='ltr'>nostrum</span> <span class='ocrx_word' id='word_1_11' title='bbox 607 515 718 582; x_wconf 90' lang='lat' dir='ltr'>ducem</span> <span class='ocrx_word' id='word_1_12' title='bbox 733 514 872 582; x_wconf 89' lang='lat' dir='ltr'>Pelouie.</span> <span class='ocrx_word' id='word_1_13' title='bbox 908 515 1073 582; x_wconf 81' lang='lat' dir='ltr'><strong>Retribuat</strong></span> <span class='ocrx_word' id='word_1_14' title='bbox 1094 516 1142 581; x_wconf 94' lang='lat' dir='ltr'>illi</span> <span class='ocrx_word' id='word_1_15' title='bbox 1162 517 1261 583; x_wconf 91' lang='lat' dir='ltr'>demi·</span> <span class='ocrx_word' id='word_1_16' title='bbox 1282 533 1351 590; x_wconf 79' lang='lat'>1125</span> 
     </span>
     <span class='ocr_line' id='line_1_3' title="bbox 91 629 1279 715; baseline 0.005 -22"><span class='ocrx_word' id='word_1_17' title='bbox 91 650 151 695; x_wconf 92' lang='lat' dir='ltr'>nus</span> <span class='ocrx_word' id='word_1_18' title='bbox 167 629 253 696; x_wconf 90' lang='lat' dir='ltr'>lesus</span> <span class='ocrx_word' id='word_1_19' title='bbox 276 630 310 695; x_wconf 91' lang='lat' dir='ltr'>in</span> <span class='ocrx_word' id='word_1_20' title='bbox 331 630 382 696; x_wconf 91' lang='lat' dir='ltr'>dio</span> <span class='ocrx_word' id='word_1_21' title='bbox 399 630 567 713; x_wconf 81' lang='lat' dir='ltr'>agnitionis</span> <span class='ocrx_word' id='word_1_22' title='bbox 584 633 690 698; x_wconf 88' lang='lat' dir='ltr'>omniu</span> <span class='ocrx_word' id='word_1_23' title='bbox 705 632 798 715; x_wconf 78' lang='lat' dir='ltr'>bona,</span> <span class='ocrx_word' id='word_1_24' title='bbox 823 652 883 715; x_wconf 94' lang='lat' dir='ltr'>que</span> <span class='ocrx_word' id='word_1_25' title='bbox 899 631 1036 698; x_wconf 79' lang='lat' dir='ltr'>ostendit</span> <span class='ocrx_word' id='word_1_26' title='bbox 1050 632 1151 699; x_wconf 90' lang='lat' dir='ltr'>uobis.</span> <span class='ocrx_word' id='word_1_27' title='bbox 1180 633 1279 699; x_wconf 87' lang='lat' dir='ltr'>Nam·</span> 
     </span>
     <span class='ocr_line' id='line_1_4' title="bbox 90 744 1261 831; baseline 0.003 -20"><span class='ocrx_word' id='word_1_28' title='bbox 90 750 179 811; x_wconf 92' lang='lat' dir='ltr'>tante</span> <span class='ocrx_word' id='word_1_29' title='bbox 202 744 375 813; x_wconf 86' lang='lat' dir='ltr'>affectionis</span> <span class='ocrx_word' id='word_1_30' title='bbox 398 752 546 831; x_wconf 89' lang='lat' dir='ltr'>tanteque</span> <span class='ocrx_word' id='word_1_31' title='bbox 570 747 774 831; x_wconf 79' lang='lat' dir='ltr'>benignitatis</span> <span class='ocrx_word' id='word_1_32' title='bbox 798 747 882 813; x_wconf 81' lang='lat' dir='ltr'>eirca</span> <span class='ocrx_word' id='word_1_33' title='bbox 902 766 959 812; x_wconf 90' lang='lat' dir='ltr'>nos</span> <span class='ocrx_word' id='word_1_34' title='bbox 975 748 1091 831; x_wconf 82' lang='lat' dir='ltr'>extitit,</span> <span class='ocrx_word' id='word_1_35' title='bbox 1115 754 1151 814; x_wconf 91' lang='lat' dir='ltr'>ut</span> <span class='ocrx_word' id='word_1_36' title='bbox 1165 749 1261 815; x_wconf 89' lang='lat' dir='ltr'>etiam</span> 
     </span>
     <span class='ocr_line' id='line_1_5' title="bbox 91 860 1262 950; baseline 0.003 -23"><span class='ocrx_word' id='word_1_37' title='bbox 91 862 123 927; x_wconf 93' lang='lat' dir='ltr'>in</span> <span class='ocrx_word' id='word_1_38' title='bbox 139 860 328 927; x_wconf 88' lang='lat' dir='ltr'>Pomerania</span> <span class='ocrx_word' id='word_1_39' title='bbox 350 862 462 947; x_wconf 92' lang='lat' dir='ltr'>positis</span> <span class='ocrx_word' id='word_1_40' title='bbox 486 863 597 929; x_wconf 91' lang='lat' dir='ltr'>hiemis</span> <span class='ocrx_word' id='word_1_41' title='bbox 622 869 763 950; x_wconf 89' lang='lat' dir='ltr'>tempore</span> <span class='ocrx_word' id='word_1_42' title='bbox 787 862 841 929; x_wconf 96' lang='grc'><strong>1116</strong></span> <span class='ocrx_word' id='word_1_43' title='bbox 856 863 905 929; x_wconf 86' lang='grc'>616</span> <span class='ocrx_word' id='word_1_44' title='bbox 927 864 1065 950; x_wconf 86' lang='lat' dir='ltr'>optimus</span> <span class='ocrx_word' id='word_1_45' title='bbox 1081 870 1182 931; x_wconf 87' lang='lat' dir='ltr'>restes</span> <span class='ocrx_word' id='word_1_46' title='bbox 1205 886 1262 931; x_wconf 91' lang='lat' dir='ltr'>no·</span> 
     </span>
     <span class='ocr_line' id='line_1_6' title="bbox 91 976 1261 1066; baseline 0.003 -23"><span class='ocrx_word' id='word_1_47' title='bbox 91 976 139 1043; x_wconf 91' lang='lat' dir='ltr'>bis</span> <span class='ocrx_word' id='word_1_48' title='bbox 168 978 310 1044; x_wconf 91' lang='lat' dir='ltr'>mitteret</span> <span class='ocrx_word' id='word_1_49' title='bbox 338 977 503 1062; x_wconf 89' lang='lat' dir='ltr'>hiemales,</span> <span class='ocrx_word' id='word_1_50' title='bbox 534 980 681 1066; x_wconf 90' lang='lat' dir='ltr'>episcope</span> <span class='ocrx_word' id='word_1_51' title='bbox 710 984 742 1046; x_wconf 88' lang='lat' dir='ltr'>et</span> <span class='ocrx_word' id='word_1_52' title='bbox 764 979 819 1045; x_wconf 92' lang='lat' dir='ltr'>uni</span> <span class='ocrx_word' id='word_1_53' title='bbox 842 980 955 1063; x_wconf 87' lang='lat' dir='ltr'>auique</span> <span class='ocrx_word' id='word_1_54' title='bbox 977 979 1148 1045; x_wconf 90' lang='lat' dir='ltr'>seeundum</span> <span class='ocrx_word' id='word_1_55' title='bbox 1171 1001 1261 1047; x_wconf 88' lang='lat' dir='ltr'>auam</span> 
     </span>
     <span class='ocr_line' id='line_1_7' title="bbox 90 1094 1261 1181; baseline 0.002 -22"><span class='ocrx_word' id='word_1_56' title='bbox 90 1114 259 1179; x_wconf 89' lang='lat' dir='ltr'>personam</span> <span class='ocrx_word' id='word_1_57' title='bbox 289 1094 434 1177; x_wconf 86' lang='lat' dir='ltr'>idoneas,</span> <span class='ocrx_word' id='word_1_58' title='bbox 464 1100 527 1160; x_wconf 88' lang='lat' dir='ltr'>tam</span> <span class='ocrx_word' id='word_1_59' title='bbox 558 1095 678 1161; x_wconf 89' lang='lat' dir='ltr'>clericis</span> <span class='ocrx_word' id='word_1_60' title='bbox 707 1115 802 1181; x_wconf 90' lang='lat' dir='ltr'>quam</span> <span class='ocrx_word' id='word_1_61' title='bbox 831 1094 984 1161; x_wconf 81' lang='lat' dir='ltr'>militibus</span> <span class='ocrx_word' id='word_1_62' title='bbox 1011 1096 1078 1161; x_wconf 88' lang='lat' dir='ltr'>sive</span> <span class='ocrx_word' id='word_1_63' title='bbox 1104 1096 1261 1163; x_wconf 83' lang='lat' dir='ltr'>scutiferis</span> 
     </span>
     <span class='ocr_line' id='line_1_8' title="bbox 90 1210 1262 1295; baseline 0.003 -20"><span class='ocrx_word' id='word_1_64' title='bbox 90 1210 245 1276; x_wconf 89' lang='lat' dir='ltr'>omnibus.</span> <span class='ocrx_word' id='word_1_65' title='bbox 288 1210 379 1276; x_wconf 91' lang='lat' dir='ltr'>Nunc</span> <span class='ocrx_word' id='word_1_66' title='bbox 407 1230 481 1293; x_wconf 84' lang='lat' dir='ltr'>ergo</span> <span class='ocrx_word' id='word_1_67' title='bbox 509 1212 734 1277; x_wconf 86' lang='lat' dir='ltr'>consummatis</span> <span class='ocrx_word' id='word_1_68' title='bbox 763 1211 827 1295; x_wconf 88' lang='lat' dir='ltr'>his,</span> <span class='ocrx_word' id='word_1_69' title='bbox 858 1211 898 1276; x_wconf 93' lang='lat' dir='ltr'>ad</span> <span class='ocrx_word' id='word_1_70' title='bbox 927 1230 988 1295; x_wconf 90' lang='lat' dir='ltr'>que</span> <span class='ocrx_word' id='word_1_71' title='bbox 1014 1231 1072 1277; x_wconf 90' lang='lat' dir='ltr'>uos</span> <span class='ocrx_word' id='word_1_72' title='bbox 1097 1217 1262 1278; x_wconf 81' lang='lat' dir='ltr'>vocaverat</span> 
     </span>
     <span class='ocr_line' id='line_1_9' title="bbox 87 1326 1260 1415; baseline 0.002 -24"><span class='ocrx_word' id='word_1_73' title='bbox 87 1326 174 1411; x_wconf 88' lang='lat' dir='ltr'>ipse,</span> <span class='ocrx_word' id='word_1_74' title='bbox 209 1326 249 1393; x_wconf 86' lang='lat' dir='ltr'>ad</span> <span class='ocrx_word' id='word_1_75' title='bbox 277 1346 311 1393; x_wconf 95' lang='lat' dir='ltr'>se</span> <span class='ocrx_word' id='word_1_76' title='bbox 341 1346 484 1393; x_wconf 86' lang='lat' dir='ltr'>reversos</span> <span class='ocrx_word' id='word_1_77' title='bbox 514 1348 622 1393; x_wconf 90' lang='lat' dir='ltr'>omnes</span> <span class='ocrx_word' id='word_1_78' title='bbox 644 1348 702 1393; x_wconf 92' lang='lat' dir='ltr'>nos</span> <span class='ocrx_word' id='word_1_79' title='bbox 724 1333 761 1393; x_wconf 94' lang='lat' dir='ltr'>nt</span> <span class='ocrx_word' id='word_1_80' title='bbox 781 1326 863 1393; x_wconf 88' lang='lat' dir='ltr'>lilios</span> <span class='ocrx_word' id='word_1_81' title='bbox 886 1327 1066 1393; x_wconf 89' lang='lat' dir='ltr'>carissimos</span> <span class='ocrx_word' id='word_1_82' title='bbox 1089 1328 1260 1415; x_wconf 85' lang='lat' dir='ltr'>excipiens,</span> 
     </span>
     <span class='ocr_line' id='line_1_10' title="bbox 89 1442 1260 1529; baseline 0.001 -20"><span class='ocrx_word' id='word_1_83' title='bbox 89 1442 272 1529; x_wconf 87' lang='lat' dir='ltr'>episcopum</span> <span class='ocrx_word' id='word_1_84' title='bbox 295 1451 326 1509; x_wconf 91' lang='lat' dir='ltr'>et</span> <span class='ocrx_word' id='word_1_85' title='bbox 342 1448 462 1510; x_wconf 88' lang='lat' dir='ltr'>ceteros</span> <span class='ocrx_word' id='word_1_86' title='bbox 478 1464 617 1529; x_wconf 88' lang='lat' dir='ltr'>quosque</span> <span class='ocrx_word' id='word_1_87' title='bbox 633 1444 779 1528; x_wconf 78' lang='lat' dir='ltr'>congruis</span> <span class='ocrx_word' id='word_1_88' title='bbox 795 1443 967 1510; x_wconf 85' lang='lat' dir='ltr'>honoribus</span> <span class='ocrx_word' id='word_1_89' title='bbox 982 1443 1115 1528; x_wconf 83' lang='lat' dir='ltr'>habitos,</span> <span class='ocrx_word' id='word_1_90' title='bbox 1139 1443 1260 1510; x_wconf 91' lang='lat' dir='ltr'>nullum</span> 
     </span>
     <span class='ocr_line' id='line_1_11' title="bbox 88 1558 1262 1644; baseline 0.002 -20"><span class='ocrx_word' id='word_1_91' title='bbox 88 1558 218 1643; x_wconf 90' lang='lat' dir='ltr'>reliquit</span> <span class='ocrx_word' id='word_1_92' title='bbox 246 1558 441 1625; x_wconf 84' lang='lat' dir='ltr'>indonatum.</span> <span class='ocrx_word' id='word_1_93' title='bbox 484 1558 582 1643; x_wconf 80' lang='lat' dir='ltr'>Dein,</span> <span class='ocrx_word' id='word_1_94' title='bbox 613 1560 688 1644; x_wconf 88' lang='lat' dir='ltr'>quia</span> <span class='ocrx_word' id='word_1_95' title='bbox 716 1560 903 1626; x_wconf 86' lang='lat' dir='ltr'>festinantes</span> <span class='ocrx_word' id='word_1_96' title='bbox 931 1560 1026 1643; x_wconf 80' lang='lat' dir='ltr'>vidit,</span> <span class='ocrx_word' id='word_1_97' title='bbox 1060 1579 1132 1627; x_wconf 88' lang='lat' dir='ltr'>oum</span> <span class='ocrx_word' id='word_1_98' title='bbox 1161 1560 1262 1626; x_wconf 88' lang='lat' dir='ltr'>multa</span> 
     </span>
     <span class='ocr_line' id='line_1_12' title="bbox 86 1675 1260 1761; baseline 0.002 -20"><span class='ocrx_word' id='word_1_99' title='bbox 86 1675 263 1759; x_wconf 85' lang='lat' dir='ltr'>gratiarum</span> <span class='ocrx_word' id='word_1_100' title='bbox 293 1675 415 1741; x_wconf 87' lang='lat' dir='ltr'>actione</span> <span class='ocrx_word' id='word_1_101' title='bbox 444 1676 606 1759; x_wconf 86' lang='lat' dir='ltr'>dimissos,</span> <span class='ocrx_word' id='word_1_102' title='bbox 636 1696 736 1761; x_wconf 89' lang='lat' dir='ltr'>usque</span> <span class='ocrx_word' id='word_1_103' title='bbox 767 1676 800 1741; x_wconf 93' lang='lat' dir='ltr'>in</span> <span class='ocrx_word' id='word_1_104' title='bbox 822 1675 985 1742; x_wconf 87' lang='lat' dir='ltr'>Boemiam</span> <span class='ocrx_word' id='word_1_105' title='bbox 1008 1696 1066 1741; x_wconf 92' lang='lat' dir='ltr'>nos</span> <span class='ocrx_word' id='word_1_106' title='bbox 1089 1677 1165 1743; x_wconf 84' lang='lat' dir='ltr'>fecit</span> <span class='ocrx_word' id='word_1_107' title='bbox 1186 1696 1260 1743; x_wconf 92' lang='lat' dir='ltr'>con·</span> 
     </span>
     <span class='ocr_line' id='line_1_13' title="bbox 87 1790 1260 1878; baseline 0.001 -21"><span class='ocrx_word' id='word_1_108' title='bbox 87 1792 170 1859; x_wconf 90' lang='lat' dir='ltr'>duci.</span> <span class='ocrx_word' id='word_1_109' title='bbox 207 1790 383 1878; x_wconf 78' lang='lat' dir='ltr'>Episcopus</span> <span class='ocrx_word' id='word_1_110' title='bbox 408 1812 481 1858; x_wconf 88' lang='lat' dir='ltr'>voro</span> <span class='ocrx_word' id='word_1_111' title='bbox 505 1797 635 1878; x_wconf 93' lang='lat' dir='ltr'>propter</span> <span class='ocrx_word' id='word_1_112' title='bbox 657 1792 872 1859; x_wconf 87' lang='lat' dir='ltr'>festinantiam</span> <span class='ocrx_word' id='word_1_113' title='bbox 896 1791 936 1857; x_wconf 93' lang='lat' dir='ltr'>de</span> <span class='ocrx_word' id='word_1_114' title='bbox 951 1792 1134 1877; x_wconf 90' lang='lat' dir='ltr'>episcopatu</span> <span class='ocrx_word' id='word_1_115' title='bbox 1149 1791 1260 1859; x_wconf 90' lang='lat' dir='ltr'>Pome-</span> 
     </span>
     <span class='ocr_line' id='line_1_14' title="bbox 86 1906 1261 1995; baseline 0 -20"><span class='ocrx_word' id='word_1_116' title='bbox 86 1908 177 1975; x_wconf 80' lang='lat' dir='ltr'>rsnie</span> <span class='ocrx_word' id='word_1_117' title='bbox 200 1928 258 1995; x_wconf 90' lang='lat' dir='ltr'>pro</span> <span class='ocrx_word' id='word_1_118' title='bbox 281 1912 354 1973; x_wconf 87' lang='lat' dir='ltr'>voto</span> <span class='ocrx_word' id='word_1_119' title='bbox 378 1928 433 1974; x_wconf 92' lang='lat' dir='ltr'>sue</span> <span class='ocrx_word' id='word_1_120' title='bbox 457 1912 533 1974; x_wconf 89' lang='lat' dir='ltr'>tuno</span> <span class='ocrx_word' id='word_1_121' title='bbox 555 1908 701 1973; x_wconf 86' lang='lat' dir='ltr'>ordinare</span> <span class='ocrx_word' id='word_1_122' title='bbox 723 1928 788 1973; x_wconf 90' lang='grc'>666</span> <span class='ocrx_word' id='word_1_123' title='bbox 811 1908 928 1993; x_wconf 89' lang='lat' dir='ltr'>potuit;</span> <span class='ocrx_word' id='word_1_124' title='bbox 953 1908 1008 1975; x_wconf 88' lang='lat' dir='ltr'>sed</span> <span class='ocrx_word' id='word_1_125' title='bbox 1031 1907 1070 1975; x_wconf 93' lang='lat' dir='ltr'>de</span> <span class='ocrx_word' id='word_1_126' title='bbox 1092 1906 1261 1993; x_wconf 88' lang='lat' dir='ltr'>prudentia</span> 
     </span>
     <span class='ocr_line' id='line_1_15' title="bbox 86 2022 1259 2108; baseline -0.001 -18"><span class='ocrx_word' id='word_1_127' title='bbox 86 2024 176 2091; x_wconf 90' lang='lat' dir='ltr'>ducis</span> <span class='ocrx_word' id='word_1_128' title='bbox 206 2022 358 2108; x_wconf 86' lang='grc'><strong>66611666,</strong></span> <span class='ocrx_word' id='word_1_129' title='bbox 381 2023 410 2090; x_wconf 91' lang='lat' dir='ltr'>ei</span> <span class='ocrx_word' id='word_1_130' title='bbox 437 2044 476 2089; x_wconf 84' lang='lat' dir='ltr'>ex</span> <span class='ocrx_word' id='word_1_131' title='bbox 499 2024 563 2090; x_wconf 93' lang='lat' dir='ltr'>otio</span> <span class='ocrx_word' id='word_1_132' title='bbox 586 2024 744 2090; x_wconf 84' lang='lat' dir='ltr'>commisit</span> <span class='ocrx_word' id='word_1_133' title='bbox 766 2022 985 2089; x_wconf 87' lang='lat' dir='ltr'>ordinandum.</span> <span class='ocrx_word' id='word_1_134' title='bbox 1020 2023 1065 2090; x_wconf 84' lang='lat' dir='ltr'>At</span> <span class='ocrx_word' id='word_1_135' title='bbox 1085 2022 1140 2090; x_wconf 91' lang='lat' dir='ltr'>ille</span> <span class='ocrx_word' id='word_1_136' title='bbox 1162 2044 1259 2089; x_wconf 90' lang='lat' dir='ltr'>unum</span> 
     </span>
     <span class='ocr_line' id='line_1_16' title="bbox 85 2138 1259 2226; baseline 0 -21"><span class='ocrx_word' id='word_1_137' title='bbox 85 2141 126 2209; x_wconf 92' lang='lat' dir='ltr'>de</span> <span class='ocrx_word' id='word_1_138' title='bbox 151 2139 321 2226; x_wconf 85' lang='lat' dir='ltr'>capellanis</span> <span class='ocrx_word' id='word_1_139' title='bbox 345 2140 410 2206; x_wconf 88' lang='lat' dir='ltr'>suis</span> <span class='ocrx_word' id='word_1_140' title='bbox 426 2140 633 2206; x_wconf 89' lang='lat' dir='ltr'>Adalbertum</span> <span class='ocrx_word' id='word_1_141' title='bbox 656 2141 794 2223; x_wconf 82' lang='lat' dir='ltr'>nomine,</span> <span class='ocrx_word' id='word_1_142' title='bbox 818 2160 910 2226; x_wconf 93' lang='lat' dir='ltr'>quem</span> <span class='ocrx_word' id='word_1_143' title='bbox 935 2139 974 2207; x_wconf 91' lang='lat' dir='ltr'>de</span> <span class='ocrx_word' id='word_1_144' title='bbox 995 2138 1095 2207; x_wconf 86' lang='lat' dir='ltr'>latere</span> <span class='ocrx_word' id='word_1_145' title='bbox 1114 2159 1259 2207; x_wconf 88' lang='lat' dir='ltr'>succum</span> 
     </span>
     <span class='ocr_line' id='line_1_17' title="bbox 84 2255 1258 2342; baseline 0 -19"><span class='ocrx_word' id='word_1_146' title='bbox 84 2256 158 2323; x_wconf 88' lang='lat' dir='ltr'>aliis</span> <span class='ocrx_word' id='word_1_147' title='bbox 194 2256 314 2323; x_wconf 89' lang='lat' dir='ltr'>duobus</span> <span class='ocrx_word' id='word_1_148' title='bbox 348 2256 563 2323; x_wconf 88' lang='lat' dir='ltr'>sacerdotibus</span> <span class='ocrx_word' id='word_1_149' title='bbox 593 2256 625 2322; x_wconf 93' lang='lat' dir='ltr'>in</span> <span class='ocrx_word' id='word_1_150' title='bbox 656 2255 846 2322; x_wconf 92' lang='lat' dir='ltr'>adiutorium</span> <span class='ocrx_word' id='word_1_151' title='bbox 876 2260 1074 2323; x_wconf 75' lang='lat' dir='ltr'>concesserat</span> <span class='ocrx_word' id='word_1_152' title='bbox 1100 2258 1258 2342; x_wconf 84' lang='grc'><strong>66166666,</strong></span> 
     </span>
     <span class='ocr_line' id='line_1_18' title="bbox 83 2371 873 2460; baseline -0.003 -20"><span class='ocrx_word' id='word_1_153' title='bbox 83 2372 267 2460; x_wconf 85' lang='lat' dir='ltr'>presulatus</span> <span class='ocrx_word' id='word_1_154' title='bbox 290 2373 408 2440; x_wconf 86' lang='lat' dir='ltr'>bonore</span> <span class='ocrx_word' id='word_1_155' title='bbox 431 2372 465 2439; x_wconf 91' lang='grc'>16</span> <span class='ocrx_word' id='word_1_156' title='bbox 488 2378 581 2456; x_wconf 87' lang='lat' dir='ltr'>gente</span> <span class='ocrx_word' id='word_1_157' title='bbox 603 2371 659 2439; x_wconf 89' lang='lat' dir='ltr'>illu</span> <span class='ocrx_word' id='word_1_158' title='bbox 682 2371 873 2440; x_wconf 89' lang='lat' dir='ltr'>sublimavit.</span> 
     </span>
    </p>

    <p class='ocr_par' dir='ltr' id='par_1_3' title="bbox 84 2489 1258 2694">
     <span class='ocr_line' id='line_1_19' title="bbox 177 2489 1258 2576; baseline -0.001 -20"><span class='ocrx_word' id='word_1_159' title='bbox 177 2489 300 2574; x_wconf 84' lang='lat' dir='ltr'>ltaque,</span> <span class='ocrx_word' id='word_1_160' title='bbox 330 2495 366 2556; x_wconf 90' lang='lat' dir='ltr'>ut</span> <span class='ocrx_word' id='word_1_161' title='bbox 393 2489 496 2556; x_wconf 88' lang='lat' dir='ltr'>brevis</span> <span class='ocrx_word' id='word_1_162' title='bbox 527 2489 603 2573; x_wconf 86' lang='lat' dir='ltr'>sim,</span> <span class='ocrx_word' id='word_1_163' title='bbox 631 2490 722 2556; x_wconf 81' lang='lat' dir='ltr'>iuxta</span> <span class='ocrx_word' id='word_1_164' title='bbox 744 2489 941 2576; x_wconf 90' lang='lat' dir='ltr'>propositum</span> <span class='ocrx_word' id='word_1_165' title='bbox 965 2509 1057 2555; x_wconf 89' lang='lat' dir='ltr'>suum</span> <span class='ocrx_word' id='word_1_166' title='bbox 1080 2495 1153 2556; x_wconf 92' lang='lat' dir='ltr'>aute</span> <span class='ocrx_word' id='word_1_167' title='bbox 1175 2489 1258 2556; x_wconf 90' lang='lat' dir='ltr'>diem</span> 
     </span>
     <span class='ocr_line' id='line_1_20' title="bbox 84 2603 955 2694; baseline -0.002 -21"><span class='ocrx_word' id='word_1_168' title='bbox 84 2603 284 2694; x_wconf 86' lang='lat' dir='ltr'>palmarum¹</span> <span class='ocrx_word' id='word_1_169' title='bbox 308 2605 347 2672; x_wconf 84' lang='lat' dir='ltr'>ud</span> <span class='ocrx_word' id='word_1_170' title='bbox 371 2605 477 2674; x_wconf 90' lang='lat' dir='ltr'>sedem</span> <span class='ocrx_word' id='word_1_171' title='bbox 501 2625 590 2672; x_wconf 90' lang='lat' dir='ltr'>suam</span> <span class='ocrx_word' id='word_1_172' title='bbox 615 2604 689 2671; x_wconf 90' lang='lat' dir='ltr'>Otto</span> <span class='ocrx_word' id='word_1_173' title='bbox 712 2624 858 2671; x_wconf 87' lang='lat' dir='ltr'>reversus</span> <span class='ocrx_word' id='word_1_174' title='bbox 880 2611 955 2671; x_wconf 79' lang='lat' dir='ltr'>est&#39;.</span> 
     </span>
    </p>
   </div>
   <div class='ocr_carea' id='block_1_3' title="bbox 465 3003 884 3071">
    <p class='ocr_par' dir='ltr' id='par_1_4' title="bbox 465 3003 884 3071">
     <span class='ocr_line' id='line_1_21' title="bbox 465 3003 884 3071; baseline 0 -2"><span class='ocrx_word' id='word_1_175' title='bbox 465 3003 611 3071; x_wconf 88' lang='lat' dir='ltr'>LIBER</span> <span class='ocrx_word' id='word_1_176' title='bbox 646 3003 884 3070; x_wconf 69' lang='lat' dir='ltr'>&#39;rnurlust</span> 
     </span>
    </p>
   </div>
   <div class='ocr_carea' id='block_1_4' title="bbox 79 3160 1347 3834">
    <p class='ocr_par' dir='ltr' id='par_1_5' title="bbox 79 3160 1347 3834">
     <span class='ocr_line' id='line_1_22' title="bbox 179 3160 1347 3251; baseline 0.002 -19"><span class='ocrx_word' id='word_1_177' title='bbox 179 3169 207 3232; x_wconf 89' lang='lat'>1.</span> <span class='ocrx_word' id='word_1_178' title='bbox 243 3165 320 3232; x_wconf 88' lang='lat' dir='ltr'>Post</span> <span class='ocrx_word' id='word_1_179' title='bbox 348 3160 607 3251; x_wconf 89' lang='lat' dir='ltr'>quadriennium&#39;</span> <span class='ocrx_word' id='word_1_180' title='bbox 631 3185 721 3248; x_wconf 84' lang='lat' dir='ltr'>vero,</span> <span class='ocrx_word' id='word_1_181' title='bbox 751 3164 826 3231; x_wconf 92' lang='lat' dir='ltr'>licet</span> <span class='ocrx_word' id='word_1_182' title='bbox 854 3164 961 3230; x_wconf 89' lang='lat' dir='ltr'>multis</span> <span class='ocrx_word' id='word_1_183' title='bbox 990 3164 1075 3230; x_wconf 91' lang='lat' dir='ltr'>demi</span> <span class='ocrx_word' id='word_1_184' title='bbox 1098 3169 1258 3232; x_wconf 91' lang='lat' dir='ltr'>teneretur</span> <span class='ocrx_word' id='word_1_185' title='bbox 1278 3179 1347 3234; x_wconf 74' lang='lat'>1127</span> 
     </span>
     <span class='ocr_line' id='line_1_23' title="bbox 82 3278 1257 3367; baseline -0.003 -17"><span class='ocrx_word' id='word_1_186' title='bbox 82 3283 243 3366; x_wconf 81' lang='lat' dir='ltr'>negociis,</span> <span class='ocrx_word' id='word_1_187' title='bbox 267 3282 335 3367; x_wconf 91' lang='lat' dir='ltr'>ipse</span> <span class='ocrx_word' id='word_1_188' title='bbox 358 3288 464 3348; x_wconf 86' lang='lat' dir='ltr'>tamen</span> <span class='ocrx_word' id='word_1_189' title='bbox 489 3301 596 3348; x_wconf 91' lang='lat' dir='ltr'>amore</span> <span class='ocrx_word' id='word_1_190' title='bbox 618 3280 741 3348; x_wconf 87' lang='lat' dir='ltr'>novelle</span> <span class='ocrx_word' id='word_1_191' title='bbox 763 3279 885 3348; x_wconf 86' lang='lat' dir='ltr'>colonie</span> <span class='ocrx_word' id='word_1_192' title='bbox 908 3301 963 3347; x_wconf 90' lang='lat' dir='ltr'>sue</span> <span class='ocrx_word' id='word_1_193' title='bbox 985 3278 1132 3364; x_wconf 84' lang='lat' dir='ltr'>flagrum,</span> <span class='ocrx_word' id='word_1_194' title='bbox 1156 3281 1257 3346; x_wconf 89' lang='lat' dir='ltr'>omni-</span> 
     </span>
     <span class='ocr_line' id='line_1_24' title="bbox 81 3397 1256 3484; baseline -0.001 -19"><span class='ocrx_word' id='word_1_195' title='bbox 81 3399 144 3466; x_wconf 93' lang='lat' dir='ltr'>bus</span> <span class='ocrx_word' id='word_1_196' title='bbox 168 3397 363 3484; x_wconf 84' lang='lat' dir='ltr'>postpositis,</span> <span class='ocrx_word' id='word_1_197' title='bbox 388 3397 475 3464; x_wconf 90' lang='lat' dir='ltr'>illam</span> <span class='ocrx_word' id='word_1_198' title='bbox 492 3398 629 3464; x_wconf 89' lang='lat' dir='ltr'>revisere</span> <span class='ocrx_word' id='word_1_199' title='bbox 645 3397 835 3481; x_wconf 78' lang='lat' dir='ltr'>aggreditur.</span> <span class='ocrx_word' id='word_1_200' title='bbox 872 3397 935 3465; x_wconf 85' lang='lat' dir='ltr'>Sed</span> <span class='ocrx_word' id='word_1_201' title='bbox 949 3417 990 3464; x_wconf 89' lang='lat' dir='ltr'>ne</span> <span class='ocrx_word' id='word_1_202' title='bbox 1004 3397 1085 3463; x_wconf 81' lang='lat' dir='ltr'>forte</span> <span class='ocrx_word' id='word_1_203' title='bbox 1101 3402 1256 3480; x_wconf 72' lang='lat' dir='ltr'>gravaret</span> 
     </span>
     <span class='ocr_line' id='line_1_25' title="bbox 80 3507 1258 3602; baseline -0.002 -21"><span class='ocrx_word' id='word_1_204' title='bbox 80 3535 143 3602; x_wconf 85' lang='lat' dir='ltr'>per</span> <span class='ocrx_word' id='word_1_205' title='bbox 166 3533 245 3601; x_wconf 90' lang='lat' dir='ltr'>ques</span> <span class='ocrx_word' id='word_1_206' title='bbox 269 3513 385 3580; x_wconf 91' lang='lat' dir='ltr'>dudum</span> <span class='ocrx_word' id='word_1_207' title='bbox 410 3513 596 3598; x_wconf 86' lang='lat' dir='ltr'>transierat,</span> <span class='ocrx_word' id='word_1_208' title='bbox 620 3513 730 3580; x_wconf 89' lang='lat' dir='ltr'>ducem</span> <span class='ocrx_word' id='word_1_209' title='bbox 753 3507 899 3581; x_wconf 59' lang='grc' dir='ltr'>Β666616Β</span> <span class='ocrx_word' id='word_1_210' title='bbox 919 3512 969 3579; x_wconf 93' lang='grc'>661</span> <span class='ocrx_word' id='word_1_211' title='bbox 992 3511 1114 3584; x_wconf 75' lang='lat' dir='ltr'>ducem,</span> <span class='ocrx_word' id='word_1_212' title='bbox 1128 3512 1258 3579; x_wconf 91' lang='lat' dir='ltr'>Polonie</span> 
     </span>
     <span class='ocr_line' id='line_1_26' title="bbox 80 3628 1256 3716; baseline -0.004 -18"><span class='ocrx_word' id='word_1_213' title='bbox 80 3631 203 3698; x_wconf 86' lang='lat' dir='ltr'>aliosve</span> <span class='ocrx_word' id='word_1_214' title='bbox 226 3629 311 3696; x_wconf 89' lang='lat' dir='ltr'>illius</span> <span class='ocrx_word' id='word_1_215' title='bbox 327 3630 377 3696; x_wconf 91' lang='lat' dir='ltr'>vie</span> <span class='ocrx_word' id='word_1_216' title='bbox 400 3629 540 3716; x_wconf 87' lang='lat' dir='ltr'>hospites</span> <span class='ocrx_word' id='word_1_217' title='bbox 561 3635 592 3696; x_wconf 90' lang='lat' dir='ltr'>ct</span> <span class='ocrx_word' id='word_1_218' title='bbox 608 3630 724 3695; x_wconf 82' lang='lat' dir='ltr'>amieos</span> <span class='ocrx_word' id='word_1_219' title='bbox 740 3649 824 3712; x_wconf 85' lang='grc'><strong>6666,</strong></span> <span class='ocrx_word' id='word_1_220' title='bbox 848 3649 906 3715; x_wconf 86' lang='grc'>666</span> <span class='ocrx_word' id='word_1_221' title='bbox 922 3628 1094 3695; x_wconf 85' lang='lat' dir='ltr'>Saxoniam</span> <span class='ocrx_word' id='word_1_222' title='bbox 1116 3628 1177 3694; x_wconf 90' lang='lat' dir='ltr'>iter</span> <span class='ocrx_word' id='word_1_223' title='bbox 1193 3629 1256 3694; x_wconf 91' lang='lat' dir='ltr'>dis-</span> 
     </span>
     <span class='ocr_line' id='line_1_27' title="bbox 79 3743 1327 3834; baseline -0.002 -22"><span class='ocrx_word' id='word_1_224' title='bbox 79 3747 199 3834; x_wconf 87' lang='lat' dir='ltr'>posuit</span> <span class='ocrx_word' id='word_1_225' title='bbox 235 3745 278 3812; x_wconf 88' lang='lat' dir='ltr'>Et</span> <span class='ocrx_word' id='word_1_226' title='bbox 301 3745 385 3832; x_wconf 86' lang='lat' dir='ltr'>opud</span> <span class='ocrx_word' id='word_1_227' title='bbox 408 3745 533 3812; x_wconf 89' lang='lat' dir='ltr'>Hallam</span> <span class='ocrx_word' id='word_1_228' title='bbox 557 3763 652 3812; x_wconf 84' lang='lat' dir='ltr'>nares</span> <span class='ocrx_word' id='word_1_229' title='bbox 676 3744 865 3811; x_wconf 80' lang='lat' dir='ltr'>victualibus</span> <span class='ocrx_word' id='word_1_230' title='bbox 888 3764 1038 3828; x_wconf 85' lang='lat' dir='ltr'>onerans,</span> <span class='ocrx_word' id='word_1_231' title='bbox 1061 3765 1119 3830; x_wconf 89' lang='lat' dir='ltr'>per</span> <span class='ocrx_word' id='word_1_232' title='bbox 1140 3743 1255 3810; x_wconf 86' lang='lat' dir='ltr'>Albam</span> <span class='ocrx_word' id='word_1_233' title='bbox 1273 3761 1327 3822; x_wconf 67' lang='lat' dir='ltr'>sps.</span> 
     </span>
    </p>
   </div>
   <div class='ocr_carea' id='block_1_5' title="bbox 77 3939 1256 4242">
    <p class='ocr_par' dir='ltr' id='par_1_6' title="bbox 77 3939 1256 4242">
     <span class='ocr_line' id='line_1_28' title="bbox 156 3939 1256 4002; baseline -0.001 -16"><span class='ocrx_word' id='word_1_234' title='bbox 156 3956 177 3987; x_wconf 88' lang='grc'>6.</span> <span class='ocrx_word' id='word_1_235' title='bbox 204 3942 228 3986; x_wconf 84' lang='lat' dir='ltr'>lo</span> <span class='ocrx_word' id='word_1_236' title='bbox 246 3941 270 3987; x_wconf 89' lang='lat' dir='ltr'><em>N</em></span> <span class='ocrx_word' id='word_1_237' title='bbox 284 3948 413 4002; x_wconf 77' lang='lat' dir='ltr'>sequuntur</span> <span class='ocrx_word' id='word_1_238' title='bbox 428 3941 497 3988; x_wconf 78' lang='lat' dir='ltr'>baec:</span> <span class='ocrx_word' id='word_1_239' title='bbox 520 3941 617 4002; x_wconf 80' lang='lat' dir='ltr'>Explicit</span> <span class='ocrx_word' id='word_1_240' title='bbox 638 3941 695 3987; x_wconf 85' lang='lat' dir='ltr'>liber</span> <span class='ocrx_word' id='word_1_241' title='bbox 717 3941 839 3987; x_wconf 87' lang='lat' dir='ltr'>sccundus.</span> <span class='ocrx_word' id='word_1_242' title='bbox 869 3940 983 3999; x_wconf 86' lang='lat' dir='ltr'>Incipiunt</span> <span class='ocrx_word' id='word_1_243' title='bbox 1003 3939 1102 3999; x_wconf 83' lang='lat' dir='ltr'>capitulo</span> <span class='ocrx_word' id='word_1_244' title='bbox 1121 3939 1173 3984; x_wconf 90' lang='lat' dir='ltr'>libri</span> <span class='ocrx_word' id='word_1_245' title='bbox 1194 3941 1256 3985; x_wconf 85' lang='lat' dir='ltr'>tertii</span> 
     </span>
     <span class='ocr_line' id='line_1_29' title="bbox 78 4011 1256 4080; baseline -0.005 -10"><span class='ocrx_word' id='word_1_246' title='bbox 78 4026 104 4070; x_wconf 92' lang='lat' dir='ltr'>in</span> <span class='ocrx_word' id='word_1_247' title='bbox 123 4023 193 4068; x_wconf 79' lang='lat' dir='ltr'>sitam</span> <span class='ocrx_word' id='word_1_248' title='bbox 210 4023 283 4067; x_wconf 84' lang='lat' dir='ltr'>suncti</span> <span class='ocrx_word' id='word_1_249' title='bbox 300 4021 389 4067; x_wconf 84' lang='lat' dir='ltr'>Ottonis</span> <span class='ocrx_word' id='word_1_250' title='bbox 410 4022 519 4080; x_wconf 85' lang='lat' dir='ltr'>episcopi.</span> <span class='ocrx_word' id='word_1_251' title='bbox 637 4021 659 4066; x_wconf 92' lang='lat' dir='ltr'>b.</span> <span class='ocrx_word' id='word_1_252' title='bbox 685 4019 777 4080; x_wconf 76' lang='lat' dir='ltr'>Scripsi</span> <span class='ocrx_word' id='word_1_253' title='bbox 794 4019 881 4066; x_wconf 76' lang='lat' dir='ltr'>treus</span> <span class='ocrx_word' id='word_1_254' title='bbox 897 4019 1029 4064; x_wconf 80' lang='lat' dir='ltr'>TERTIUS.</span> <span class='ocrx_word' id='word_1_255' title='bbox 1046 4011 1086 4063; x_wconf 80' lang='grc'>’16</span> <span class='ocrx_word' id='word_1_256' title='bbox 1103 4017 1130 4063; x_wconf 87' lang='lat' dir='ltr'><em>N</em></span> <span class='ocrx_word' id='word_1_257' title='bbox 1142 4017 1256 4064; x_wconf 75' lang='lat' dir='ltr'>laudentur</span> 
     </span>
     <span class='ocr_line' id='line_1_30' title="bbox 77 4097 1255 4162; baseline -0.006 -12"><span class='ocrx_word' id='word_1_258' title='bbox 77 4104 155 4150; x_wconf 77' lang='lat' dir='ltr'>bace:</span> <span class='ocrx_word' id='word_1_259' title='bbox 177 4101 307 4162; x_wconf 82' lang='lat' dir='ltr'>Explieinnt</span> <span class='ocrx_word' id='word_1_260' title='bbox 328 4101 427 4162; x_wconf 77' lang='grc'><strong>66611616</strong></span> <span class='ocrx_word' id='word_1_261' title='bbox 446 4101 497 4148; x_wconf 86' lang='lat' dir='ltr'>libri</span> <span class='ocrx_word' id='word_1_262' title='bbox 518 4101 587 4146; x_wconf 87' lang='lat' dir='ltr'>tertii.</span> <span class='ocrx_word' id='word_1_263' title='bbox 618 4101 698 4160; x_wconf 88' lang='lat' dir='ltr'>lucipit</span> <span class='ocrx_word' id='word_1_264' title='bbox 718 4100 775 4147; x_wconf 88' lang='lat' dir='ltr'>liber</span> <span class='ocrx_word' id='word_1_265' title='bbox 791 4100 873 4147; x_wconf 83' lang='lat' dir='ltr'>tertius</span> <span class='ocrx_word' id='word_1_266' title='bbox 895 4100 918 4145; x_wconf 90' lang='lat' dir='ltr'>iu</span> <span class='ocrx_word' id='word_1_267' title='bbox 934 4100 1003 4146; x_wconf 74' lang='lat' dir='ltr'>ritum</span> <span class='ocrx_word' id='word_1_268' title='bbox 1023 4098 1085 4144; x_wconf 85' lang='lat' dir='ltr'>beati</span> <span class='ocrx_word' id='word_1_269' title='bbox 1101 4097 1191 4144; x_wconf 83' lang='lat' dir='ltr'>Ottonis</span> <span class='ocrx_word' id='word_1_270' title='bbox 1207 4099 1255 4156; x_wconf 89' lang='lat' dir='ltr'>epi-</span> 
     </span>
     <span class='ocr_line' id='line_1_31' title="bbox 77 4181 529 4242; baseline -0.007 -13"><span class='ocrx_word' id='word_1_271' title='bbox 77 4183 156 4242; x_wconf 87' lang='lat' dir='ltr'>scopi,</span> <span class='ocrx_word' id='word_1_272' title='bbox 172 4182 317 4227; x_wconf 84' lang='lat' dir='ltr'>Pomeruuioc</span> <span class='ocrx_word' id='word_1_273' title='bbox 333 4183 407 4239; x_wconf 85' lang='lat' dir='ltr'>gentis</span> <span class='ocrx_word' id='word_1_274' title='bbox 424 4181 529 4241; x_wconf 84' lang='lat' dir='ltr'>apostoli.</span> 
     </span>
    </p>
   </div>
   <div class='ocr_carea' id='block_1_6' title="bbox 76 4291 1254 4542">
    <p class='ocr_par' dir='ltr' id='par_1_7' title="bbox 76 4291 1254 4542">
     <span class='ocr_line' id='line_1_32' title="bbox 157 4291 1254 4364; baseline -0.001 -16"><span class='ocrx_word' id='word_1_275' title='bbox 157 4296 181 4348; x_wconf 83' lang='lat'>1.</span> <span class='ocrx_word' id='word_1_276' title='bbox 201 4301 265 4348; x_wconf 88' lang='lat' dir='ltr'>ante</span> <span class='ocrx_word' id='word_1_277' title='bbox 284 4295 413 4349; x_wconf 77' lang='grc'><strong>621166.</strong></span> <span class='ocrx_word' id='word_1_278' title='bbox 448 4292 503 4348; x_wconf 87' lang='lat' dir='ltr'>Sed</span> <span class='ocrx_word' id='word_1_279' title='bbox 521 4291 556 4348; x_wconf 87' lang='lat' dir='ltr'>cl.</span> <span class='ocrx_word' id='word_1_280' title='bbox 577 4292 678 4347; x_wconf 71' lang='lat' dir='ltr'>libonis</span> <span class='ocrx_word' id='word_1_281' title='bbox 696 4293 727 4346; x_wconf 89' lang='lat' dir='ltr'>L.</span> <span class='ocrx_word' id='word_1_282' title='bbox 742 4293 768 4346; x_wconf 93' lang='lat' dir='ltr'>ll</span> <span class='ocrx_word' id='word_1_283' title='bbox 789 4295 821 4346; x_wconf 87' lang='grc'>18</span> <span class='ocrx_word' id='word_1_284' title='bbox 839 4309 923 4363; x_wconf 86' lang='lat' dir='ltr'>supra</span> <span class='ocrx_word' id='word_1_285' title='bbox 940 4310 966 4364; x_wconf 90' lang='lat' dir='ltr'>p.</span> <span class='ocrx_word' id='word_1_286' title='bbox 980 4294 1041 4347; x_wconf 79' lang='grc'><strong>648.</strong></span> <span class='ocrx_word' id='word_1_287' title='bbox 1149 4295 1175 4346; x_wconf 81' lang='lat'>2.</span> <span class='ocrx_word' id='word_1_288' title='bbox 1199 4292 1254 4347; x_wconf 92' lang='lat' dir='ltr'>imo</span> 
     </span>
     <span class='ocr_line' id='line_1_33' title="bbox 76 4375 1254 4455; baseline -0.002 -17"><span class='ocrx_word' id='word_1_289' title='bbox 76 4389 147 4455; x_wconf 91' lang='lat' dir='ltr'>post</span> <span class='ocrx_word' id='word_1_290' title='bbox 164 4382 319 4437; x_wconf 90' lang='lat' dir='ltr'>triennium.</span> <span class='ocrx_word' id='word_1_291' title='bbox 427 4384 453 4436; x_wconf 83' lang='lat'>3.</span> <span class='ocrx_word' id='word_1_292' title='bbox 472 4375 580 4436; x_wconf 85' lang='lat' dir='ltr'>interim</span> <span class='ocrx_word' id='word_1_293' title='bbox 598 4389 689 4436; x_wconf 89' lang='lat' dir='ltr'>autom</span> <span class='ocrx_word' id='word_1_294' title='bbox 710 4385 817 4436; x_wconf 87' lang='lat' dir='ltr'>mortuo</span> <span class='ocrx_word' id='word_1_295' title='bbox 835 4379 1254 4451; x_wconf 71' lang='grc'><strong>(1161216611251116616166</strong></span> 
     </span>
     <span class='ocr_line' id='line_1_34' title="bbox 76 4467 774 4542; baseline -0.004 -14"><span class='ocrx_word' id='word_1_296' title='bbox 76 4473 162 4542; x_wconf 87' lang='lat' dir='ltr'>duce,</span> <span class='ocrx_word' id='word_1_297' title='bbox 182 4468 340 4528; x_wconf 85' lang='lat' dir='ltr'>Sobieslsus</span> <span class='ocrx_word' id='word_1_298' title='bbox 357 4469 505 4528; x_wconf 88' lang='lat' dir='ltr'>Bohemise</span> <span class='ocrx_word' id='word_1_299' title='bbox 523 4469 580 4526; x_wconf 87' lang='lat' dir='ltr'>dux</span> <span class='ocrx_word' id='word_1_300' title='bbox 598 4467 688 4526; x_wconf 83' lang='lat' dir='ltr'>lactus</span> <span class='ocrx_word' id='word_1_301' title='bbox 706 4474 774 4528; x_wconf 79' lang='lat' dir='ltr'>eret.</span> 
     </span>
    </p>
   </div>
   <div class='ocr_carea' id='block_1_7' title="bbox 0 0 1576 4850">
    <p class='ocr_par' dir='ltr' id='par_1_8' title="bbox 0 0 1576 4850">
     <span class='ocr_line' id='line_1_35' title="bbox 0 0 1576 4850; baseline 0 4"><span class='ocrx_word' id='word_1_302' title='bbox 0 0 1576 4850; x_wconf 95' lang='lat' dir='ltr'> </span> 
     </span>
    </p>
   </div>
  </div>
 </body>
</html>
