3142 4850
338 314 461 362 aeours
484 315 565 362 erra
589 313 745 363 orauere.
780 288 876 362 arar
901 312 941 364 ro.
956 312 988 364 ru
1183 299 1249 363 603

81 473 133 540 teli
159 473 312 540 divinitus
341 474 458 540 donata
486 479 569 540 esset
597 474 769 542 sacerdote.
814 473 928 560 Sieqee
956 475 1044 558 regia
1070 474 1249 542 aemulatus
1278 491 1347 544 1106

81 589 306 672 munihoeutie,
335 595 407 676 poet
435 589 532 656 ardua
561 590 826 675 peregrinationis
847 591 1011 674 angariam
1039 596 1147 677 pastor
1177 591 1249 676 pius
1266 562 1362 609 Μ

80 706 182 772 ovium
205 725 334 772 suerum
357 724 465 770 curem
488 711 703 790 suscepturus,
726 705 912 787 Babonberg
933 706 1119 789 ingreditur,
1141 706 1416 802 dirimendam.-

80 820 201 886 aolero
229 828 262 887 at
290 821 405 906 populo
433 821 577 886 inmenso
606 821 800 888 iubilationis
823 821 962 907 tripudio
985 822 1051 888 ausi
1077 820 1249 904 augeluae
1277 791 1345 844 ¹¹⁰⁷
1362 806 1399 844 ¹¹¹·

80 935 142 1002 calo
165 936 282 1002 missus
309 936 476 1021 excipitur.
517 935 593 1017 Qui,
622 935 680 1002 tali
707 937 829 1022 potitus
855 936 990 1020 honore,
1017 937 1052 1002 in
1074 935 1134 1003 hoa
1156 956 1249 1004 omne

79 1050 215 1116 studium
238 1071 295 1116 aue
318 1051 495 1118 devooionia
518 1051 689 1136 impendit,
718 1057 753 1118 ut
779 1056 812 1117 et
833 1051 1000 1137 splendore
1022 1052 1173 1118 virtutum
1197 1072 1250 1117 ra-

78 1165 179 1232 diaret
200 1166 233 1232 in
257 1166 396 1232 moribus
420 1170 452 1232 et
474 1164 700 1247 glorificantem
724 1187 758 1232 ae
777 1166 948 1232 Dominum
972 1167 1040 1233 auia
1061 1166 1252 1250 glorificaret

79 1282 235 1367 operibus.
275 1281 310 1346 ln
334 1281 454 1346 eunetis
478 1281 562 1346 anim
586 1279 753 1348 affectabat
776 1282 925 1348 honorem
949 1280 1085 1365 Christi,
1116 1281 1250 1350 salamon

77 1397 201 1482 populi,
231 1401 445 1482 contemptum
475 1397 540 1476 aui3
565 1397 681 1480 aeteus,
712 1397 772 1464 sihi
800 1398 835 1462 in
863 1397 912 1463 hia
935 1397 1080 1464 omnibus
1107 1417 1171 1464 uon
1192 1417 1251 1464 sua
1307 1431 1308 1434 ¹

78 1513 131 1578 aad
161 1513 289 1578 Domini
317 1531 386 1579 esee
418 1510 507 1576 luora
537 1511 706 1596 querende.
752 1511 922 1581 Nitebatnr
952 1514 1060 1597 itaque
1094 1513 1130 1578 in
1156 1512 1250 1578 domo

76 1627 206 1694 Domini
229 1627 313 1694 oliva
334 1647 403 1694 esee
426 1623 620 1708 huotilera¹3
650 1627 833 1712 studuitque
859 1628 895 1694 in
922 1627 1048 1714 populis
1071 1627 1159 1695 verbi
1181 1649 1252 1694 ero·

75 1763 152 1826 gare
174 1743 339 1828 talentum,
364 1763 421 1828 pro
445 1762 506 1826 qno
529 1763 563 1808 se
586 1742 706 1810 solebat
728 1743 915 1828 quandoque
939 1763 1034 1830 super
1056 1744 1164 1810 omnia
1185 1743 1252 1810 Do.-

75 1860 154 1926 nrini
183 1859 267 1926 bona
288 1855 569 1926 constituendum&
611 1857 810 1945 Quapropter
833 1859 872 1924 de
900 1860 1071 1926 commissa
1092 1860 1153 1928 sibi
1175 1879 1252 1926 eura

75 1974 246 2058 sollicitus,
275 1974 485 2042 ecelesiastica
513 1973 644 2042 utilitati
673 1974 782 2042 diebus
811 1973 998 2056 invigilabat
1025 1993 1063 2041 ao
1090 1975 1250 2056 nootihue3

75 2090 156 2156 dane
184 2109 331 2176 oporam,
361 2090 516 2178 quomodo
546 2091 627 2158 bona
658 2089 789 2156 eooleaie
812 2109 867 2156 sne
890 2088 941 2156 vel
969 2096 1098 2173 augeret
1122 2091 1252 2158 inventa

76 2207 125 2272 rel
150 2211 342 2272 restauraret
365 2206 491 2272 emisse.
523 2205 602 2272 Cum
626 2205 749 2290 itaque⁰
773 2205 813 2272 ad
834 2203 1028 2272 dilatandam
1044 2204 1163 2272 Christi
1184 2205 1252 2289 glo-

74 2323 158 2388 riam
181 2325 249 2388 tota
269 2322 336 2388 aius
360 2321 507 2404 flagraret
529 2321 674 2403 intentio,
698 2320 833 2405 quadam
853 2320 985 2388 oeuobia
1004 2320 1251 2388 afundameutis

74 2439 264 2521 construxit
287 2438 421 2523 quedam
446 2458 535 2521 uero,
558 2438 647 2524 prius
669 2438 807 2505 tenuiter
828 2436 991 2520 inchoata,
1020 2438 1077 2504 sad
1099 2456 1157 2523 per
1179 2458 1252 2505 aum

75 2554 209 2621 ooalesie
239 2552 493 2637 Babonbergansi
526 2554 621 2637 digno
655 2554 760 2639 preeio
795 2552 965 2637 aequisita,
998 2551 1086 2637 largo
1122 2558 1252 2637 sumptu

73 2668 238 2757 parfooit't
1200 2740 1204 2746 ,

169 2788 207 2851 ll
223 2786 302 2866 (18).
326 2784 369 2851 Ut
380 2790 484 2851 eutem
497 2784 537 2851 ad
549 2791 658 2851 nostra
670 2784 843 2867 veniamne,
855 2782 940 2849 idem
952 2782 1020 2849 Deo
1030 2781 1162 2849 devotus
1173 2801 1253 2867 pon·

72 2902 155 2969 tifex
177 2900 437 2984 Babonbergenee
461 2900 688 2967 monasterium
710 2900 812 2967 saneti
832 2898 994 2966 llioheelia
1016 2918 1087 2963 oum
1111 2898 1253 2965 eiusdem
1387 2898 1397 2919 *

74 3018 209 3086 aeolesia
232 3016 362 3084 edideiia
385 3036 529 3083 noanon
552 3022 584 3083 et
607 3015 768 3083 basilicam
792 3020 901 3083 saneta
920 3014 1020 3081 Mario
1044 3019 1077 3081 et
1098 3013 1252 3101 oapellem

72 3134 162 3201 beati
183 3131 398 3201 Bartholomei
426 3150 497 3199 oum
527 3152 642 3216 magna
665 3133 757 3199 domo
785 3132 889 3199 eidem
911 3130 1075 3197 adhereuti
1098 3150 1119 3195 a
1139 3130 1252 3197 funda·

72 3249 193 3317 mentia
209 3248 357 3335 ampliori
371 3252 457 3315 statu
472 3247 674 3315 raedifioerit.
699 3248 861 3334 Capellam
877 3264 1001 3333 quoque
1015 3266 1110 3332 super
1125 3251 1253 3333 portam

72 3366 107 3433 iu
137 3366 257 3431 honora
281 3364 381 3431 saneti
404 3363 543 3430 Oswaldi
565 3365 650 3447 regis
674 3368 706 3431 et
731 3363 872 3430 martiris
895 3363 985 3444 leoit3
1014 3363 1069 3429 aed
1094 3369 1125 3428 at
1148 3362 1253 3429 direr-

72 3477 215 3549 sorium⁸
249 3487 281 3547 et
314 3480 397 3547 muri
433 3479 587 3547 ambitum
615 3498 685 3545 eum
719 3480 876 3545 universio
904 3478 1038 3545 officinis
1065 3479 1252 3545 eoushuxit

73 3597 161 3665 ldenr
186 3596 237 3663 vir
265 3596 374 3663 beatus
402 3596 520 3662 iontem
543 3596 577 3663 iu
601 3595 704 3663 medio
728 3594 858 3661 oleastri
880 3592 949 3661 lieri
975 3593 1084 3677 iussit,
1114 3595 1254 3679 itemque

72 3732 191 3781 venam
214 3730 295 3796 equo
311 3711 382 3777 vive
398 3712 437 3779 da
453 3712 555 3777 vicino
579 3715 686 3777 monte
709 3712 742 3776 in
763 3710 935 3777 oleastrum
959 3710 1116 3795 plumbeis
1138 3708 1253 3776 fistulis

71 3830 205 3917 copioso
229 3832 357 3915 sumptu
383 3827 453 3893 duroi
477 3828 561 3893 feeit.
596 3825 749 3911 Pleraque
766 3825 868 3893 eidem
891 3825 959 3891 loeo
979 3832 1165 3892 ornamenta
1179 3846 1253 3892 eou-

71 3946 166 4028 tulit;
196 3944 363 4029 interque
386 3942 464 4011 duas
494 3948 659 4027 argenteae
691 3940 838 4009 scutellas
861 3941 902 4008 ad
926 3941 1143 4028 suscipiendae
1166 3940 1252 4007 obla-

70 4063 190 4145 tiones,
213 4060 411 4143 aurifrigium
435 4078 559 4145 quoque
582 4064 614 4126 et
635 4058 774 4125 oaeulem
799 4057 985 4143 preciosam.
1021 4056 1154 4123 Crucem
1176 4076 1253 4141 quo·

149 4252 169 4285 a
193 4238 248 4285 Cum
264 4238 340 4297 itaqua
357 4261 378 4268 -
393 4236 488 4297 perfecit
504 4238 582 4297 recepi
598 4238 674 4291 errB,·
691 4252 732 4283 om.
747 4236 770 4282 C.
849 4236 871 4281 b.
895 4234 921 4281 ia
937 4236 958 4279 E
972 4233 1079 4295 sequium
1094 4234 1122 4280 de
1138 4234 1253 4281 eoeoodia'a

71 4319 104 4366 ab
121 4317 200 4365 Oltoee
214 4316 344 4377 aedificatio
359 4316 445 4363 relatio
461 4332 489 4363 aa
499 4316 616 4363 Herdordr'
626 4316 683 4363 diat.
693 4316 720 4363 h.
730 4316 743 4361 1
752 4330 770 4362 c.
781 4315 873 4361 12-17
883 4313 1000 4375 decerpta.
1027 4312 1063 4373 CJ'.
1073 4329 1149 4375 repro
1161 4330 1185 4375 p.
1194 4316 1253 4361 586¹.

151 4425 175 4476 1.
193 4422 238 4477 Pa.
253 4422 296 4491 51,
310 4421 352 4475 10.
443 4422 469 4475 2.
489 4420 585 4476 hletth.
598 4423 641 4491 25,
660 4422 703 4476 22.
717 4421 760 4475 23.
850 4421 876 4473 3.
896 4418 1093 4475 deversorium.

744 4525 762 4553 ι
