3142 4850
277 304 342 370 728
553 319 734 369 suasorem
755 318 937 369 nunnoous.
973 314 1183 368 11113133

189 499 258 553 1125
276 483 458 564 humanam,
481 479 640 565 flagellum
664 480 763 546 divini
780 478 947 547 confitetur
961 478 1078 545 iudicii.
1114 476 1278 545 Postremo
1293 477 1448 564 seipsum

278 597 477 683 culpabilem,
501 616 536 663 se
558 616 647 661 reum
671 596 800 681 addicit,
824 584 878 681 qui
895 615 933 662 ea
948 594 1008 679 die,
1032 614 1095 681 qua
1115 593 1173 659 bec
1195 594 1279 661 fama
1301 594 1447 679 perisset,

277 713 385 779 multis
410 712 542 798 panibus
566 712 771 779 habundaret.
807 710 940 795 Dehinc,
963 710 1048 777 dieta
1067 709 1205 776 breuiter
1225 710 1366 775 oratione
1388 730 1448 795 pro

278 830 384 894 anima
406 828 548 911 iacentis,
570 848 700 894 manum
724 827 824 893 mittit
846 826 885 892 ad
909 845 1034 911 corpus,
1057 824 1283 891 cubicularium
1304 824 1450 891 bortatur

277 943 399 1010 levare·
421 963 537 1010 secum.
573 944 618 1009 At
639 942 708 1008 illc:
732 944 814 1009 Noli
828 943 874 1008 ait
888 944 1021 1020 domine,
1045 941 1114 1007 oolc'
1127 964 1234 1007 aumas
1249 964 1361 1007 manaa
1377 954 1450 1007 tuus

276 1065 462 1148 inquinem
479 1082 606 1125 curram
621 1073 650 1125 et
663 1060 778 1125 vocabo
796 1060 876 1125 elios
891 1081 929 1123 oe
944 1058 1125 1145 sepeliemur
1141 1080 1218 1123 eam.
1253 1054 1450 1143 crispiaco

276 1196 352 1262 pus:
381 1177 476 1242 Absit
502 1174 606 1259 inquit
634 1189 669 1241 ut
695 1197 835 1241 acrorem
863 1196 979 1255 meam,
999 1174 1107 1257 filiam
1129 1173 1199 1239 Ade
1226 1176 1321 1237 imore
1341 1173 1450 1255 fllium

277 1293 410 1373 ecclesie,
435 1305 561 1378 caepere
583 1294 764 1378 despicient
801 1290 941 1356 Portobo
959 1303 1124 1369 mortuom,
1150 1310 1246 1375 qoam
1260 1292 1364 1353 vivoru
1384 1312 1449 1375 pa-

276 1411 357 1473 aare
379 1408 555 1473 debueram.
591 1406 657 1473 Sed
679 1420 723 1486 to,
747 1428 836 1492 rope,
860 1409 936 1471 icoc
957 1428 1021 1483 1111,-
1045 1418 1156 1486 certae,
1181 1406 1266 1491 qaod
1288 1428 1309 1468 a
1326 1405 1396 1469 Deo
1419 1418 1451 1469 et

277 1551 298 1589 α
320 1546 368 1590 me
391 1546 515 1610 quoque
529 1524 700 1588 mercedem
715 1525 861 1608 acceptes.
897 1520 952 1587 lllo
970 1526 1084 1605 autem,
1107 1522 1167 1586 etsi
1183 1518 1313 1585 horrore
1329 1520 1450 1607 pariter

277 1643 310 1705 et
331 1638 430 1705 fetore
444 1635 579 1725 propelli
594 1636 759 1723 potuisset,
782 1643 899 1721 tamen,
923 1636 998 1702 dum
1013 1636 1184 1703 luctantem
1207 1639 1239 1703 et
1251 1634 1449 1702 laborantem

276 1754 400 1840 ipsique
423 1755 511 1822 oneri
533 1753 698 1819 humerum
722 1752 786 1817 iam
811 1756 972 1839 aptantem
989 1752 1084 1837 sidet,
1108 1752 1185 1819 vicit
1202 1755 1303 1817 semet
1325 1750 1449 1837 ipsum3

277 1875 309 1936 et
330 1868 446 1936 clausis
470 1869 599 1935 naribus
623 1888 797 1953 aversoque
820 1868 924 1953 vultu,
948 1868 1076 1935 dorsum
1099 1869 1201 1935 invise
1224 1866 1359 1933 subiecit
1381 1886 1450 1933 aar·

277 1986 361 2068 ciue3
386 1991 417 2053 ot
433 2006 511 2070 cum
534 1986 681 2072 episcopo
708 1985 938 2051 communicato
954 1983 1071 2069 labore,
1094 1984 1134 2051 ad
1150 1982 1339 2050 cimiterium
1355 1982 1451 2049 uada·

278 2123 333 2169 rer
355 2102 486 2169 letidum
503 2101 682 2187 deportant,
705 2105 853 2167 cantante
874 2119 910 2167 ac
925 2099 1020 2169 flente
1035 2100 1213 2167 sacerdote:
1237 2101 1310 2167 Heu
1323 2101 1422 2165 miehi
1430 2095 1448 2180 ¹,

277 2219 431 2299 Domine,
456 2221 534 2304 quia
554 2221 685 2304 peccavi
705 2220 801 2283 nima
824 2221 858 2283 io
881 2220 946 2283 os'to
968 2240 1046 2283 urea.
1083 2216 1171 2300 Quid
1189 2218 1318 2303 seciam
1342 2219 1448 2296 maer,

277 2335 334 2399 abi
345 2334 478 2421 sepiam
499 2335 565 2398 aiei
586 2335 630 2399 ad
652 2348 690 2414 te,
715 2334 804 2400 Deua
828 2334 933 2399 meua?
970 2335 1121 2399 Miserere
1135 2336 1205 2414 mei,
1230 2336 1305 2399 dum
1329 2336 1451 2399 aenam

277 2454 313 2517 io
334 2454 503 2517 noommmo
526 2451 586 2516 die.

368 2567 421 2631 33.
458 2564 575 2632 Videus
591 2585 675 2650 orgo,
699 2566 775 2650 quia
789 2571 915 2652 tempus
931 2585 1003 2632 eum
1019 2561 1152 2650 movct¹,
1176 2585 1284 2632 omues
1301 2571 1450 2652 apotecas

278 2703 352 2749 suas
368 2682 502 2768 aperuit,
526 2700 624 2768 panes
640 2686 800 2766 preparat,
817 2681 874 2748 alit
889 2685 1025 2766 egentes.
1059 2681 1103 2748 Et
1123 2701 1194 2748 occe
1210 2681 1300 2768 quasi
1322 2680 1364 2747 ad
1378 2681 1453 2747 uni-

278 2797 416 2865 versales
439 2797 596 2864 nundinas
624 2796 664 2863 da
685 2800 754 2862 tota
780 2797 943 2884 pruvincia
964 2797 1182 2866 famelicorum
1205 2795 1296 2864 turbe
1318 2815 1455 2863 concur-

278 2919 363 2998 runt,
386 2914 426 2980 de
449 2911 649 2980 monasteriis
672 2912 810 2979 virorum
834 2913 1080 2980 ecfeminatum
1101 2912 1455 3000 prepositiacdispen·

279 3033 415 3114 satores,
445 3049 616 3114 omnesque
639 3048 717 3113 quos
740 3049 895 3095 annorum
919 3033 1041 3113 egestas
1069 3029 1247 3114 promebat,
1276 3028 1318 3096 ud
1342 3049 1455 3117 prum-

278 3146 383 3212 tuaria
406 3145 547 3233 episcopi
570 3150 710 3228 currunt,
734 3151 863 3232 sperata
886 3145 1027 3212 subsidia
1049 3145 1117 3212 siue
1140 3163 1229 3212 mora
1243 3147 1454 3212 invenientes.

191 3269 261 3325 1126
279 3259 421 3345 Cumque
449 3261 561 3328 messis
590 3262 859 3348 appropinquaret
887 3267 919 3328 et
947 3267 1070 3329 maturo
1098 3262 1159 3328 iam
1189 3266 1311 3345 segetes
1332 3261 1456 3347 ubique

278 3376 418 3442 locorum
433 3376 546 3443 falcem
561 3376 769 3463 postularent,
793 3377 893 3444 multa
908 3377 997 3444 milia
1010 3376 1137 3444 falcium
1153 3378 1356 3465 pauperibus,
1373 3399 1457 3464 quos

278 3498 345 3560 toto
369 3513 451 3558 anuo
468 3492 600 3577 aluerat
623 3498 792 3581 preparata
808 3493 955 3560 distribui
968 3494 1053 3562 fecit
1088 3493 1192 3580 Atque
1208 3495 1333 3561 relectis
1349 3495 1457 3560 omui-

177 3627 260 3674 mas
280 3607 348 3692 bus,
372 3608 404 3673 iu
428 3609 599 3675 festivitate
622 3609 706 3676 beati
728 3608 849 3676 iacobi:
872 3611 954 3676 Ecce
974 3609 1079 3695 iuquit
1093 3615 1184 3696 pater
1198 3610 1336 3698 optimus
1351 3612 1459 3696 filioli

279 3707 356 3801 mei,
380 3738 466 3791 terro
489 3748 595 3790 coram
618 3727 705 3792 oobca
728 3739 787 3808 eat,
804 3727 902 3810 ficita
925 3741 969 3792 eut
992 3729 1114 3794 dierum
1135 3727 1269 3794 omlitia.
1303 3725 1347 3792 Et
1370 3728 1458 3794 acci-

279 3840 370 3925 piens
394 3838 533 3924 singulas
557 3839 663 3925 dulces,
688 3840 828 3924 singulos
850 3840 972 3909 addidit
987 3841 1147 3908 denarios:
1172 3843 1339 3926 uuicuique
1354 3843 1457 3910 deua-

279 3956 361 4022 rium
385 3960 419 4023 et
441 3955 564 4041 falcem,
588 3957 833 4024 instrumentum
857 3958 961 4045 operis
984 3963 1016 4024 et
1035 3958 1192 4026 viaticum.
1229 3957 1344 4044 Siaque
1366 3959 1458 4028 vale-

351 4166 372 4197 s.
395 4151 499 4198 levavero
515 4153 546 4198 N.

254 4316 260 4325 ,
352 4258 377 4310 1.
397 4256 439 4311 De
460 4255 512 4311 hoo
535 4258 708 4327 responsorio
726 4274 754 4313 v.
772 4257 881 4313 Rituals
899 4255 1052 4312 Romanum
1073 4255 1213 4329 ,officium
1237 4255 1455 4313 defunctorum·

280 4344 327 4410 (in
350 4343 473 4399 seeundo
496 4350 653 4413 nocturno).
760 4347 786 4402 2.
812 4343 854 4402 Gi.
874 4349 888 4402 1
906 4345 1131 4418 Macusb.12,1:
1151 4346 1209 4418 ,Et
1226 4345 1297 4402 vidit
1313 4345 1457 4418 lunatum,

279 4433 344 4504 quia
361 4438 471 4504 tempus
489 4449 552 4489 eum
570 4433 674 4490 iuvat“.
