3142 4850
391 299 581 349 memnones
603 299 883 349 nemausensem.
918 297 936 349 c
1184 283 1250 349 499

87 456 198 524 clericis
220 476 258 523 ac
279 456 381 541 laicis,
403 458 576 527 maioribus
599 464 632 525 et
654 459 839 543 minoribus,
863 460 929 525 suis
951 457 1097 525 fidelibus
1119 460 1170 527 vel
1193 460 1250 527 dn·
1261 476 1328 530 1081
1339 490 1417 529 ex.-

86 572 152 637 dum
178 572 271 639 lactis
293 573 345 640 vsl
373 574 475 641 adhuc
500 574 671 659 faciendis,
700 577 835 658 gratiam
865 575 1064 641 dilectionem
1095 581 1127 641 et
1157 595 1249 643 omne
1279 548 1347 601 ¹⁰⁸²
1365 546 1400 601 ³¹¹·

87 686 203 754 bunum.

165 804 348 871 Auctoritas
364 804 507 874 Romana
529 826 654 891 semper
671 808 777 889 vigere
799 806 893 873 debet
913 805 1052 889 iustitia3
1080 810 1112 873 et
1129 826 1164 873 ec
1183 824 1250 873 am·

85 918 160 1004 plius
175 920 333 987 universis
346 921 505 1006 gentibus,
529 942 591 1007 que
606 923 673 989 eius
689 923 740 989 vel
761 926 927 1008 peccatum
943 922 992 987 vel
1013 922 1158 989 meritum
1176 922 1250 989 sub·

84 1035 165 1101 isatis
188 1042 275 1103 recte
289 1037 416 1103 vivendi
438 1042 495 1103 aut
516 1043 566 1106 est
580 1038 805 1105 detrimentum
828 1042 883 1103 aut
904 1042 1117 1121 augmentum.
1153 1036 1250 1104 Cuius

83 1150 126 1217 rei
150 1170 236 1217 nunc
262 1152 379 1238 ubique
405 1152 514 1219 videre
545 1156 679 1240 potestis
711 1159 947 1238 argumentum
981 1154 1089 1221 videre
1123 1153 1249 1239 quidem

84 1268 224 1353 possetis,
247 1269 276 1333 si
297 1288 362 1335 neu
384 1274 513 1336 noceret
534 1269 622 1337 vebis
646 1270 779 1337 alicuius
802 1268 1074 1354 impedimentum.

164 1383 257 1451 Unde
271 1385 368 1451 etiam
383 1384 488 1451 minus
504 1384 726 1471 imputandum
742 1391 793 1454 cst
808 1384 907 1467 vebis,
931 1385 1007 1451 siin
1025 1384 1129 1469 alique
1146 1385 1250 1451 minus

83 1499 244 1583 diligentes
267 1501 388 1583 luistis3
415 1520 487 1566 cum
510 1500 564 1567 ills
573 1497 591 1585 ¹,
621 1502 675 1587 qui
698 1506 784 1569 recte
807 1501 934 1567 vivendi
958 1500 1066 1567 debuit
1088 1520 1157 1567 esse
1180 1520 1251 1585 spe-

83 1616 200 1701 culum,
226 1636 291 1683 non
318 1615 420 1683 selum
444 1616 534 1683 vobis
564 1618 621 1684 sed
648 1618 804 1684 universis
832 1616 1005 1683 catholicae
1033 1615 1105 1683 fidei
1134 1616 1252 1701 princi·

80 1738 187 1817 patum
210 1732 330 1801 Romae
351 1734 574 1801 venerantibus
595 1734 699 1801 factus
722 1734 765 1799 sit
794 1730 1030 1814 offendiculum
1059 1733 1093 1797 in
1116 1736 1250 1815 tantum,

81 1849 160 1932 quud
182 1848 317 1931 eeclesia
338 1849 403 1915 iam
425 1869 489 1915 non
511 1848 635 1935 lapsum
659 1849 715 1915 sed
738 1868 839 1935 paene
854 1848 992 1915 minetur
1007 1847 1251 1933 inreparabilem

80 1964 252 2032 interitum.

166 2080 268 2159 Quem
289 2100 348 2147 nes
371 2082 514 2148 videntes
537 2086 571 2149 et
591 2081 710 2149 diutius
733 2081 815 2147 ferre
838 2079 992 2163 nolentes,
1015 2078 1149 2147 Romam
1165 2080 1252 2145 veni·

79 2194 174 2263 mm’.
210 2196 273 2263 Ubi
297 2216 405 2263 omnes
428 2218 484 2263 vos
506 2196 615 2265 fideles
639 2197 781 2263 invenire
804 2196 1026 2282 sperabamus;
1051 2200 1083 2261 et
1106 2196 1201 2261 etiem
1218 2196 1251 2260 in

79 2316 200 2380 mutum
224 2313 265 2379 de
286 2314 411 2379 iustitia
433 2318 553 2396 vestra,
583 2313 622 2379 de
649 2318 801 2398 paternae
829 2311 1009 2395 fidelitatis,
1039 2332 1132 2396 quem
1162 2310 1252 2377 nobis

79 2432 240 2514 servastis,
263 2429 379 2496 fiducia
401 2429 617 2516 sperabamus,
643 2431 736 2515 qued,
760 2431 787 2495 si
811 2429 905 2496 etiam
931 2428 990 2494 soli
1007 2429 1187 2496 veniremus
1203 2427 1251 2494 vel

78 2558 165 2612 cum·
188 2545 390 2634 paucissimis
412 2546 577 2630 militibus,
606 2547 712 2613 omnia
733 2547 818 2611 iuste
841 2546 873 2610 in
896 2563 994 2627 regne
1018 2565 1054 2609 ac
1078 2544 1252 2610 sacerdotio

79 2663 242 2730 vobiscum
271 2667 409 2728 tractare
436 2682 611 2748 possemus,
704 2661 766 2728 Sed
795 2661 888 2744 lunge
917 2659 1009 2726 aliter
1039 2655 1114 2726 hac³
1143 2679 1251 2744 spera·

78 2779 189 2846 bamus
212 2799 271 2845 vus
292 2777 540 2846 inveniebamus.
580 2777 671 2861 Quia,
695 2798 773 2863 ques
797 2778 977 2863 putavimus
1001 2775 1129 2858 amices,
1154 2775 1252 2842 sensi-

77 2915 146 2961 mus
174 2890 355 2976 inimicus⁴3
384 2914 456 2960 cum
484 2915 542 2980 pre
571 2915 661 2962 mera
686 2894 811 2961 iustitia
840 2893 880 2960 ad
910 2913 964 2959 vos
992 2893 1186 2958 veniremus:
1217 2898 1253 2957 ut

77 3031 188 3096 pacem
210 3012 450 3094 interregnum
473 3016 505 3077 et
527 3010 741 3078 sacerdocium
764 3014 870 3076 vestro
893 3008 1025 3076 consiliu
1048 3013 1080 3076 et
1102 3008 1253 3074 canonica

78 3127 268 3196 auctoritate
289 3123 576 3214 componeremus‘.

164 3244 211 3310 Et
233 3244 350 3310 scimus
373 3243 483 3326 utique
505 3246 537 3308 et
558 3242 693 3309 libenter
711 3243 885 3308 credimus:
910 3261 966 3306 vos
981 3241 1119 3307 iustitiae
1136 3240 1253 3306 amicos

78 3359 245 3443 iustitiam,
267 3378 361 3444 quam
384 3358 464 3424 nulli
487 3359 621 3442 negatis,
643 3357 735 3424 nobis
758 3378 882 3444 quoque
898 3377 960 3424 non
983 3357 1166 3440 negassem,
1191 3357 1253 3422 nisi

78 3495 133 3542 nes
155 3495 217 3562 pre
241 3473 397 3540 iniustitia
420 3479 453 3540 et
474 3480 580 3542 vestra
607 3475 791 3541 confusione
813 3474 937 3540 venisse
963 3472 1141 3540 audissetis.
1183 3473 1253 3538 Non

79 3591 160 3657 snim
184 3593 370 3674 ignoramus
392 3589 479 3656 illius
502 3590 631 3676 dompni
654 3589 862 3656 Hildebrandi
890 3590 1149 3658 machinationes.
1188 3588 1254 3654 Nec

79 3707 194 3774 mirum
219 3711 285 3790 est,
313 3705 341 3772 si
363 3706 396 3772 in
420 3705 529 3772 eadem
553 3706 631 3772 urbe
659 3726 765 3773 secum
793 3705 971 3772 habitantes
1001 3705 1111 3771 fallere
1140 3703 1252 3790 potuit,

79 3823 131 3906 qui
152 3822 250 3907 lenge
271 3822 398 3908 lateque
420 3821 529 3891 urbem
551 3821 680 3890 seduxit
701 3827 734 3888 et
756 3821 921 3904 ecelesiam
943 3820 1096 3905 sanguine
1116 3818 1253 3884 liliorum

149 3987 170 4019 u.
193 3973 233 4021 vel
248 3986 299 4020 cum
316 3971 405 4020 addidi.

146 4063 173 4114 1.
193 4059 345 4128 Gregorius
356 4058 409 4113 Vll
427 4073 508 4129 papa
589 4061 614 4114 2.
636 4060 704 4114 1081
722 4056 785 4112 ilai.
799 4058 842 4112 21.
924 4057 950 4110 3.
974 4071 1015 4110 ae.
1099 4056 1125 4110 4.
1149 4054 1251 4110 liei.-

79 4145 234 4203 1un1081.
306 4147 332 4202 5.
351 4143 393 4201 Of.
406 4146 527 4202 Heinrici
545 4162 588 4217 cp.
603 4146 658 4201 dat.
674 4148 741 4201 1081
755 4144 864 4214 Apu-
875 4144 947 4212 blei,
968 4143 1086 4198 Udalrici
1105 4142 1165 4198 cod.
1179 4160 1205 4197 u.
1219 4145 1254 4198 66

80 4249 162 4304 supra
178 4253 208 4306 p.
223 4237 288 4291 139:
309 4234 381 4306 „bec
399 4241 494 4290 uostm
511 4237 621 4291 omnino
640 4236 767 4290 voluntas
786 4263 819 4272 -
839 4237 895 4303 cst,
920 4235 952 4287 ut
970 4232 1114 4287 —collato
1133 4231 1252 4287 emnium

79 4329 201 4380 vestrum
221 4325 344 4395 inprimis
358 4354 391 4366 -
404 4325 526 4394 ecumbe,
545 4323 674 4379 diuturna
685 4321 823 4377 discordia
841 4322 919 4390 regni
937 4327 965 4375 et
980 4320 1126 4376 sacerdotii
1145 4319 1179 4376 de
1198 4335 1253 4376 me-

80 4409 125 4466 dio
142 4413 257 4468 tollatur
274 4417 303 4468 et
319 4413 413 4469 cmuia
430 4412 465 4469 ud
483 4428 579 4484 pacem
599 4418 628 4468 et
645 4411 779 4468 unitatem
793 4441 824 4451 -
839 4407 1028 4468 revocentur“.

981 4506 1040 4563 32*
