3142 4850
317 332 382 395 774
588 344 769 393 usercam
792 344 974 392 cremans.
1010 344 1075 391 era.
1092 344 1118 390 11
1140 341 1230 392 mm

203 526 298 581 ,1124
317 508 401 573 viros
425 528 461 573 ac
483 506 618 573 feminas
641 525 711 573 cum
743 504 884 590 paruulis
907 504 989 586 snis,
1018 504 1127 569 eadem
1152 503 1226 569 iidei
1249 505 1383 568 societas
1412 522 1487 586 pau-

316 622 405 690 latim
430 621 571 687 involvit.
610 619 728 687 Pueros
753 641 877 706 quoque
898 620 985 706 ipsos
1007 625 1081 705 post
1103 620 1246 705 expletos
1269 624 1339 683 octo
1353 618 1433 697 dies,
1457 616 1488 680 in

317 739 370 805 die
392 736 597 824 depositionis
622 736 764 801 albarum
790 735 910 801 duabus
934 736 1074 801 camisiis
1096 735 1136 801 de
1151 734 1259 801 subtili
1274 752 1379 818 panuo
1395 731 1488 797 resti·

318 854 378 934 vit;
408 856 440 918 et
469 851 594 917 easdem
619 852 766 917 camisias
790 852 952 935 aurifrigio
975 852 1010 916 in
1033 872 1089 917 ora
1110 851 1225 937 capicii
1247 854 1279 916 et
1300 854 1412 914 sutura
1434 848 1491 911 bu·

318 968 428 1035 morali
453 972 546 1051 atque
569 966 721 1033 brachiali
740 968 847 1033 ornari
870 968 915 1033 eis
937 967 1022 1033 iecit
1060 967 1209 1052 Duosque
1223 964 1365 1048 cingulos
1381 982 1491 1029 aureos

318 1084 447 1151 tradens
479 1088 512 1149 et
538 1081 744 1149 calciamenta
772 1083 945 1167 picturata,
975 1083 1132 1167 verboque
1159 1082 1301 1147 doctrine
1326 1086 1359 1146 et
1387 1098 1491 1143 sacra-

319 1204 425 1265 mento
450 1196 638 1264 eucharistie
662 1216 715 1263 eos
738 1199 965 1279 communiens,
989 1217 1059 1262 cum
1082 1197 1198 1279 modio
1221 1198 1253 1261 in
1276 1197 1405 1261 domum
1426 1215 1491 1259 nra·

319 1314 378 1381 tris
401 1313 532 1380 remisit

410 1430 532 1495 Timo:
563 1426 652 1493 Miris
681 1426 783 1493 modis
813 1446 924 1493 aurum
953 1448 1044 1493 suurn
1073 1433 1106 1493 et
1133 1426 1266 1493 donaria
1287 1426 1364 1493 Otto
1386 1430 1492 1489 noster

321 1544 480 1631 expendit.
513 1542 557 1610 Ut
579 1544 662 1610 enim
687 1543 766 1608 salvi
790 1548 896 1608 essent
918 1542 1074 1625 homines,
1105 1548 1139 1608 ct
1160 1542 1265 1628 precio
1286 1539 1441 1606 conduxit
1461 1546 1492 1605 et

321 1659 416 1726 verbo
440 1659 604 1740 instruxit
631 1658 789 1742 rudesque
812 1657 978 1743 alumpnus
1001 1663 1033 1724 et
1055 1656 1272 1744 spiritualibus
1295 1655 1491 1721 documentis

321 1774 512 1842 informabat
535 1780 566 1840 et
588 1772 805 1860 corporalibus
829 1773 988 1839 beneficiis
1011 1772 1207 1839 conciliabat

412 1888 604 1955 Sefridus:
634 1888 761 1973 Optime
785 1890 1046 1955 animaduertisti.
1082 1888 1144 1954 Sed
1168 1892 1283 1972 quanto
1307 1887 1417 1952 fenore
1439 1885 1492 1951 do

321 2006 413 2072 naria
440 2024 497 2070 sua
524 2005 557 2069 in
581 2003 744 2069 thesauros
767 2002 897 2069 Domini
925 2004 974 2069 sui
1003 2004 1192 2089 aliquotiens
1215 2003 1425 2085 congesserit,
1455 2022 1491 2067 ex

323 2121 371 2187 his
395 2121 513 2206 poteris
536 2120 695 2185 conicere:

412 2236 464 2300 29.
496 2232 613 2302 Prefati
638 2234 752 2301 etenim
777 2234 878 2320 pueri,
901 2253 972 2300 cum
996 2234 1037 2300 ad
1059 2254 1133 2301 snos
1147 2233 1401 2301 coadolescentes
1423 2254 1492 2319 pm·

324 2350 494 2434 venisseut,
521 2352 554 2413 et
576 2348 731 2433 quomodo
756 2349 796 2415 ab
818 2350 965 2436 episcopo
987 2350 1088 2417 habiti
1111 2356 1143 2416 et
1165 2350 1311 2415 instructi
1332 2356 1443 2415 essent
1462 2356 1494 2414 et

324 2472 443 2553 quante
471 2470 555 2532 esset
583 2465 666 2550 apud
694 2464 782 2530 illum
808 2465 975 2552 disciplina
998 2473 1031 2534 et
1052 2467 1216 2550 honestas,
1246 2473 1366 2551 quanta
1392 2467 1493 2552 pietas

325 2590 357 2652 et
379 2581 602 2664 mansuetudo,
631 2580 792 2646 ruminare
814 2587 979 2667 ceperunt3
1008 2585 1218 2667 moratium,
1248 2587 1367 2668 quante
1392 2583 1493 2648 muni-

324 2699 448 2766 licentie
471 2717 508 2764 ac
529 2695 730 2762 liberalitatis
751 2695 835 2761 circa
850 2682 958 2763 omnes
973 2699 1124 2781 extiterit,
1148 2698 1311 2784 predicare
1325 2697 1418 2764 obliti
1433 2718 1493 2764 non

325 2821 408 2881 sunt.
444 2814 549 2898 Atque
571 2813 603 2876 in
621 2817 840 2894 argumentum
857 2813 918 2878 rei:
943 2811 1065 2879 Gemite
1079 2813 1226 2898 inquiunt
1239 2815 1290 2879 tur
1302 2816 1493 2879 indumentis

324 2944 397 3019 poet
426 2933 532 2996 oracio
562 2927 706 3009 hecateia
730 2949 789 2993 aaa
809 2950 868 2993 aaa
890 2932 1010 3010 induit,
1040 2931 1088 2994 tu
1110 2934 1215 2995 aurcis
1239 2931 1375 3015 ciapalis
1398 2931 1495 2995 bono·

326 3050 418 3113 racc.
453 3047 596 3110 Pecunia
618 3066 676 3107 aaa
699 3047 840 3128 captiuos
854 3047 990 3124 redimit,
1014 3049 1080 3110 suis
1094 3049 1245 3131 impensis
1261 3048 1383 3111 eosdem
1398 3049 1494 3124 satit,

327 3163 394 3227 cibo
418 3161 516 3243 reficit
537 3171 565 3224 et
588 3159 700 3224 liberos
723 3159 811 3223 abire
834 3161 971 3225 dimittit.
1010 3159 1097 3241 Quid
1111 3183 1263 3246 ucrqaam
1277 3162 1381 3226 simile
1398 3165 1496 3227 eim

327 3279 507 3342 auditumve
540 3287 583 3340 eet
614 3277 649 3339 ia
679 3286 763 3338 terra
790 3275 1063 3341 Pamemucrumi
1100 3278 1180 3361 quid
1206 3278 1308 3341 amic
1335 3279 1496 3363 panifices

328 3395 429 3458 acutri
451 3404 478 3456 et
500 3389 673 3455 sacedotes
687 3389 841 3473 faciunt?
874 3391 970 3456 Hunc
991 3404 1071 3457 certe
1085 3393 1224 3476 aliquem
1237 3391 1394 3457 urba'bilcm
1407 3395 1497 3458 &aar

328 3510 410 3572 iuter
433 3506 570 3570 homines
594 3506 765 3584 aduenisse,
789 3507 862 3590 ipsa
882 3509 1024 3591 proterite
1045 3508 1216 3592 redemptio
1232 3510 1441 3592 captiuorum,
1463 3511 1497 3572 ia

329 3624 432 3708 cippis
455 3633 483 3686 et
506 3619 704 3706 compedibus
722 3620 984 3705 putrefactorum,
1008 3622 1121 3717 mpitcs
1136 3625 1217 3687 cioca
1236 3635 1360 3687 uostms
1374 3625 1498 3708 fecerat

328 3751 501 3803 summare.
539 3735 604 3803 Sed
626 3735 689 3814 ille,
714 3735 771 3800 bec
792 3758 922 3820 cepam,
946 3760 1011 3802 aaa
1033 3740 1125 3802 deum
1146 3759 1180 3801 se
1201 3739 1257 3802 sed
1270 3738 1339 3802 Dei
1353 3740 1500 3804 aucam

329 3874 451 3918 cauum
478 3873 539 3938 pro
568 3861 676 3915 accim
704 3850 804 3916 salute
833 3853 876 3915 ad
897 3873 955 3916 uos
978 3855 1131 3918 directum
1153 3854 1220 3918 dici
1241 3853 1382 3917 &credi
1403 3867 1496 3939 aptat

329 3969 373 4034 m
395 3971 499 4032 anime
520 3965 785 4031 immortalitatem
814 3979 843 4031 et
871 3987 1038 4052 corporum
1064 3972 1320 4034 resurrectionem
1349 3981 1380 4034 et
1400 3983 1498 4034 creme

329 4087 391 4150 cite
410 4075 548 4169 pieriam
571 4083 747 4146 doctm'rrcm
770 4083 848 4147 dicit
864 4102 927 4146 eece
942 4083 1194 4148 cbrmtiacmum.
1231 4082 1340 4164 Quare
1353 4107 1420 4150 aaa
1432 4107 1497 4148 ere·

330 4200 425 4262 damr
440 4196 489 4262 eii
518 4193 584 4260 Hec
599 4194 694 4260 ethis
709 4195 828 4260 similia
841 4215 966 4280 pagana
980 4197 1126 4263 iuuentus
1142 4197 1343 4264 aiuvenibus
1358 4199 1498 4279 audiens,

332 4309 492 4394 aspirante
514 4310 616 4392 mutia
631 4308 702 4390 Dei,
720 4315 828 4406 'hacta
849 4315 898 4376 est
920 4317 953 4377 et
973 4311 1117 4378 adtracta
1137 4329 1196 4397 per
1218 4311 1346 4378 eosdem
1366 4313 1403 4378 in
1424 4333 1498 4378 eun

331 4421 401 4486 dem
428 4421 499 4488 fidei
521 4423 691 4505 terrorem3
715 4425 896 4509 reversique
919 4425 959 4490 ad
977 4425 1161 4512 episcopum
1175 4423 1345 4512 pueritide
1358 4433 1498 4494 recenter
