3142 4850
310 265 355 334 id
523 345 526 352 Ι
675 283 880 340 ,uniamur
901 279 1083 333 bonaur

213 457 282 514 root
312 443 509 529 disponimus
545 463 582 510 so
612 443 871 529 praedecessores
903 446 1031 542 nostros
1064 439 1252 528 equiparare
1284 440 1345 508 irae
1377 441 1413 508 iu
1446 462 1484 508 ra

312 557 450 626 maxime
473 560 657 644 rumpimus.
695 558 786 625 Unde
808 557 954 626 fidelibus
974 558 1092 624 noemia
1114 557 1290 643 quibusque
1316 576 1375 643 per
1399 556 1485 624 bane
1522 551 1529 565 ’

311 674 466 742 oartulam
488 679 613 762 pateat,
641 679 754 759 rogatu
781 679 815 740 at
840 674 1022 740 interuentu
1046 671 1214 756 willigisi·
1242 671 1483 758 arehiepisoopi,

203 532 294 579 mmai

312 809 388 874 erga
408 793 550 857 nostram
573 788 758 856 fidelitatem
780 809 859 876 prae
880 788 1027 855 omnibus
1046 787 1183 856 fideliter
1204 787 1352 871 extands,
1374 787 1485 854 omnia

310 923 421 990 rogum
444 911 477 973 et
498 905 726 992 imperatorum
749 904 900 978 eoolasiaa
914 923 991 971 snae
1005 903 1266 991 ambiepisropali
1278 901 1484 986 lloguntinsa

311 1021 387 1088 data
407 1021 527 1088 tradita
555 1025 587 1088 et
609 1039 758 1088 oonoessa
778 1039 839 1086 nos
863 1039 952 1086 more
979 1020 1068 1103 regio
1090 1021 1206 1086 iterum
1227 1018 1405 1085 roborando
1427 1018 1484 1086 da-

311 1135 396 1204 disse
424 1141 457 1203 et
483 1134 663 1202 firmissimo
691 1136 898 1202 oonoassisse:
928 1135 1137 1220 monasteria,
1168 1134 1311 1202 abbatias
1339 1139 1407 1200 tum
1428 1153 1483 1202 oa·

309 1252 440 1318 nonioas
463 1271 558 1336 quam
581 1251 791 1336 monaebioas,
813 1257 909 1336 atque
932 1250 1011 1318 alias
1032 1251 1111 1318 sitas
1132 1250 1311 1336 ubieunque
1332 1249 1483 1318 eoelesias
1519 1295 1528 1306 x

181 1439 188 1450 ,
310 1383 382 1433 oum
410 1387 519 1434 aarum
548 1365 756 1450 utilitatibus,
784 1372 928 1434 monetas
950 1385 1022 1434 oum
1044 1365 1199 1433 theloneis
1221 1366 1361 1450 integre,
1389 1365 1482 1432 ullas

311 1481 406 1549 etiam
435 1483 469 1548 in
498 1500 683 1568 quoeunque
710 1484 839 1567 ragione
867 1483 962 1566 sitas,
993 1481 1096 1549 eidem
1123 1481 1385 1569 metropolitanae
1413 1481 1484 1548 sadi

311 1597 558 1684 appertinentes,
582 1598 710 1664 oolonos
732 1597 849 1665 liberos
872 1617 910 1665 so
923 1618 1032 1664 servos
1054 1595 1196 1664 eiusdem
1213 1597 1380 1683 potestab‘s
1404 1616 1483 1681 qua·

248 1763 254 1778 .
310 1733 432 1799 ounque
454 1719 611 1780 terrarum
635 1719 727 1801 parte
750 1713 946 1798 habitantes,
968 1733 1042 1780 oum
1064 1712 1210 1779 omnibus
1230 1712 1326 1779 rebus
1349 1731 1387 1779 ao
1407 1731 1483 1799 poa·

310 1829 502 1898 sessionibus
524 1829 600 1897 illue
621 1831 692 1897 iure
705 1830 911 1915 legaliterque
932 1828 1185 1915 respicientibus.
1219 1827 1272 1894 Ad
1293 1827 1372 1894 baso
1393 1833 1483 1896 ante—

310 1963 467 2012 oesaorum
491 1951 673 2012 nostrorum
688 1948 740 2034 pie
756 1965 906 2014 oonoassa
920 1943 1134 2011 oonfirurando
1154 1942 1311 2027 iubemus,
1333 1943 1483 2029 quatinus

309 2059 415 2127 nullus
442 2061 539 2129 iudex
562 2079 667 2130 eomes
691 2063 860 2128 advooatus
886 2060 937 2127 rel
964 2059 1045 2126 alius
1072 2058 1207 2144 quilibet
1229 2058 1403 2126 iudieariao
1424 2078 1483 2146 po-

309 2176 435 2242 testatis
457 2177 526 2243 sine
540 2177 670 2244 lieentia
684 2176 913 2264 arehiepisoopi
927 2174 1106 2258 moguntini
1120 2194 1178 2242 seu
1196 2193 1326 2241 suorum
1348 2174 1483 2244 alieuius

311 2291 458 2359 eoelesias
482 2293 664 2379 parroobias
687 2292 816 2359 oessulas
839 2311 932 2376 agros
955 2292 1023 2357 siue
1044 2290 1183 2377 reliquas
1202 2291 1418 2377 possessiones
1433 2292 1484 2358 in·

310 2407 425 2474 vadere
447 2415 639 2495 praesumat,
663 2407 714 2476 vel
737 2409 803 2476 suis
825 2407 994 2476 ouinslibet
1014 2426 1168 2495 personae
1189 2405 1320 2473 familiis
1343 2405 1484 2493 aliquam

310 2522 497 2590 iniuriarum
520 2523 697 2591 molestiam
720 2525 838 2592 inferre
861 2525 985 2592 audeat
1020 2523 1056 2590 si
1077 2522 1154 2609 quid
1179 2528 1287 2589 autam
1307 2523 1342 2589 iu
1364 2542 1419 2589 eos
1442 2522 1484 2590 ab

311 2636 416 2723 aliquo
439 2640 594 2724 armatur,
617 2658 724 2707 eoram
747 2639 984 2727 arehiepisoopo
1006 2639 1058 2705 rel
1078 2637 1231 2705 advooato
1253 2655 1312 2704 suo
1332 2642 1390 2705 aut
1410 2637 1484 2705 aliia

310 2754 580 2841 ministerialibus,
603 2762 698 2842 prout
713 2776 764 2824 res
779 2756 886 2841 inerit,
901 2755 1083 2842 incipiatur,
1106 2760 1139 2822 et
1154 2753 1394 2820 determinando
1408 2774 1485 2841 pro·

310 2870 480 2955 grediondo
509 2872 550 2939 ad
576 2870 673 2939 finem
695 2892 795 2957 usqne
819 2876 992 2959 peroratur.
1027 2870 1161 2957 Insuper
1188 2870 1223 2935 in
1250 2869 1397 2937 omnibus
1425 2870 1484 2937 aba

310 2986 450 3072 quolibet
472 2988 574 3054 eidem
598 2988 665 3054 sedi
687 2986 948 3074 archiepiscopali
963 2987 1029 3055 iam
1051 2986 1212 3055 attributis
1233 2983 1285 3051 vel
1308 2985 1411 3053 adhue
1423 2987 1484 3053 tri·

310 3100 443 3168 buendis
466 3103 648 3169 emunitatis
663 3102 713 3170 ius
729 3102 994 3191 arehiepisoopus,
1018 3104 1072 3189 qui
1085 3102 1205 3190 praesit
1218 3100 1270 3168 vel
1284 3101 1399 3187 quibus
1412 3103 1485 3189 ipse

311 3218 511 3301 oonoessorit,
527 3219 717 3304 potestative
732 3218 871 3285 habeant
886 3225 919 3286 et
933 3220 1130 3307 possideant3
1146 3223 1179 3284 et
1193 3216 1254 3301 sui,
1270 3216 1485 3305 ouiusounque

309 3332 502 3399 eondioionis
526 3334 599 3417 sint,
623 3354 735 3401 musas
758 3352 833 3402 suas
856 3334 969 3403 alienis
992 3334 1164 3402 audiendus
1185 3352 1251 3399 non
1273 3334 1364 3416 dent3
1391 3334 1486 3402 freda

228 3511 231 3519 ,
309 3466 366 3514 seu
394 3446 541 3516 thelonea
568 3470 631 3516 non
661 3450 729 3518 sine
752 3470 811 3517 suo
840 3452 992 3520 aduooato
1021 3452 1061 3519 ab
1084 3450 1191 3535 aliquo
1214 3448 1399 3535 exigantur,
1428 3455 1486 3517 aut

308 3563 488 3630 mansiones
511 3570 567 3631 aut
596 3564 719 3652 aliquae
742 3567 948 3636 redibitiones
972 3567 1104 3635 illioitao
1129 3566 1342 3653 requirantur.
1380 3566 1425 3633 Et
1447 3572 1486 3635 ut

309 3677 405 3745 tnioio
433 3677 518 3745 illius
548 3680 746 3765 emunitatis,
774 3683 975 3767 traditionis,
1003 3682 1054 3751 vel
1076 3684 1187 3770 pooius
1208 3682 1423 3749 renovationis
1447 3702 1487 3751 ao

308 3791 442 3861 iteratae
464 3793 711 3863 confirmationis
727 3800 899 3865 auomritas
921 3805 993 3866 rata
1013 3797 1107 3865 firma
1121 3798 1307 3883 stabilisque
1322 3798 1484 3886 perpetim

309 3914 437 3977 maneat
459 3930 496 3977 ao
519 3910 686 3995 diligenter
709 3914 877 3982 obseruata
896 3915 933 3982 in
953 3920 1115 4001 posterum
1137 3919 1276 3997 oonstet,
1304 3912 1366 3981 boe
1390 3933 1486 3999 prae·

309 4030 447 4114 baptism,
470 4027 559 4093 iussu
580 4034 690 4095 nostro
712 4030 884 4098 seeundum
900 4030 1077 4097 consultum
1092 4029 1290 4116 quorundam
1305 4028 1485 4116 primorum

308 4148 489 4209 nostrorum
512 4146 732 4214 auctoritative
755 4146 968 4232 oonsoriptum
990 4152 1162 4232 nostroque
1184 4145 1288 4229 sigillo
1310 4144 1484 4232 signatum,

310 4278 407 4325 manu
435 4264 545 4326 nostra
573 4259 684 4327 subtus
710 4260 871 4329 firmatum
893 4260 1122 4329 roboravimus.
1159 4260 1244 4329 Data
1271 4280 1355 4328 anuo
1382 4262 1485 4330 dorni·

377 4398 486 4451 atti<
