3142 4850
326 265 392 329 216
710 277 876 327 nouarum
899 277 1026 325 conns.
1065 275 1114 327 srs

202 457 272 513 1103
326 442 401 527 qnid
424 441 469 508 ibi
492 441 532 506 de
554 441 721 528 scripturis
743 441 862 506 sanctis
885 435 1054 504 diffinitam
1078 437 1182 520 luerit,
1209 435 1341 504 Romam
1364 457 1422 504 non
1440 459 1479 504 re

209 531 311 578 ‘⁹¹⁸⁰'
325 560 426 625 fertum
456 577 555 642 usqne
586 557 627 623 ad
656 557 805 638 graviora
826 554 972 637 negocia,
1000 552 1173 637 dequibus
1200 571 1262 619 nou
1285 554 1479 620 inveniturin

325 673 492 760 scripturis
515 674 653 740 sanctis·
678 673 859 740 auctoritas.
951 669 1023 735 lllos
1048 689 1120 734 uero
1136 668 1266 752 legatos,
1290 669 1418 735 alatere
1431 669 1480 734 Re

327 792 412 858 mani
441 791 581 876 episcopi
610 793 761 854 exeuntes
790 793 822 854 at
850 787 890 852 ad
912 785 1043 850 ditanda
1069 784 1248 870 marsupiab
1276 785 1481 868 discurrentes,
1557 873 1558 876 Ἴ

162 532 208 578 ssu

327 907 455 972 omniuo
489 905 679 985 refutamus,
720 904 804 970 sicut
838 901 1033 986 temporibus
1065 899 1185 966 Zozimi
1221 900 1371 967 celestini
1402 899 1483 966 Boni·
1557 927 1558 930 ¹

326 1022 401 1088 faoii
422 1020 556 1087 coucilia
578 1019 739 1086 Affricana
764 1019 988 1104 probauerunt.
1029 1016 1155 1082 Etenim
1180 1053 1220 1062 -
1246 1023 1281 1082 ut
1303 1037 1323 1082 a
1344 1017 1484 1083 fructibus

327 1157 435 1204 eorum
463 1155 689 1220 cognoscamus
720 1132 790 1201 eos¹
815 1171 856 1180 -—
881 1154 943 1199 non
973 1152 1095 1198 morum
1125 1135 1292 1214 correctio,
1324 1153 1387 1199 non
1415 1134 1485 1198 ritae

327 1252 521 1334 emendatio,
545 1252 601 1317 sed
625 1251 699 1317 inde
721 1251 884 1317 bominum
908 1248 998 1314 cedes
1023 1253 1054 1314 et
1077 1247 1279 1315 eeclesiarum
1303 1248 1364 1314 Dei
1388 1268 1484 1335 prere
1561 1315 1562 1318 ,

327 1370 420 1434 niunt
441 1368 712 1454 depraedationes.
793 1365 874 1443 Quia
896 1364 992 1446 igitur
1009 1363 1156 1447 antiquae
1171 1365 1298 1446 regulae
1319 1365 1486 1431 iuberemus

327 1492 359 1551 et
381 1505 445 1551 non
467 1484 554 1550 omni
578 1488 671 1549 vento
694 1483 855 1548 doctrinae
879 1480 1139 1561 circumferimur,
1163 1498 1244 1562 eece,
1267 1479 1352 1546 unde
1376 1499 1486 1546 eroum·
1554 1510 1558 1521 ·

326 1599 479 1666 manicati
502 1599 644 1666 dicimur.

416 1714 532 1780 Verum
548 1715 682 1782 domnus
694 1714 882 1781 Paschasius
898 1733 954 1780 aur
973 1715 1296 1800 pseudoclericus
1312 1731 1373 1779 nos
1391 1710 1489 1778 vocati

327 1829 585 1916 Pseudoapostoli
604 1830 825 1897 adulterabant
841 1829 970 1896 verbnm
987 1828 1047 1894 Dei
1055 1839 1076 1911 ⁸,
1100 1847 1178 1912 quoa
1196 1828 1351 1914 dampnat
1366 1826 1489 1894 Paulus*

326 1946 360 2013 in
383 1945 527 2032 epistolis
549 1943 643 2012 suis'.
677 1946 759 2012 Nos‘
783 1965 845 2012 non
871 1945 1095 2028 adulteramus,
1118 1943 1175 2010 sed
1194 1942 1288 2010 fidem
1312 1943 1490 2010 catholicam

327 2081 384 2148 per
406 2060 467 2128 Dei
494 2061 630 2144 gratiam
658 2067 818 2144 tenemus,
847 2059 920 2126 iidei
944 2058 1117 2126 catholicae
1140 2079 1237 2146 opera
1264 2061 1297 2126 in
1321 2059 1407 2126 Deo‘
1428 2079 1491 2126 exe

328 2177 463 2262 quimus.
497 2175 649 2260 Regulam
673 2176 856 2243 canonicam
881 2197 918 2241 ox
943 2181 1069 2262 patrum
1093 2175 1267 2240 tradicione
1290 2175 1492 2242 babemusst

327 2311 523 2372 reueremur3
552 2291 723 2358 secundum
747 2291 834 2358 illam
859 2293 1006 2374 risimus,
1030 2289 1250 2373 diiudicumur,
1278 2291 1492 2373 satisfacimus,

328 2406 530 2475 absolvimur.

419 2523 567 2591 Consiliis
593 2544 704 2607 regom
734 2530 790 2589 aut
818 2524 1046 2608 imperatorum
1076 2526 1131 2589 ant
1156 2522 1191 2588 in
1213 2522 1275 2589 isto
1305 2531 1363 2589 ant
1392 2525 1426 2589 in
1447 2521 1494 2589 illo

328 2660 393 2709 non
414 2640 616 2707 intersumus.
657 2638 738 2717 Quia
765 2646 893 2705 noemae
925 2639 1102 2724 superiores
1125 2642 1298 2723 potestates
1320 2640 1386 2707 tale
1408 2660 1496 2723 nego

328 2756 413 2823 cium
440 2754 557 2823 babent
583 2756 667 2822 inter
697 2774 826 2835 manns;
855 2755 910 2839 qni
933 2774 972 2820 ex
996 2754 1138 2838 vestigiis
1161 2760 1398 2822 antecessorum
1428 2776 1495 2841 pru·

328 2870 440 2937 denter
459 2869 652 2937 bmtabnnt
743 2868 827 2935 Cur⁸
843 2888 917 2952 ergo
933 2869 1066 2935 domnus
1082 2868 1270 2937 Paschasius
1287 2870 1365 2954 vult,
1390 2877 1426 2939 ut
1448 2890 1496 2937 ex·

328 2985 503 3069 solvamus,
532 2985 615 3068 quod
643 3004 708 3050 non
735 2985 920 3070 rapuimus?
949 2991 985 3051 ut
1005 2985 1231 3071 pseudoclerici
1255 3006 1421 3071 vocamur,
1449 2985 1497 3051 ubi

327 3106 449 3168 rectam
470 3100 589 3167 lineam
612 3100 777 3167 muamus?

418 3214 545 3298 Potius,
573 3215 717 3301 deposito
743 3214 861 3301 spiritu
890 3216 1173 3302 praesumptionis,
1203 3236 1274 3283 cnm
1304 3219 1371 3283 suis
1401 3216 1498 3285 onnu-

329 3331 430 3397 liariis
452 3330 596 3397 sollerter
616 3329 795 3413 recolligat:
827 3331 982 3415 quomodo
1005 3352 1025 3397 a
1047 3332 1138 3399 beato
1162 3330 1314 3399 Silvestre
1339 3353 1441 3418 nsque
1462 3332 1499 3398 ad
1552 3374 1561 3405 r

329 3446 579 3513 Hildebrandnm
600 3446 713 3512 sedem
736 3444 912 3513 Romam
941 3466 1044 3533 papae
1067 3447 1275 3527 obtinuerint;
1305 3454 1337 3514 et
1365 3454 1444 3532 quot
1470 3454 1501 3514 et

329 3566 448 3646 quanta
475 3561 619 3627 inaudita
646 3580 685 3627 er
716 3561 890 3627 ambitione
917 3560 1004 3627 illius
1031 3562 1115 3627 sedis
1144 3568 1327 3649 perpetrata
1354 3562 1437 3645 sint3
1471 3566 1501 3631 at

329 3676 485 3761 quomodo
507 3696 676 3763 perrogas
699 3682 732 3743 et
752 3677 960 3763 imperatores
976 3674 1113 3743 diffinita
1127 3678 1202 3762 sint,
1225 3684 1257 3745 et
1279 3678 1501 3765 pseudopapae

328 3790 494 3876 damnati
523 3796 556 3857 et
584 3792 721 3858 abdicati
748 3792 823 3858 sint
914 3790 958 3858 Et
985 3792 1029 3857 ibi
1057 3791 1128 3878 plus
1152 3792 1251 3859 valuit
1276 3794 1377 3860 virtus
1401 3793 1500 3880 impe·

329 3905 429 3990 rialis,
453 3924 548 3990 qnam
571 3908 853 3973 excommunicatio
878 3906 1095 3991 Hildebrandi,
1120 3906 1248 3991 Odardi,
1271 3908 1464 3977 Paschasiil.

418 4020 573 4087 Dominus
596 4022 630 4087 in
646 4022 810 4106 euangelio
835 4023 927 4090 dicit:
953 4022 995 4090 Si
1014 4024 1095 4089 mols
1119 4024 1237 4091 locante
1259 4048 1339 4107 sum,
1363 4030 1499 4093 mmo·

399 4212 420 4243 s.
443 4196 550 4244 sscrlsV.
611 4198 825 4259 b.msrsappiaB.
888 4198 1060 4247 anonimo.
1122 4200 1318 4261 depostolusl'.
1380 4201 1501 4249 eoam

329 4275 552 4323 tlnlleoossl’.
647 4276 1164 4339 pour-perhibensmlo.stosss.
1257 4280 1446 4329 tsumiiv.

402 4380 426 4432 1.
444 4377 633 4448 ussurus
722 4380 749 4436 s.
767 4380 919 4437 cosma
931 4380 975 4451 ιι,
988 4380 1030 4437 ss.
