3142 4850
302 314 368 381 840
676 334 723 381 nn
746 333 932 383 omnemne
954 332 1102 381 oononre

215 508 284 565 1189
303 498 419 581 opiter,
445 497 503 581 qai
523 496 672 579 mapiater
695 508 723 559 et
742 496 949 581 praedicator
968 497 1220 560 Pomeronornm
1240 496 1377 561 dieitur?
1412 496 1473 562 [aa

223 584 278 644 ΑΨ·
302 624 428 676 annena
452 622 480 675 et
502 632 573 674 cere
595 610 702 675 dentur
725 611 816 675 domo
840 624 893 691 eat,
922 614 999 696 quio
1021 611 1126 675 Deum
1147 614 1252 676 timuit
1272 624 1301 675 et
1321 613 1473 677 mandata

304 729 369 792 eiua
400 722 599 793 odaeroaoit¹.
641 726 850 791 Veruntamen
879 727 937 791 udi
963 738 1007 790 ert
1034 726 1112 791 liber
1134 727 1360 791 mirac-adonem
1386 728 1473 791 eiua?

304 840 384 906 Tum
408 840 520 906 abbas:
547 841 587 907 Si
608 844 647 907 de
669 845 734 907 vira
758 846 824 906 eina
848 844 979 927 quereris
995 880 1036 889 -—
1053 841 1157 925 aperit
1178 840 1310 924 librum,
1339 841 1393 925 qui
1416 841 1473 907 snb

304 961 391 1022 resto
405 955 576 1022 latebat-—
591 980 628 1022 en
643 955 747 1041 inquit
761 958 812 1022 tir
828 969 881 1021 eet.
910 955 954 1021 Et
968 957 1111 1041 porrexit
1125 951 1269 1022 librum².
1331 955 1474 1023 Domnna

303 1091 377 1137 vero
401 1070 591 1157 apostoliens
615 1076 795 1158 susceptum
819 1071 936 1138 tibrum
959 1070 1091 1137 tradidit
1111 1071 1166 1135 oni
1181 1070 1401 1153 cardinalium,
1424 1073 1475 1137 cni

303 1206 417 1253 nomen
441 1192 505 1265 est?
528 1184 718 1271 Laboraos⁸‚
747 1187 870 1254 dicens:
900 1186 1030 1253 Laboro
1052 1188 1112 1251 tae
1131 1200 1220 1252 noete
1243 1188 1360 1253 librum
1381 1192 1477 1254 aaran

299 1304 470 1390 pertepere,
494 1316 530 1368 ot
546 1326 616 1368 crae
639 1307 766 1369 virtutae
791 1304 875 1369 beati
894 1306 959 1368 oiri
979 1306 1062 1367 ariao
1083 1304 1181 1367 michi
1200 1308 1381 1368 commotior
1401 1328 1475 1390 per-

303 1422 463 1503 etrinpere.
554 1417 613 1495 Qui
638 1418 796 1505 accipiens
818 1418 897 1502 legit
925 1424 957 1484 et
984 1437 1058 1484 cera
1079 1436 1221 1502 quaeque
1244 1418 1399 1484 notabilia
1421 1438 1477 1485 no·

303 1534 391 1599 tavit
425 1533 537 1600 Altera
561 1539 665 1600 autam
689 1534 740 1599 die
763 1533 1044 1620 poculentorum,
1067 1538 1101 1599 ct
1120 1554 1184 1599 nna
1198 1552 1269 1601 com
1286 1534 1403 1601 abbate
1426 1554 1477 1601 ao·

303 1648 416 1715 cedens
441 1650 480 1715 ad
504 1670 661 1716 summum
686 1649 882 1735 pontificem,
905 1650 988 1717 dixit
1009 1649 1054 1715 oi:
1086 1650 1239 1736 Qaiaqca'a
1260 1654 1362 1717 msam
1382 1652 1477 1716 curm

303 1770 407 1831 senen
428 1766 511 1852 lepit,
539 1769 762 1852 conparatione
784 1770 887 1852 ipsius
911 1780 1064 1852 mantum
1085 1769 1155 1852 ipae
1175 1771 1211 1831 in
1233 1767 1341 1848 infimo
1363 1770 1476 1846 went,

304 1882 460 1967 intellipe't.
502 1883 545 1947 Er
567 1886 649 1947 inter
671 1881 862 1966 eonfeoaorea
886 1880 1005 1947 Cereri
1025 1882 1108 1945 nelli
1127 1883 1298 1946 recondam
1320 1884 1477 1946 credimur

305 1997 428 2063 beatam
446 1996 598 2077 Orionem,
623 2020 693 2062 enm
708 2000 763 2062 cin
777 1998 890 2063 habent
909 2020 1040 2084 parem5
1062 1998 1172 2082 period
1188 1999 1313 2061 ineante
1331 2000 1478 2083 premere

304 2116 540 2179 mieemeordiae
563 2114 708 2200 operibns
731 2114 894 2180 miraculis
916 2112 1083 2178 nortatibur
1106 2126 1135 2177 et
1156 2113 1331 2178 humilitate
1349 2113 1476 2192 claruit,

302 2233 545 2316 persecutionem
566 2253 628 2315 pro
642 2231 712 2295 Deo
736 2234 893 2309 saonensi,
918 2242 946 2294 et
969 2229 1129 2315 apostolas
1144 2229 1399 2294 Pomeranornm
1420 2252 1476 2294 no·

304 2346 425 2409 minori
445 2356 473 2409 et
496 2366 559 2409 esre
581 2349 703 2411 meruit.

392 2458 594 2545 Apostoiieos
618 2461 724 2546 itaquo
746 2497 785 2506 -—
809 2461 878 2528 Deo
900 2461 1018 2544 gratias
1042 2481 1138 2545 agens
1167 2465 1200 2526 ot
1228 2479 1304 2526 anae
1330 2460 1477 2528 felicitati

304 2576 469 2663 deputans,
493 2577 576 2660 qnod
599 2577 638 2642 ad
663 2577 728 2642 eins
752 2582 898 2663 tempora
919 2579 999 2644 tanti
1015 2577 1076 2644 viri
1092 2577 1191 2643 dilata
1212 2577 1420 2642 canonizacio
1435 2613 1476 2622 -

305 2692 379 2758 data
402 2692 562 2758 sentencia
584 2693 685 2758 vicem
709 2711 800 2758 snam
817 2693 1049 2760 venerabilibus
1072 2693 1230 2780 episeopis
1244 2692 1357 2759 ottoni
1372 2692 1478 2760 Eiste·

190 2827 285 2888 eptae
304 2809 387 2874 tensi
411 2811 443 2872 et
464 2806 648 2874 Eberhardo
671 2806 923 2892 Merseborgensi
946 2807 1131 2893 commisit⁴,
1158 2809 1212 2894 qni
1235 2809 1365 2874 beatum
1389 2809 1478 2876 Otto

303 2943 377 2989 nem
400 2923 625 2988 oanonizarent
653 2929 685 2988 et
713 2929 858 2990 sanctum
880 2944 949 2990 osse
971 2925 1061 2990 iuxta
1082 2944 1197 2990 nomen
1221 2929 1405 2990 sanctornm
1428 2945 1478 2991 ec

189 3070 196 3085 ·
303 3037 417 3104 etesiae
445 3037 672 3123 praedicarent
762 3039 872 3105 Abbas
898 3040 1020 3124 itaque,
1049 3061 1165 3124 magna
1192 3061 1401 3126 praesumens
1422 3041 1480 3108 sed

303 3153 425 3220 maiora
447 3154 544 3220 immo
567 3155 674 3222 omnia
701 3175 760 3240 pro
782 3155 896 3238 quibus
924 3155 1094 3223 adsedem
1117 3156 1324 3243 apostolicam
1349 3166 1480 3225 venerat

303 3268 498 3354 percipiens,
528 3269 700 3355 apostolico
730 3275 762 3338 et
782 3271 945 3337 Romanae
967 3272 1073 3338 curiae
1100 3271 1258 3357 infinitas,
1286 3280 1324 3338 ot
1345 3274 1478 3358 dignum

304 3389 383 3468 orat,
411 3385 587 3470 rependens
610 3387 740 3471 gratias,
764 3394 893 3474 accepta
915 3388 1057 3454 omnium
1080 3388 1308 3473 benedictione,
1330 3408 1405 3457 eum
1426 3409 1479 3456 aa·

303 3499 370 3566 iute
392 3505 424 3566 et
446 3501 581 3567 sanitato
607 3502 691 3568 redii
718 3501 758 3568 ad
786 3505 932 3590 propria3
960 3504 1111 3571 Romanis
1135 3503 1175 3570 ad
1197 3505 1333 3582 invicem
1355 3505 1480 3573 dehoc

304 3614 400 3682 verbo
423 3617 654 3684 conterentibus
678 3621 803 3684 etcum
827 3619 1036 3686 admiratione
1050 3620 1243 3687 dicentibus:
1266 3641 1301 3687 ao
1324 3641 1390 3687 non
1410 3643 1480 3689 mo-

304 3730 436 3796 minisse
461 3735 526 3798 iam
555 3751 652 3816 grave
680 3733 845 3815 negocium
874 3755 1024 3820 umquam
1051 3741 1116 3803 tam
1140 3735 1275 3803 celerem
1296 3742 1330 3804 ot
1349 3737 1478 3805 facilem

305 3845 450 3911 sortitum
475 3845 629 3929 effectum,
652 3849 839 3932 praesertim
855 3869 925 3917 enm
941 3871 1075 3934 magnae
1098 3856 1131 3918 et
1145 3851 1202 3917 alti
1218 3854 1383 3937 sangoinis
1405 3875 1479 3941 prr·

305 3979 410 4044 sonae,
434 3979 515 4044 quae
537 3980 595 4046 pro
613 3962 770 4030 similibus
793 3965 931 4048 negociis
946 3966 1078 4032 Romam
1098 3975 1261 4053 venerant,
1282 3969 1400 4037 intecto
1421 3991 1480 4038 ne·

304 4075 394 4158 goeio
415 4075 576 4144 redierint.

377 4252 612 4308 nmsswfi

378 4343 402 4396 1.
421 4344 564 4416 Ecclelt,
578 4347 620 4401 13.
683 4350 708 4402 2.
727 4347 1085 4422 deqoootsuprapeso
1143 4355 1171 4409 3.
1188 4355 1482 4426 praemandatis·

307 4425 363 4480 riae
372 4432 448 4483 trans
453 4429 574 4486 Tiberim
583 4433 625 4489 tit.
632 4432 740 4490 calixti.
770 4437 798 4492 4.
810 4437 855 4493 die
864 4439 973 4509 29Apr.
981 4442 1059 4498 1189.
1070 4442 1481 4515 v.sag.pont.1com.nlcut.
