3142 4850
383 325 507 375 ssoms
530 327 610 375 vrrs
633 327 791 376 aurosis.
825 329 948 378 uram
971 327 1006 380 aa
1211 313 1277 380 669

102 487 198 550 amm
224 487 390 552 irroraverat
415 491 625 574 provinciam.
665 487 784 565 Quibus
813 489 947 572 auditis,
983 495 1075 576 pater
1102 491 1365 577 piissimarum

101 597 251 666 lacrimas
274 598 314 666 ab
337 600 435 667 oeulis
450 601 624 669 distillans:
648 604 757 672 Nolite
778 604 826 670 ait
839 609 955 670 timere.
990 607 1107 672 Parem
1127 620 1173 672 eet
1186 608 1276 674 Dera

100 738 199 796 mear,
229 719 283 782 rai
303 719 479 783 credidistis
502 721 546 783 ad
568 723 732 786 introitum
754 722 940 788 hamilitatis
962 745 1037 803 mee,
1067 743 1181 789 caueae
1201 725 1278 789 aeas

101 832 196 897 isaias
216 835 376 919 precidere
400 855 572 920 pareretque
593 837 803 902 desideratam
823 859 904 903 noae
929 839 1007 903 ouili
1026 861 1084 904 aaa
1105 843 1274 906 ratimari.

102 948 155 1012 un
179 971 235 1034 epo
257 952 326 1035 ipse
347 954 488 1015 animam
509 973 610 1016 meam
630 974 691 1038 pro
707 953 795 1016 vobis
816 955 914 1019 morti
934 955 1012 1018 dare
1033 968 1167 1041 paratas
1189 977 1275 1032 eamr

100 1085 156 1129 uae
179 1077 300 1130 turriam
322 1067 480 1152 relepiam',
506 1089 602 1153 qaam
624 1069 791 1148 didiceris,
822 1091 951 1155 operam
971 1073 1072 1136 dats'.
1111 1071 1182 1156 Epa
1205 1092 1276 1134 eam

100 1180 266 1245 comitibus
288 1185 365 1246 meris
388 1184 498 1248 dacem
519 1184 730 1249 Faleriorum
751 1187 864 1249 adeam
887 1207 1017 1272 memque
1038 1185 1079 1251 ab
1106 1189 1276 1252 intentione

101 1295 252 1376 bellandi,
276 1298 347 1362 Deo
370 1299 555 1380 aaaitiante,
580 1312 728 1366 avertam.
764 1298 888 1383 Atilii,
916 1299 1049 1386 pedibus
1071 1300 1139 1368 eius
1161 1321 1275 1388 provu-

99 1409 172 1494 luti,
196 1410 317 1478 debitas
340 1413 513 1496 gratiarum
537 1415 676 1481 sationes
699 1414 913 1482 exsolvebant

191 1525 235 1593 Et
264 1528 427 1595 eentsstim
462 1529 624 1616 dispositis
652 1529 702 1596 via
731 1530 843 1613 maiis,
877 1529 1060 1598 Udalrieum
1093 1530 1275 1615 religiosum

100 1642 312 1728 presbiterum
329 1643 396 1710 viee
412 1665 469 1711 sua
484 1643 524 1712 ad
539 1643 789 1712 eenirmaudam
802 1644 985 1732 neophitum
1000 1646 1126 1732 plebem
1140 1646 1275 1713 Uzueim

99 1757 246 1843 reliquit;
270 1759 339 1846 ipse
354 1780 429 1826 vero
452 1761 493 1827 ad
516 1761 627 1827 duosm
642 1759 846 1828 Polouierum
869 1762 1003 1848 inpigre,
1026 1767 1064 1828 ut
1080 1762 1274 1848 condixerat,

99 1874 149 1940 ire
172 1875 265 1960 oepit
302 1874 398 1942 Cuius
423 1876 559 1943 adventu
583 1876 647 1942 dux
671 1882 843 1963 comperto,
866 1876 999 1944 celerius
1022 1878 1051 1944 ei
1074 1877 1181 1944 debita
1202 1897 1274 1944 enm

100 1991 281 2057 reuerentia
310 1992 461 2076 eaourrit,
494 1992 642 2078 omnique
670 1991 877 2059 humanitatis
899 1992 1019 2078 efficia,
1048 1999 1084 2059 ut
1113 2013 1172 2080 par
1194 1998 1273 2078 erat,

100 2107 208 2172 lovere
237 2126 301 2173 neu
324 2107 427 2174 desiit
474 2108 555 2174 Nam
587 2113 680 2174 antea
709 2108 806 2174 etiam
833 2107 1034 2176 familiariter
1063 2129 1135 2175 eum
1163 2115 1275 2176 notum

101 2221 247 2290 habebat
337 2223 464 2307 Agnitis
491 2243 566 2290 uero
597 2224 699 2290 tausis
729 2225 869 2307 itineris,
898 2225 1068 2291 admodum
1096 2223 1273 2310 obstupuit3

100 2335 224 2404 diosus:
248 2343 373 2424 gentem
396 2337 484 2406 illam
507 2338 632 2406 beluino
654 2339 827 2406 ferocitatis
850 2341 1050 2407 immanitate
1071 2345 1190 2408 terram
1218 2359 1275 2427 po-

100 2454 275 2543 pulumque
297 2476 389 2522 suum
413 2456 611 2541 devastasse,
639 2456 717 2523 adeo
739 2462 776 2522 nt
798 2458 893 2523 etiarn
917 2462 1066 2544 parentes
1088 2476 1163 2523 suos
1185 2478 1203 2523 s
1225 2474 1275 2523 se-

100 2570 242 2657 pulchris
264 2572 464 2659 protraheret
492 2577 524 2638 et
545 2572 662 2639 collisis
685 2572 842 2658 capitibus
864 2573 974 2639 dentes
1003 2576 1166 2639 exenterat
1188 2591 1274 2638 ossa·

101 2706 164 2773 qus
186 2708 294 2753 sorum
317 2708 375 2774 per
397 2687 558 2775 publicum
574 2686 741 2771 aggerem*
757 2688 969 2775 dispergerem
992 2688 1171 2773 mirumque
1193 2708 1273 2772 ease,

101 2802 187 2888 quad
209 2803 278 2890 ipse
301 2804 391 2871 vivus
415 2802 590 2891 discerptus
615 2822 677 2869 nou
699 2804 813 2871 fuisset
835 2803 875 2871 ub
897 2805 959 2887 eis,
989 2824 1061 2869 enm
1084 2822 1193 2870 amnes
1216 2823 1273 2870 an-

100 2919 210 2985 teriori
238 2925 381 3005 tempore
404 2918 564 2987 Christum
592 2920 657 2985 illia
686 2920 913 2987 annuntiantes
942 2920 1055 2985 mamm
1081 2919 1272 2987 sentmtiam

99 3036 310 3103 ineurrissent
338 3034 394 3101 sed
421 3039 470 3101 st⁶
497 3056 579 3103 unus
602 3055 709 3101 eorum
740 3035 842 3102 erneis
869 3036 1012 3122 patibulo
1033 3054 1135 3121 nuper
1158 3032 1273 3101 affixus

100 3151 307 3219 accubuisset
398 3151 443 3217 At
470 3150 542 3235 ille,
571 3150 631 3218 Dei
664 3152 861 3237 protentione
895 3156 928 3217 et
954 3150 1088 3217 Romani
1119 3150 1273 3238 principis

99 3272 247 3353 respectu
270 3286 306 3333 ae
329 3266 509 3333 defensioue
532 3265 697 3333 Wartizlai
721 3266 809 3333 dueis
832 3287 867 3333 se
888 3266 1046 3332 munitum
1069 3271 1273 3352 protestatus,

99 3382 206 3467 gratia
228 3380 346 3448 Christi
369 3386 494 3467 gentem
520 3381 608 3447 illam
631 3382 737 3449 siebat
757 3382 933 3462 initiatam
957 3402 1054 3466 seque
1077 3382 1118 3448 ad
1139 3382 1199 3449 hoa
1220 3402 1275 3450 ve·

99 3498 197 3580 nisse,
220 3503 256 3564 ut
276 3498 487 3565 incursionem
510 3496 662 3564 hellurum
687 3498 727 3565 ab
750 3516 798 3582 ea,
822 3517 883 3582 que
900 3516 1010 3584 paoem
1027 3496 1086 3563 Dei
1100 3504 1273 3585 receperat,

99 3618 278 3696 amoveret,
308 3634 348 3679 ue
370 3634 470 3680 nevus
492 3632 570 3697 grex
593 3614 677 3679 inter
698 3614 770 3699 ipsa
791 3612 866 3679 iidei
891 3612 1066 3699 primordia
1087 3614 1232 3681 turbatus
1255 3634 1275 3681 a

97 3733 187 3797 reeta
215 3730 344 3795 tramite
372 3728 574 3797 exorbitaret.
674 3728 748 3795 Dux
778 3734 884 3795 autem
906 3728 1065 3795 Pulizlaus
1093 3730 1272 3816 respoudit:

95 3866 165 3913 nen
188 3864 226 3911 ex
249 3844 334 3911 faeili
358 3845 418 3912 sibi
442 3849 602 3928 constare,
632 3849 668 3910 ut
691 3844 925 3932 expeditionem
947 3844 1053 3927 illam,
1082 3850 1171 3911 tauto
1193 3850 1274 3911 tem·

96 3979 177 4049 pore
200 3960 412 4047 propositam,
440 3960 678 4041 intermitterem
707 3960 762 4026 ssd
786 3979 845 4047 pro
867 3959 984 4027 nichila
1007 3980 1042 4027 ss
1063 3959 1211 4045 deiueeps
1234 3958 1274 4026 ab

96 4077 188 4143 amni
214 4075 330 4163 pupulo
354 4096 410 4142 suo
433 4073 629 4159 habendum,
661 4076 689 4141 si
710 4072 959 4143 Pomeranornm
980 4074 1092 4141 duaem
1114 4079 1180 4140 tam
1202 4094 1274 4158 gru·

96 4192 183 4259 viter
205 4191 266 4258 sibi
290 4190 461 4259 obnoxium
483 4190 589 4258 debito
612 4191 731 4259 taliam
752 4210 818 4257 non
839 4194 1070 4277 repercuterem
1094 4210 1191 4276 seque
1204 4190 1273 4257 Deo

173 4446 314 4496 adurat).
475 4446 654 4507 uaesana.
815 4444 987 4495 aetadde'di.
