3142 4850
397 347 520 396 neonus
544 349 624 396 vrrs
648 349 807 398 onrours.
838 347 1011 398 arares
1226 333 1291 398 595

119 509 264 588 peratore
287 510 410 572 vetusto
435 507 574 574 codicem
597 508 758 574 involucro
782 507 971 594 despoliavit
992 514 1040 592 st,
1070 529 1185 576 noram
1207 529 1290 576 mer·

117 623 206 686 catus
240 618 354 705 pellem
385 641 519 707 eurnqne
547 623 693 691 decenter
720 621 923 708 cooperiens,
956 623 1025 690 loco
1053 643 1110 692 suo
1138 625 1288 710 reposuit.

116 733 253 802 Veniens
269 755 343 819 ergo
366 739 564 822 postmodum
582 739 755 824 imperator
771 743 804 806 et
819 739 903 823 qnod
917 739 1036 806 tactum
1053 745 1122 806 erat
1134 740 1289 823 nesciens,

116 849 299 935 psalterium
325 873 344 918 a
366 852 566 920 cubiculariis
589 853 780 938 requirebat.
816 853 1030 920 Turbantibus
1058 861 1163 922 antem
1192 876 1226 922 se
1248 856 1289 922 ad

116 967 308 1049 querendum
332 967 534 1036 cubiculariis
551 1005 593 1016 --
610 969 684 1036 dum
709 989 765 1054 pre
789 969 887 1036 oculis
911 971 1052 1036 omnium
1075 971 1181 1038 iacens
1203 976 1290 1038 vete·

114 1080 202 1148 ribus
224 1079 381 1149 rescellis¹
404 1083 502 1152 sodex
526 1091 638 1152 exutus
668 1091 700 1151 et
725 1085 816 1150 noris
840 1085 1006 1152 decoratus
1029 1085 1168 1153 induviis
1188 1087 1289 1153 nesci·

113 1201 166 1262 tur
182 1233 223 1242 -
244 1195 281 1264 fit
304 1197 364 1264 huc
386 1197 522 1284 illucque
545 1201 706 1268 discursus
730 1202 978 1286 necquicquam
1002 1201 1170 1286 reperitur.
1205 1201 1288 1268 Tan·

113 1312 185 1380 dem
214 1313 402 1399 imperator,
436 1315 542 1382 divino
577 1317 785 1384 commonitus
820 1317 989 1384 instinctu:
1026 1317 1156 1384 Vocare·
1185 1317 1290 1402 inquit

115 1427 258 1494 Ottooem
281 1454 382 1496 marm
389 1455 399 1507 ,·
423 1445 451 1496 ot
469 1432 508 1497 ab
525 1455 559 1498 co
577 1436 792 1500 sciscitamini.
828 1432 896 1510 Quo
919 1451 1024 1498 coram
1050 1433 1165 1516 posito,
1186 1433 1288 1518 impe·

111 1549 201 1610 rator
217 1545 256 1611 ab
272 1565 309 1612 eo
331 1545 516 1630 psalterium
534 1547 727 1632 exquirebat.
764 1547 810 1614 At
823 1547 878 1614 ille
892 1547 1034 1614 concitus
1049 1546 1164 1614 librum
1181 1567 1287 1614 coram

110 1659 304 1745 imperatore
332 1661 485 1728 iacentem
516 1662 657 1730 elevans:
687 1665 770 1730 Ecce
797 1663 843 1728 ait
869 1687 927 1750 prs
955 1663 1052 1729 endis
1076 1665 1216 1729 omniurn
1238 1665 1288 1728 lucc

102 1776 190 1859 fuit,
221 1777 277 1842 udi
304 1790 332 1842 ot
357 1801 480 1864 semper
501 1780 718 1864 reponebatur.
761 1777 1004 1863 Obstupetactns
1027 1778 1216 1863 imperator:
1245 1779 1288 1844 Ec

111 1894 185 1976 quis
208 1891 253 1958 sit
275 1905 340 1958 tom
355 1895 456 1958 nitido
472 1895 554 1959 lianc
569 1897 730 1961 inoooocr't
747 1895 959 1980 operimento?
991 1892 1035 1958 Et
1050 1890 1104 1960 ille
1118 1893 1179 1959 ait:
1202 1895 1285 1979 Epo,

110 2009 246 2074 domine.
287 2005 355 2084 Quo
384 2007 507 2090 audito,
538 2009 713 2093 imperator
735 2008 850 2076 collum
879 2009 947 2075 eins
975 2007 1100 2074 blandis
1127 2008 1286 2093 stringens

110 2121 311 2206 amplexibus
334 2127 367 2189 et
388 2123 421 2188 iu
445 2123 553 2190 oscula
575 2143 744 2210 proruens:
775 2127 859 2192 Vicit
881 2125 1061 2190 Dominae!
1081 2123 1185 2207 inquit
1205 2127 1288 2190 siout

109 2251 143 2304 tu
170 2241 252 2304 inter·
274 2252 374 2304 cetero
396 2240 557 2324 dilipentr’e
586 2244 776 2308 monimenta
804 2242 992 2327 psalterium
1019 2262 1137 2320 mosne,
1169 2253 1286 2306 onemo

109 2367 238 2420 emtum
261 2357 403 2439 trpmine,
427 2377 508 2422 noco
532 2357 701 2422 illustrasti
723 2360 925 2444 operimento,
950 2359 995 2420 sic
1018 2368 1046 2422 ot
1068 2378 1124 2442 epo
1140 2369 1178 2435 te,
1202 2379 1285 2443 pau·

106 2474 240 2557 pertalis
264 2474 371 2538 tonica
394 2474 580 2558 spoliatum,
612 2477 688 2538 noni
710 2474 838 2541 bonoria
861 2475 997 2539 culmine
1018 2472 1202 2537 sublimabo.
1244 2469 1288 2536 El

108 2585 225 2653 exinde
240 2586 392 2669 querebat
407 2588 664 2673 oportunitatem,
689 2588 846 2672 quomodo
863 2608 933 2655 eum
950 2605 1135 2672 promovere
1153 2588 1186 2651 et
1207 2604 1286 2670 pon-

107 2700 220 2767 titicali
248 2701 347 2767 infula
376 2702 525 2771 redimire
555 2708 669 2789 posset
761 2704 828 2769 Nec
851 2702 949 2768 multo
979 2705 1052 2787 post
1077 2699 1190 2766 anulus
1212 2718 1283 2765 cum
1306 2717 1373 2772 1101

107 2817 199 2899 virga
221 2816 372 2903 pastorali
389 2816 569 2885 Premsnsis
586 2816 743 2906 episcopi¹
759 2820 800 2885 sd
815 2823 936 2885 curtem
951 2814 1071 2898 regiam
1087 2813 1211 2901 perlata
1226 2818 1282 2881 est.

200 2934 231 2997 1.
265 2932 313 2999 Εο
335 2938 478 3020 ternpore
506 2934 662 3019 siqnidem
692 2935 825 3001 ecclesia
854 2933 984 2999 liberam
1009 2930 1193 2997 electionem
1220 2950 1283 2997 non

107 3046 255 3131 babebat,
279 3048 361 3115 sicut
383 3055 492 3134 postea
508 3050 567 3117 sub
582 3050 730 3117 Heinrico
747 3050 868 3135 quinto,
892 3047 1050 3115 mediante
1064 3046 1117 3132 pie
1133 3046 1284 3114 memorie

107 3162 238 3229 Kalixto
261 3184 362 3249 papa,
385 3168 490 3229 actum
515 3172 572 3231 est.
614 3164 677 3233 Sed
701 3186 772 3233 cum
796 3164 930 3249 quilibet
951 3162 1083 3229 antistes
1106 3162 1188 3229 riam
1213 3161 1283 3229 uni-

108 3298 200 3345 verse
215 3279 319 3347 caruis
342 3278 504 3362 ingressus
526 3280 647 3365 luisset,
672 3301 746 3347 mox
761 3279 920 3366 capitanei
936 3277 1075 3345 civitatis
1096 3276 1182 3343 illius
1205 3297 1283 3344 anu-

106 3392 175 3459 lum
205 3399 237 3461 et
259 3394 378 3477 virgam
407 3396 600 3480 pastoralem
629 3398 669 3463 ed
695 3394 852 3481 palacium
876 3392 1147 3475 transmittebant,
1175 3393 1283 3477 sicque

106 3510 197 3593 rogia
220 3511 401 3593 auctoritas,
424 3512 654 3577 communicato
678 3531 750 3577 oum
773 3510 884 3577 aulicis
899 3509 1042 3592 consilio,
1066 3508 1175 3575 orbate
1197 3507 1283 3593 plebi

107 3625 257 3693 idoneum
279 3624 489 3693 constituebat
511 3626 679 3713 presulem.
722 3626 831 3711 ltaque
853 3644 936 3708 cum,
962 3630 1000 3691 ut
1020 3624 1170 3707 diximus,
1194 3623 1283 3707 virga

106 3740 277 3828 pastoralis
306 3744 338 3807 et
365 3740 477 3807 anulus
508 3742 648 3827 episcopi
676 3740 858 3809 Premsnsis
892 3739 1076 3825 imperatori
1108 3738 1282 3822 offerretur,

107 3876 182 3923 mox
210 3856 279 3940 illo,
310 3857 463 3923 accersito
491 3856 582 3923 unice
612 3856 726 3923 dilecto
756 3854 817 3922 sibi
845 3854 978 3938 Ottone,
1006 3874 1139 3921 munera
1167 3853 1225 3921 bec
1253 3854 1281 3919 ei

107 3972 323 4039 conservanda
345 3971 485 4041 tradidit

179 4182 201 4214 a
220 4166 308 4215 Vocare
328 4165 351 4215 G.

179 4272 204 4326 1.
223 4271 257 4327 V.
270 4270 404 4339 Dueauge
419 4269 509 4325 Gloss.
525 4268 559 4323 ad
578 4284 605 4323 v.
619 4268 718 4324 recells
797 4267 926 4323 rescella:
946 4264 1132 4337 ,Glossarium
1151 4263 1280 4322 cembro-

106 4372 205 4415 ueuse:
226 4359 407 4429 „Rescellaa
426 4372 515 4429 mnus
527 4356 688 4427 indumenti,
706 4354 735 4411 id
750 4360 794 4411 est
810 4352 940 4427 pelles““.
1011 4354 1038 4409 2.
1056 4353 1175 4409 Homeri
1193 4352 1279 4408 archi·

107 4447 229 4518 episcopi
246 4448 412 4518 Bremeusis,
432 4446 458 4501 d.
474 4446 507 4502 16
522 4444 586 4500 llaii
605 4446 672 4500 1101
692 4444 801 4499 mortui.
1006 4530 1067 4587 38*
