3142 4850
320 304 386 369 698
467 325 471 337 ’
721 322 901 370 nassonem
923 320 1095 371 antonus

319 483 414 547 uerba
429 484 570 547 suenoni
583 482 825 547 Herbordianoe
840 483 1059 559 inbaeserunm
1082 485 1170 547 ruisse
1192 485 1241 547 rei
1262 482 1401 567 sumpts
1417 482 1488 547 baso

319 610 506 682 sequantur:

519 728 575 777 libo
593 726 631 776 111
652 725 692 777 10.
1082 726 1230 781 Harbordus
1249 726 1286 777 ΠΙ
1306 725 1331 777 8.

318 826 367 893 Eo
400 826 498 910 igitur
531 831 674 911 ternpore
697 860 739 871 —·
768 824 894 909 legati
920 825 1006 893 Dum
1050 846 1089 894 ea
1132 825 1321 909 gerebantur
1366 823 1488 907 legati

319 939 893 1007 honorabilesmarobioniebdel-
920 941 1165 1009 merebionis
1199 939 1415 1008 Adelberti
1448 974 1486 985 -

320 1056 443 1140 berti,
459 1062 608 1123 statum
623 1056 691 1123 eius
706 1056 829 1121 undose
843 1056 892 1121 in·
920 1076 1204 1143 supervenere,
1233 1076 1332 1143 opera
1353 1060 1385 1122 et
1411 1060 1488 1121 stn-

319 1174 513 1256 restigsntes
528 1208 570 1217 -
592 1190 868 1258 supervenere.
918 1178 1001 1239 tutu
1038 1171 1179 1259 episcopi
1213 1172 1355 1238 studiose
1389 1170 1488 1255 inqui·

919 1292 1034 1355 rentes.

527 1418 585 1468 Ebu
602 1417 639 1468 111
657 1418 683 1469 9.
1085 1417 1232 1470 Herbordus
1250 1418 1288 1470 111
1305 1416 1331 1469 8.

320 1552 364 1565 -
378 1537 451 1584 eum
466 1516 622 1583 Dominus
636 1516 815 1583 ordinasset
830 1514 890 1599 bie,
920 1552 962 1563 -
978 1516 1053 1585 lieet
1075 1516 1325 1601 euangelium
1341 1536 1488 1583 annun·

322 1634 376 1716 qui
437 1631 685 1717 euangelium
740 1653 890 1699 annuu—
919 1632 1030 1699 siens
1059 1632 1103 1699 de
1126 1633 1336 1716 euangelio
1359 1633 1488 1699 virere

321 1750 447 1833 uiant,
462 1748 508 1815 de
525 1748 892 1831 euangelior'nvere,
920 1747 1058 1832 deberet,
1082 1749 1183 1835 ipse,
1204 1748 1414 1837 nihilhomm
1434 1748 1488 1815 ati

320 1864 406 1949 ipse
421 1900 464 1911 -—
479 1884 544 1931 uon
559 1870 610 1931 est
622 1884 714 1930 usus
730 1863 791 1931 buo
804 1868 892 1949 pote-
922 1862 1040 1947 volens,
1064 1865 1145 1931 saie
1161 1884 1201 1931 se
1219 1868 1342 1931 tantum
1358 1884 1488 1951 sump-

322 1985 416 2047 state.
446 1979 640 2057 Quinimmo
661 1979 893 2066 propriisee
919 1978 1027 2045 tibus
1054 1979 1313 2063 transigebat

319 2131 362 2141 —
382 2094 633 2179 transigebat
654 2094 890 2181 sumptibus.

319 2212 372 2277 De
393 2234 459 2297 qun
482 2214 608 2299 quidem
629 2212 728 2277 solius
746 2212 878 2295 fernme
899 2213 1130 2292 immutatione,
1159 2214 1224 2277 siue
1248 2232 1403 2297 prospere
1428 2214 1488 2277 sine

314 2349 435 2413 parum
457 2332 611 2408 assensit,
635 2350 699 2393 non
722 2332 817 2394 nimis
841 2329 1031 2394 laboramus.
1069 2328 1176 2413 Mayrb
1200 2329 1245 2393 ud
1264 2349 1322 2393 nos
1343 2332 1486 2414 penna,

318 2457 354 2511 ut
376 2446 615 2526 emuideremus,
642 2449 765 2511 ratione
786 2446 846 2510 iiia
869 2457 1021 2531 quaternus
1043 2466 1106 2510 non
1129 2443 1223 2508 uerba
1245 2445 1300 2510 sed
1321 2466 1373 2510 res
1396 2449 1486 2512 usun-

316 2573 451 2646 oannem
473 2562 556 2626 unde
576 2562 794 2646 pupmdmdi
806 2561 997 2646 fumitatem
1014 2560 1193 2639 babeamus,
1218 2581 1283 2646 qua
1296 2561 1365 2643 fide
1387 2573 1416 2626 et
1429 2583 1485 2647 quo

318 2679 460 2742 ueritatis
481 2678 585 2741 studio
608 2689 690 2742 totus
713 2677 898 2742 Herbondue
922 2676 1100 2742 amenitas
1122 2678 1189 2740 suis
1211 2697 1286 2742 usus
1308 2679 1359 2742 sit.

409 2792 519 2875 Refert
532 2791 603 2858 Ebu
620 2791 677 2857 19
700 2789 816 2878 (supra
835 2815 870 2878 p.
884 2791 982 2880 599),Ι
1005 2791 1158 2871 ottonem,
1184 2804 1310 2877 accepto
1332 2793 1373 2857 ab
1390 2792 1486 2858 Heu

317 2911 386 2972 riso
401 2907 458 2972 IV
475 2911 673 2994 mnsopatu,
697 2929 781 2973 anno
807 2907 895 2973 1103
917 2907 1130 2992 Bamberyam
1151 2909 1328 2992 peruenisse
1350 2911 1409 2986 „in
1428 2932 1486 2995 pa-

318 3024 493 3105 efflatione
520 3035 626 3088 sonmo
648 3023 714 3087 Dei
739 3025 902 3108 qenitriais
930 3023 1062 3088 Morie“
1092 3019 1206 3102 (Febr.
1229 3021 1283 3104 2).
1324 3023 1487 3090 Habenda

319 3151 422 3204 autem
445 3138 508 3204 III
524 3138 569 3203 39
590 3137 710 3224 placet,
736 3161 805 3204 eum
828 3141 989 3204 aduenisse
1012 3141 1069 3216 ,in
1091 3137 1237 3223 visilia
1258 3141 1488 3226 purificationis

319 3255 405 3320 beate
426 3276 548 3339 suuper
568 3256 703 3338 uirqinia
719 3254 846 3319 Moris“
870 3253 979 3335 (Febr.
993 3253 1040 3335 1).
1075 3255 1118 3320 Er
1140 3277 1211 3319 euru
1226 3255 1295 3322 Edu
1319 3271 1486 3336 murana,

319 3371 476 3435 mandem
490 3371 626 3435 aduentu
643 3370 786 3435 Onunem
804 3371 901 3456 pedes
914 3371 1044 3456 seiqore
1062 3374 1196 3456 rubentes
1219 3375 1385 3458 ,tepida
1406 3395 1488 3458 aqua

319 3486 532 3569 consouisse“,
560 3484 762 3564 Herbordus,
795 3507 893 3571 qnam
924 3485 983 3550 boa
1009 3500 1118 3552 sonus
1146 3499 1246 3552 artem
1274 3489 1488 3554 medicinalem

318 3613 481 3686 peceatum
503 3603 680 3685 enumeres,
707 3601 785 3666 baeu
805 3602 961 3666 induratis
983 3605 1126 3687 scripsit:
1151 3603 1354 3688 „Episcopus
1376 3617 1486 3680 ardent,

319 3737 448 3782 rerum
467 3737 632 3801 quotus,
660 3715 734 3780 aliia
757 3717 895 3781 umidum
918 3738 1035 3801 aquom
1058 3718 1101 3782 ad
1124 3717 1276 3782 iuvandos
1295 3719 1392 3804 pedes
1415 3719 1486 3804 offs-

318 3833 468 3911 rentibus,
492 3831 546 3896 ub
564 3831 768 3916 friqidum
785 3834 934 3918 poposcit
957 3844 994 3912 et,
1018 3834 1181 3918 imponens
1202 3835 1308 3918 pedes,
1328 3835 1488 3922 friyore

310 3949 449 4034 frique
470 3947 765 4034 pr=opulsauit“.
800 3947 1009 4032 Perspicuum
1026 3961 1079 4028 est,
1104 3970 1189 4012 anno
1206 3949 1304 4028 1158,
1329 3972 1391 4036 quo
1406 3951 1486 4016 Hes·

319 4065 437 4129 bordas
459 4063 621 4146 diuiduum
640 4062 732 4145 feeit,
756 4065 792 4126 id
815 4075 858 4128 eet
875 4075 952 4149 post
974 4064 1207 4149 quinquaqinta
1231 4067 1369 4150 quinque
1389 4085 1485 4129 annus

320 4203 415 4266 quarn
430 4178 501 4243 Otto
521 4179 660 4263 primum
677 4177 888 4264 Bamberyam
906 4181 1043 4259 sesessit,
1068 4181 1123 4244 uie
1138 4181 1217 4244 duos
1233 4179 1370 4244 beminen
1384 4179 1485 4264 fursee

317 4294 528 4380 paruulorum
550 4293 731 4359 buiusmodi
751 4316 857 4358 rerum
880 4298 1007 4360 omuino
1030 4317 1178 4362 memores
1185 4343 1194 4376 ,
1219 4295 1334 4360 nedum
1356 4299 1401 4360 its
1422 4317 1482 4360 eer-

321 4421 386 4472 tum
399 4411 648 4474 resordationem
662 4408 817 4488 babentes,
840 4423 875 4474 ut
891 4410 970 4476 alter
985 4410 1025 4475 ab
1041 4411 1138 4476 abero
1153 4433 1224 4478 uere
1238 4413 1480 4498 russanum
1566 4441 1567 4452 ¹
