3142 4850
476 319 600 368 esame
623 322 702 368 vms
726 320 874 368 osmonte
1194 301 1260 367 585

93 485 176 547 caino
207 475 297 545 libri¹
326 483 448 544 ratione
471 485 587 567 optime
613 482 749 567 intelliqi
774 495 876 568 potent
902 505 940 548 en
962 484 1105 548 codicum
1131 483 1261 547 eandem

91 601 255 662 terrentiano
272 600 547 682 praestantissimo

178 712 240 794 (E)
264 715 369 778 codice
389 715 549 798 qnondam
564 713 838 778 Halesbmcnnensi
858 737 943 779 nnnc
965 714 1166 779 bibliothecae
1186 716 1260 778 ani·

93 831 243 894 versitatis
258 829 466 913 Erbznqensis
481 829 549 894 248
566 827 621 906 (K.
635 852 675 893 m.
689 831 708 894 1
711 829 771 910 ι12)
795 831 1040 909 membranaceo,
1063 841 1120 894 ont
1133 841 1261 896 ecennte

90 945 212 1010 saeculo
228 943 305 1008 XII
322 958 378 1010 ant
401 947 539 1010 ordiente
553 965 632 1008 saec.
644 944 740 1010 XIII
754 959 896 1025 inarato,
920 967 1012 1030 quem
1035 945 1264 1010 bibliothecarii

88 1063 207 1146 pacati
227 1061 307 1124 mibi
328 1060 539 1126 libentissimis
563 1063 678 1124 animia
700 1063 861 1125 mmemnt.

178 1175 324 1240 Eaclneit
346 1178 428 1240 enirn
450 1189 588 1242 mutator
605 1176 680 1259 fere
703 1178 820 1255 omnia,
846 1197 926 1260 qaae
948 1177 992 1240 ad
1014 1175 1179 1242 historiam
1193 1195 1261 1240 coe·

90 1293 178 1356 nobii
193 1291 228 1357 S.
241 1291 406 1356 Micbaelie
422 1305 450 1356 et
465 1291 666 1375 Wolframnri
679 1291 910 1377 qunandique
924 1290 1072 1356 abbatam
1090 1293 1262 1376 obtinent,

90 1407 187 1471 malta
204 1407 269 1471 alia
286 1409 321 1470 in
338 1421 506 1491 onqmtam
521 1409 669 1482 dednait5
693 1411 869 1472 orationem
889 1420 995 1472 antem
1010 1408 1176 1470 sententiae
1192 1427 1261 1470 cor-

90 1526 205 1607 rioene,
229 1545 293 1588 non
317 1543 351 1586 eo
371 1545 491 1608 seraper
514 1525 655 1588 anirnnm
677 1525 822 1603 intendit,
845 1536 881 1588 nt
902 1521 1169 1608 splendidioribae
1192 1543 1262 1586 oer-

89 1639 136 1703 bie
160 1651 307 1718 uteretur,
332 1640 387 1702 sed
408 1639 490 1702 illud
511 1660 579 1703 canc
594 1639 752 1704 interdum
768 1643 867 1723 eaieec
881 1640 1032 1717 oidemae,
1055 1651 1091 1702 at
1108 1637 1180 1704 Otto
1203 1638 1262 1704 bn·

88 1754 197 1820 milior
224 1757 351 1840 sedique
380 1755 543 1820 Romanae
571 1757 712 1820 devotior
742 1757 835 1820 etiam
863 1767 1047 1840 appareret,
1083 1775 1180 1838 qaam
1208 1765 1264 1818 aut

89 1893 202 1956 reapse
213 1861 333 1954 fnisset
354 1883 409 1936 ant
422 1872 530 1954 faisse
553 1872 641 1956 apud
663 1871 806 1936 Ebonem
825 1871 911 1934 mem
934 1881 1019 1934 emet.

180 1987 221 2052 In
243 1987 301 2052 boc
321 2009 433 2071 yeneno
456 2000 510 2066 eet,
535 1989 620 2072 qnod
642 2009 712 2050 cnm
727 1986 798 2050 Ebo
813 1985 889 2048 m
906 2008 931 2048 c.
944 1985 986 2051 11
1003 1987 1050 2048 sic
1070 1987 1262 2070 saepsisset.-

88 2103 175 2182 ,Ha
199 2125 272 2188 erqo
296 2103 406 2168 litteris
435 2101 592 2183 (Ottonie)
623 2103 662 2166 ab
692 2102 864 2187 apostolico
888 2100 1058 2181 (Paecbali
1072 2100 1125 2181 II)
1153 2123 1263 2166 reae·

88 2231 219 2285 center
241 2222 391 2304 eaeceptis
415 2232 442 2282 et
464 2219 618 2297 relectie“,
645 2231 783 2282 motator
805 2217 932 2282 verbnm
953 2218 1028 2282 boc:
1052 2237 1261 2295 ,reveren-

88 2335 176 2400 ter“
200 2337 373 2420 oppressit,·
402 2347 430 2398 et
452 2355 521 2398 enm
545 2334 613 2398 llbo
637 2335 753 2398 ibidem
776 2334 853 2399 baec
872 2336 1045 2418 posuisset:
1075 2331 1175 2411 ,Cam
1202 2333 1262 2398 bi·

90 2452 172 2517 lari
198 2455 297 2515 sotis
325 2454 547 2516 reverentia
575 2452 614 2515 ab
638 2452 811 2536 apostolico
835 2449 1074 2530 (Paecbalill)
1103 2462 1262 2535 susceptae

79 2568 203 2651 snieeet
225 2566 367 2648 (Ono)“,
392 2580 528 2633 mutator
543 2570 588 2631 ita
608 2568 807 2631 scribendam
822 2568 930 2631 duait:
955 2564 1115 2649 ,meane
1128 2565 1168 2629 ab
1184 2586 1262 2650 apo·

88 2685 199 2749 stolico
216 2684 420 2749 clementer
435 2696 593 2769 ensccptae
606 2683 764 2766 fnisset“‚·
787 2685 921 2766 danque
935 2704 1005 2747 cnm
1015 2681 1085 2745 Ebc
1101 2680 1174 2745 Μ
1183 2702 1209 2745 c.
1219 2682 1264 2747 12

88 2800 137 2865 bie
160 2800 265 2865 verbio
287 2823 362 2867 aeae
391 2812 482 2865 esset:
512 2799 730 2884 ,apostoliens
759 2799 877 2863 litterae
903 2798 1175 2863 commendaticiae
1201 2816 1263 2881 pro

88 2918 203 2983 dilecto
232 2928 346 3002 patre
372 2916 484 2981 Ottone
509 2914 627 2994 mieit“,
657 2926 813 2979 corrector
834 2918 881 2979 ita
902 2914 1022 2979 rotald:
1051 2912 1263 2999 ,aposolicae

89 3033 213 3099 litterae
236 3034 507 3096 commendaticiae
534 3050 595 3116 pro
619 3030 729 3095 dilecto
750 3030 853 3114 filio
879 3030 991 3094 Ottone
1018 3028 1135 3095 mieit“.
1175 3028 1265 3093 Illud

88 3162 195 3215 antem
223 3148 326 3211 maine
355 3161 413 3227 eet,
445 3148 529 3232 qaod
557 3147 662 3210 eodem
692 3147 823 3210 consilio
851 3149 945 3211 etiam
972 3146 1135 3233 rpmtolam
1161 3147 1264 3231 ipsine

90 3265 229 3343 ottonis,
255 3286 338 3328 anno
357 3264 443 3329 1106
458 3288 479 3328 a
490 3262 645 3329 Patebali
654 3262 697 3327 II
708 3265 970 3327 consecrationem
986 3264 1146 3347 reiceretis,
1170 3261 1264 3326 adal·

88 3384 214 3446 teraoit.
250 3380 382 3464 Leqitnr
405 3382 487 3443 enim
510 3378 585 3444 baec
602 3378 733 3465 epistola
755 3380 867 3442 iisdem
890 3378 992 3442 verb-ie
1016 3380 1100 3443 etin
1122 3377 1267 3443 Udalrici

88 3490 214 3563 codice¹
238 3508 265 3559 et
287 3496 377 3581 opud
398 3496 548 3575 Ebonem,
576 3498 611 3559 in
635 3518 699 3581 qna
722 3517 792 3560 cnm
812 3517 934 3581 papam
956 3494 1116 3579 einonlari
1135 3516 1264 3559 numero

87 3612 255 3701 appellari
281 3614 447 3697 reperisset
467 3624 620 3692 mutator,
655 3610 777 3676 Ottonie
800 3611 955 3675 andaciae
976 3631 1175 3690 succurrens,
1203 3634 1264 3675 nn·

87 3751 212 3795 mertem
233 3727 390 3814 pluralem
413 3748 511 3812 usqne
534 3748 658 3813 quoqne
680 3726 825 3791 odbibnit
846 3726 904 3789 boc
925 3727 1036 3790 modo:

224 3856 285 3911 Otto
303 3864 442 3927 scripserat
461 3856 537 3910 baec:
812 3854 931 3909 Matator
948 3862 1053 3927 empsit
1070 3854 1146 3909 baec:

88 3958 384 4039 -desideramus,
411 3956 493 4022 seire
516 3956 666 4023 emetita·
693 3990 734 4001 —-
752 3954 984 4039 desideramus,
1011 3954 1092 4021 scire
1114 3954 1264 4020 sanctita-

87 4083 154 4142 tem
186 4080 295 4139 tuem
326 4122 353 4138 ..
382 4091 439 4137 nos
467 4072 611 4157 paruisse
635 4056 757 4156 ..ltem
773 4076 946 4138 vestram
963 4119 987 4136 ..
1005 4090 1063 4136 nos
1079 4068 1223 4157 paruisse
1238 4118 1263 4135 ..

163 4258 191 4311 1.
209 4256 276 4312 editi
294 4270 329 4311 ex
350 4271 417 4326 „ms
430 4252 613 4311 bibliothecae
624 4256 755 4311 Paulinae
769 4253 896 4325 Lipsise“
914 4252 987 4320 (aad.
1000 4251 1065 4309 bibl.
1077 4252 1265 4309 universitatis

87 4346 245 4418 Lipsiensis
256 4346 311 4401 844
329 4344 441 4401 membr.
455 4358 527 4399 esee.
537 4344 615 4411 Xlll)
634 4358 651 4398 a
664 4341 778 4399 Sollerio
795 4344 824 4397 in
836 4342 899 4397 Act
911 4340 960 4397 SS.
973 4342 1023 4397 Iul.
1036 4341 1069 4396 T.
1079 4342 1092 4396 l
1102 4341 1264 4397 tte-tte.

88 4438 114 4491 2.
135 4436 232 4491 a.128
250 4448 333 4505 supra
349 4450 377 4504 p.
391 4434 552 4489 tae-240.
