3142 4850
368 346 549 394 museum
571 345 752 395 nrsnocus.
767 344 773 357 ·
788 348 855 395 nm.
870 348 910 395 m
932 345 974 397 uo.
986 345 1019 397 al
1215 330 1280 396 823

107 505 187 573 vicie
209 504 334 573 illorum
351 506 542 586 consistunt3
567 506 723 592 siquidem
747 526 893 590 agrorum
915 506 1018 574 cultus
1039 526 1131 572 rarus
1153 506 1199 573 ibi
1221 512 1368 577 estuat

107 620 205 688 Porro
235 622 268 687 iu
291 622 376 689 victu
399 621 449 689 rel
478 622 513 687 in
536 621 645 688 habitu
669 624 803 689 vestium
831 644 946 709 purum
973 621 1053 689 lauti
1079 622 1198 688 habent
1225 629 1281 689 ant

107 736 361 823 pulchritudinis.
401 737 509 803 Nostri
538 755 611 820 ergo
640 738 814 805 mediocres
843 739 877 803 in
899 738 1124 824 conparatione
1152 738 1279 804 illorum

106 851 235 936 gloriosi
265 857 365 920 erant.
455 852 578 919 luanus
601 872 675 919 rere
705 852 863 939 presbiter
884 853 1120 939 archispiscopo
1148 874 1183 919 se
1208 855 1279 939 ipso

106 968 208 1034 maior
230 988 300 1035 esse
323 968 497 1035 ridebatur.
538 966 678 1052 Cumque
702 974 786 1035 esset
807 968 882 1035 boni
906 970 986 1052 oris,
1013 969 1053 1034 ad
1076 969 1183 1035 omniu
1205 988 1279 1035 con·

107 1083 210 1169 posite
225 1084 430 1170 respondens,
453 1084 543 1149 illum
559 1084 651 1149 valde
667 1082 855 1167 oblectabat,
877 1084 1037 1168 nichilque
1056 1085 1135 1151 sutis
1158 1086 1188 1151 ei
1210 1104 1280 1151 esse

6 1238 10 1245 -
106 1200 221 1284 potuit,
245 1199 398 1284 quidquid
421 1199 460 1265 de
484 1198 599 1266 Ottonu
622 1199 779 1265 audiebat.
821 1198 922 1265 Fama
944 1200 1059 1265 etenim
1084 1206 1157 1267 ante
1180 1218 1279 1265 annos

106 1313 213 1401 plures
236 1315 320 1381 hunc
335 1320 444 1380 notum
462 1314 588 1396 habuit3
613 1319 646 1380 et
666 1333 750 1381 nuno
773 1315 902 1398 gloriari
926 1320 1021 1400 utque
1042 1316 1135 1382 letari
1158 1315 1279 1381 habun-

106 1430 233 1496 dantius
257 1431 356 1516 cepit,
385 1430 469 1516 quod
492 1430 559 1497 eius
582 1430 694 1513 dignos
723 1435 755 1496 et
780 1429 939 1516 preclaros
962 1432 1093 1497 nuncios
1115 1436 1279 1517 presentes

105 1545 246 1629 haberet,
270 1546 359 1613 cuius
381 1550 470 1613 tanta
494 1550 526 1613 et
548 1552 613 1612 tam
636 1544 780 1632 preclara
802 1546 888 1611 fucta
906 1546 1028 1629 vulgari
1050 1547 1137 1613 fama
1158 1547 1277 1632 passim

105 1661 263 1748 predicari
291 1662 380 1747 prius
403 1661 552 1729 audisset.
592 1661 641 1728 De
664 1661 821 1745 legatione
851 1658 957 1728 autem
984 1663 1052 1729 eius
1081 1662 1121 1729 ud
1148 1680 1279 1748 presens

105 1777 203 1844 nichil
226 1797 261 1843 se
275 1777 467 1864 respondere
489 1797 582 1863 posse
597 1776 730 1862 dicebat,
753 1778 816 1843 nisi
832 1783 905 1843 aute
923 1778 1083 1864 principos
1098 1778 1279 1844 Danornm·

106 1900 201 1980 utque
230 1898 394 1979 magnates
427 1913 485 1980 per
513 1893 634 1978 aliquas
662 1892 806 1959 inducias
833 1892 1052 1959 consuluisset.
1154 1894 1278 1989 lwanus

106 2016 211 2079 autem
237 2016 269 2078 et
290 2011 402 2094 legati,
425 2009 484 2076 hoc
505 2008 632 2092 longum
658 2007 719 2074 sibi
741 2008 934 2092 iudicantes,
958 2009 1074 2076 dimitti
1097 2014 1277 2093 seregent,

104 2146 146 2194 ne
169 2146 264 2213 super
280 2146 388 2193 eorum
410 2145 501 2191 moru
521 2124 760 2191 contristaretur
775 2125 951 2211 episcopus.
987 2123 1111 2191 llnnuit
1130 2124 1184 2191 ille
1206 2144 1277 2191 cum

105 2243 316 2327 benignitate3
341 2261 378 2308 uc
398 2241 521 2307 litteras
537 2241 669 2307 donaria
688 2260 864 2325 navemque
886 2240 1151 2324 grandiusculum,
1174 2239 1278 2306 butiro

104 2359 245 2448 plenum,
268 2359 391 2442 signum
409 2357 585 2424 dilectionis
609 2362 641 2424 et
661 2356 799 2424 amicitie
815 2357 945 2424 mittens
961 2357 1119 2444 episcopo,
1143 2356 1277 2440 dicebat,

105 2476 292 2562 quantocius
316 2495 355 2542 ex
371 2474 502 2541 coneilio
524 2473 704 2559 principum
727 2493 784 2557 per
800 2493 873 2539 suos
896 2473 1017 2556 legatos
1034 2473 1073 2539 de
1088 2473 1183 2539 verbo
1206 2492 1278 2558 pre-

105 2591 272 2659 dicationis
296 2609 329 2657 sa
352 2609 586 2676 responsurum.
666 2571 763 2664 Quod
777 2593 884 2653 utrum
908 2608 1075 2674 perperam
1099 2607 1140 2652 an
1154 2587 1278 2673 simpli·

104 2709 186 2775 citer
207 2706 339 2790 dixerit,
369 2725 482 2793 purum
505 2703 596 2770 nobis
620 2708 816 2788 compertum
839 2709 896 2769 est.
937 2702 1019 2768 Nam
1042 2702 1117 2768 dum
1140 2721 1198 2788 per
1220 2702 1277 2768 ali·

104 2842 186 2909 quos
208 2823 275 2890 dies
298 2821 365 2889 eius
387 2820 518 2886 nuncios
542 2825 790 2906 expectaremus,
814 2819 853 2885 de
876 2819 1019 2905 partibus
1033 2817 1224 2884 Alamannis
1246 2823 1279 2884 et

104 2940 146 3006 dc
169 2939 262 3004 domo
284 2935 538 3019 Bubenbcrgensi
565 2934 673 3022 plures
695 2934 802 3000 nuncii
826 2939 994 3017 venerunt,
1021 2934 1145 3016 mugnis
1169 2938 1201 3000 et
1221 2953 1277 3001 ne-

104 3055 251 3122 cessariis
275 3053 378 3120 causis
402 3051 584 3139 episcopum
606 3046 817 3116 revocantes¹.

196 3172 250 3236 31.
284 3169 421 3235 Rutbeni
444 3172 548 3234 autem
572 3165 691 3232 crebris
714 3163 882 3231 insultibus
905 3163 1096 3231 Pomerunos
1119 3162 1279 3230 lacessunt

105 3291 139 3354 et
154 3285 380 3352 stetinensium
395 3281 474 3349 lines
492 3282 622 3349 armatis
645 3280 778 3356 navibus
801 3276 1016 3366 perturbant².
1052 3279 1205 3364 Cumque,
1228 3297 1278 3344 se-

104 3401 170 3468 mel
193 3406 225 3467 et
246 3400 295 3467 bis
318 3399 504 3486 repercussi,
529 3396 644 3464 ubello
665 3415 789 3463 cessare
810 3395 995 3478 noluissent,
1020 3395 1214 3462 Stetinenses
1238 3414 1276 3461 ex

104 3517 237 3584 consilio
259 3513 419 3582 communi
442 3533 531 3580 arma
552 3517 688 3579 tractare
711 3515 864 3597 ceperunt
891 3517 986 3595 utque
1010 3511 1126 3577 iterum
1150 3509 1278 3576 venien·

103 3633 192 3701 tibus
207 3631 391 3700 coadunatis
404 3628 522 3696 viribus
539 3646 711 3694 occurrere.
743 3625 806 3692 Sed
821 3626 898 3710 quid
912 3625 1025 3712 plura?
1055 3625 1158 3691 Tuntu
1172 3631 1277 3708 strage

103 3749 242 3816 Rutheni
265 3749 328 3814 fusi
351 3751 426 3812 sunt
448 3749 480 3812 et
502 3743 582 3811 tanti
599 3743 746 3810 excisio
764 3742 982 3828 captivitatem
1000 3741 1131 3824 reducti,
1154 3745 1199 3825 ut,
1223 3740 1278 3825 qui

104 3865 241 3932 evadere
267 3867 452 3950 potuerunt,
482 3860 604 3926 nullum
632 3858 717 3925 ultra
739 3858 911 3925 victoribus
939 3856 1056 3923 bellum
1084 3854 1275 3921 intulerint!

106 3981 302 4048 Stetinenscs
324 3979 431 4063 igitur,
456 3976 515 4042 huc
536 3975 668 4044 victoria
690 3974 830 4057 gloriosi,
854 3973 981 4039 domino
1003 3972 1075 4038 lesu
1097 3971 1223 4038 Christo
1246 3977 1278 4037 et

106 4077 197 4164 serub
214 4097 281 4163 eius
297 4094 407 4161 Ottoni
428 4093 580 4159 honorem
603 4089 835 4170 asscribebant;
858 4088 1019 4156 Ruthenos
1034 4086 1119 4154 ultra
1133 4087 1198 4152 iam
1214 4105 1277 4151 non

181 4341 201 4374 a.
225 4326 342 4374 Donorum
358 4325 390 4372 N.
549 4323 572 4368 b.
596 4321 720 4368 intulerunt
736 4319 790 4376 NB,
809 4318 928 4365 intulerint
943 4318 973 4364 Β.

180 4458 204 4512 1.
224 4455 266 4514 Ol.
285 4454 346 4512 Ebc
364 4452 404 4510 111
422 4453 466 4509 24.
680 4452 706 4506 2.
730 4447 772 4505 Cf.
790 4448 851 4505 Ebc
868 4449 908 4503 lll
926 4449 969 4504 23.
