3142 4850
217 470 283 523 1007

177 544 231 603 poet
242 542 321 589 Nost

249 1157 319 1214 1002

214 2201 284 2255 1007

177 2277 231 2335 post
241 2274 299 2322 Nor.
309 2274 322 2319 1

336 278 405 342 474
653 294 841 345 ιιιιιοιιι
864 294 1143 369 ιιιιιιιιιιιιι.
1177 292 1195 343 ι

337 456 474 539 giseere,
500 454 627 521 domine
649 456 709 540 mi,
732 454 961 541 aliquantulum
984 463 1017 523 et
1038 472 1167 541 sapesso
1189 460 1221 521 te
1243 456 1357 550 ipsum.
1390 454 1498 521 Nescio

338 570 451 656 quibus
473 570 700 637 fascinantibus
723 576 815 637 extra
836 576 869 637 te
889 571 1001 638 duetus
1025 591 1069 639 es.
1102 570 1243 655 Enitere,
1265 569 1368 656 quoad
1391 571 1499 656 poesis,

336 692 374 753 ut
394 686 435 756 ad
450 686 602 772 teipsum
618 687 797 753 revertaris.
832 685 986 773 Loquitur
1001 706 1062 753 ιοιι
1079 687 1200 755 diviua:
1225 688 1329 773 Saepe
1348 689 1409 773 qa·
1429 689 1499 753 dor·

336 806 407 883 aab,
432 816 461 868 et
483 825 597 888 sempe
619 827 641 867 a
661 807 805 883 merlesb,
829 804 1082 871 attaminatio
1102 807 1160 871 etti
1181 802 1320 869 ebrona
1329 798 1346 867 ¹.

426 916 475 983 Τι
497 917 620 1003 primus
641 922 700 985 ιιι
719 918 803 983 iuter
825 918 961 1004 primos,
989 925 1021 987 et
1042 919 1107 985 iam
1130 922 1300 1003 autequam
1321 938 1378 985 rex
1407 915 1500 1000 fieret,

338 1033 500 1099 dominum
523 1032 613 1099 illum
634 1032 693 1099 tibi
721 1032 931 1119 praeelegisti.
966 1033 1014 1100 Tu
1040 1038 1166 1120 postea,
1195 1038 1347 1118 quantum
1369 1038 1500 1119 poteras,

330 1148 420 1215 'siout
441 1146 606 1232 magnifice
629 1155 771 1234 poteras,
796 1153 831 1215 ut
852 1169 909 1215 rex
932 1147 1036 1234 fieret,
1063 1148 1218 1217 institisti.
1259 1148 1397 1217 Proinde
1419 1154 1501 1215 ιιιιι

337 1265 372 1330 in
386 1264 521 1331 iuvioem
537 1265 693 1331 suavitate
707 1264 877 1349 coniuncti,
899 1270 990 1331 tanta
1004 1264 1288 1337 earitutadevineti
1303 1300 1347 1311 -
1368 1270 1500 1332 tensum

337 1378 565 1446 inliberaliter
594 1380 758 1446 serviendo
781 1380 841 1446 sibi
869 1379 1026 1465 devotior,
1056 1401 1090 1449 se
1118 1400 1210 1448 nemo
1237 1381 1271 1446 in
1299 1379 1501 1447 amicabiliter

337 1494 520 1581 desipiendo
543 1496 684 1582 paratior
704 1531 746 1543 -
768 1513 899 1581 prorsus
922 1494 1042 1579 glutine
1069 1496 1204 1581 quodam
1227 1500 1260 1563 et
1281 1496 1408 1563 vinnula
1430 1494 1501 1561 arni·

337 1611 436 1677 oioiee
451 1612 541 1695 quasi
557 1610 810 1699 inseparabiliter
826 1610 964 1695 colligati
979 1612 1093 1679 fuistis.
1123 1611 1298 1695 Postremo,
1319 1610 1501 1696 ubieunque

337 1725 389 1792 uel
404 1726 663 1811 quendoeumque
679 1732 735 1793 aut
748 1727 920 1795 necessitas
935 1727 1117 1813 postulabat
1132 1734 1188 1795 aut
1201 1728 1393 1813 iucunditas,
1414 1728 1499 1795 etiarn

337 1844 371 1911 iu
395 1844 478 1911 vitae
500 1843 639 1929 periculo
661 1842 796 1910 fideliter
819 1843 879 1909 sibi
903 1842 1103 1928 suffragando
1126 1862 1188 1911 non
1211 1843 1331 1911 deeras.

427 1959 507 2027 Cum
529 1959 607 2031 baeu
634 1957 786 2025 beneficia
814 1958 920 2025 omnia
942 1960 975 2025 in
1000 1959 1090 2027 illum
1121 1959 1317 2046 praerogaris
1340 1962 1378 2025 et
1400 1976 1439 2025 ex
1459 1956 1500 2023 bis

337 2096 435 2163 penes
461 2094 497 2143 se
525 2095 672 2158 magnam
696 2074 754 2140 tibi
782 2074 917 2158 grabam
945 2074 1120 2142 amicitiam
1143 2076 1307 2143 caritatem
1335 2076 1409 2141 iure
1437 2092 1499 2141 ιιι

338 2190 474 2275 floreum,
498 2190 574 2275 quid
596 2196 645 2257 ιιι
666 2189 735 2275 ιιι,
759 2190 842 2275 quod
866 2189 959 2257 modo
975 2191 1032 2257 tibi
1049 2190 1206 2277 imponis?
1240 2191 1313 2275 Gur,
1337 2210 1413 2257 euru
1428 2190 1499 2256 bom

338 2307 552 2394 promeruisti,
575 2306 669 2373 malis
687 2311 720 2373 te
735 2306 947 2373 remunerari·
968 2306 1145 2393 permittis?
1178 2304 1317 2374 Difficile
1337 2314 1398 2391 est,
1421 2324 1497 2373 reun

339 2443 409 2492 esse
431 2424 615 2493 maiestatis

427 2539 494 2606 Neo
515 2539 643 2622 litteris,
672 2543 709 2604 ut
730 2538 840 2622 audio,
867 2557 926 2606 neo
953 2538 1082 2622 legatis,
1111 2538 1266 2625 paroeudo
1294 2537 1497 2624 promittendo

339 2655 561 2742 supplicando,
591 2659 623 2721 te
647 2655 687 2721 ad
714 2675 749 2721 se
777 2654 931 2722 accersire
958 2659 1070 2740 potest
1168 2654 1330 2733 Quomodo
1360 2653 1498 2742 potesiu

338 2791 435 2856 regno
459 2770 663 2838 sinehabere
686 2768 893 2856 pontificium,
918 2771 945 2836 si
969 2770 1009 2838 ad
1024 2790 1058 2836 ee
1074 2771 1181 2837 venire
1202 2771 1396 2853 refragaris?
1428 2765 1497 2847 Quid

339 2888 454 2955 dicturi
477 2891 551 2953 suut
573 2887 703 2970 iudices,
725 2886 847 2952 eumin
862 2884 978 2952 iudicio
1001 2885 1078 2952 talia
1094 2886 1351 2954 ventilabuntur?
1420 2883 1498 2964 vide,

338 3024 379 3071 ne
402 3024 472 3071 sero
495 3003 585 3089 peius
607 3000 679 3086 fiat,
707 3001 790 3086 quod
815 3002 902 3087 prius
926 2999 1038 3068 melius
1061 3001 1131 3068 lieri
1159 3001 1277 3089 potuit,
1305 3007 1340 3070 et
1361 3021 1402 3068 ne
1425 3001 1499 3084 rigor

338 3122 399 3188 iste
420 3139 485 3185 nou
499 3117 649 3184 fortitudo
665 3117 719 3184 sed
736 3117 858 3184 duritia
873 3117 973 3200 magis
989 3117 1134 3184 habenda
1148 3117 1199 3184 sit
1226 3115 1324 3184 Aliud
1341 3123 1390 3186 est
1404 3121 1498 3184 autem

339 3235 453 3300 durum
476 3253 555 3317 esse,
578 3232 664 3300 aliud
679 3233 804 3300 fortem.
839 3231 946 3300 Durus
967 3251 1026 3300 neu
1041 3233 1074 3299 in
1091 3233 1203 3300 bonam
1221 3238 1343 3320 purtem
1361 3231 1496 3300 fleotitur.

428 3347 492 3416 Cur
514 3369 553 3416 ιι
575 3353 666 3431 grato
688 3349 859 3431 ingratum,
883 3369 923 3415 ιι
946 3349 1047 3416 umioo
1070 3349 1243 3432 inimicum,
1267 3369 1306 3414 ex
1325 3346 1498 3416 munifioeu

338 3464 542 3532 desinenti
564 3463 778 3532 inliberaleml
801 3463 900 3530 lasis?
981 3463 1140 3549 Quidquid
1161 3464 1220 3532 tibi
1242 3463 1389 3546 libuerat,
1415 3465 1499 3550 prout

338 3581 482 3669 pluribus
505 3580 608 3647 visum
630 3585 688 3662 est,
711 3579 797 3665 apud
820 3579 909 3644 illum
934 3578 1076 3646 obtinere
1099 3585 1255 3666 potueras.
1290 3579 1403 3646 Nonne
1419 3580 1499 3644 unta

338 3697 398 3766 tibi
419 3702 559 3784 potestus
581 3696 616 3763 in
638 3695 688 3761 bis
709 3695 891 3778 regionibus
914 3693 953 3761 ab
977 3715 1012 3761 so
1036 3714 1185 3762 eoueessa
1206 3701 1265 3779 ιιι,
1288 3701 1324 3762 ιι
1340 3695 1379 3761 nd
1396 3699 1497 3762 nutum

337 3821 427 3881 tuum
451 3814 557 3881 omnia
579 3810 730 3898 pareant?
764 3810 823 3876 Cui
846 3830 903 3877 nos
927 3817 982 3878 aut
1004 3816 1161 3896 caeteros,
1185 3812 1239 3896 qui
1261 3809 1301 3876 de
1323 3817 1355 3878 te
1378 3827 1497 3896 praesu·

338 3934 440 4013 munt,
463 3927 673 3995 defendendos
693 3925 866 4011 relinquis?

428 4043 478 4112 Sit
499 4044 623 4110 animus
643 4042 752 4123 lortis3
776 4042 833 4110 sed
855 4061 954 4126 usque
976 4040 1017 4108 sd
1039 4041 1292 4128 temperantium.
1327 4039 1415 4119 Quod
1435 4057 1495 4106 ruo

338 4161 413 4227 dum
437 4159 673 4246 supergreditur
694 4157 938 4242 inmoderatum,
961 4157 1192 4224 inmoderatum
1210 4157 1433 4246 intemperans,
1453 4153 1494 4220 iu·

339 4275 549 4362 temperantia
564 4275 679 4340 vibium
694 4278 751 4340 est.
785 4272 933 4359 Amplius
950 4293 1013 4340 non
1036 4273 1230 4360 progredior.
1321 4271 1354 4339 Si
1369 4292 1429 4339 nou
1442 4287 1492 4356 pro

409 4427 429 4461 ι.
453 4416 590 4463 renumeruri
605 4431 626 4465 e.
717 4416 740 4462 b.
763 4413 927 4462 inliberabllern
944 4428 963 4461 e.
1084 4404 1109 4459 l.
1128 4402 1228 4473 Ephbfl.
1242 4403 1268 4473 ὅ,
1282 4403 1324 4459 14.
