3142 4850
368 297 491 346 sacrus
514 299 593 346 vrrs
617 297 775 346 erroris.
811 299 1005 348 recessuro
1209 281 1275 348 589

103 453 308 538 Konogunda,
331 455 478 541 specialis
501 462 603 522 mater
626 461 745 541 nostra,
770 463 837 524 tam
859 478 918 544 pro
932 457 1081 540 religiosa
1095 477 1158 540 qua
1172 459 1274 524 nomi·
1294 476 1363 530 1015

102 575 193 638 natus
217 575 286 638 erat
307 573 548 638 conversacione
571 591 666 657 quarn
690 578 722 640 et
744 593 803 659 pro
821 572 957 640 seculari
980 593 1042 658 qna
1063 572 1204 658 pollebat
1225 574 1274 638 in-

102 685 223 752 dustris
249 686 351 754 eidem
378 686 447 754 loco
475 687 684 773 prefecerunt.
733 686 873 756 Eodem¹
900 708 1023 773 quoqne
1052 707 1134 754 anno
1162 688 1274 755 fonda-

100 807 207 868 mento
228 803 412 870 monasterii
434 803 538 870 locata
560 809 643 870 sunt
679 804 722 870 Et
743 805 880 872 secondo
897 824 978 871 anno
994 803 1135 870 Heinrici
1150 803 1274 870 abbatis

101 916 278 986 dedicatum
307 925 356 986 est
382 919 536 1005 templum
564 920 678 1005 ipsum.
771 920 880 1004 ltaque
908 920 1023 986 domno
1046 919 1167 986 Ratone
1189 920 1274 986 mam

100 1033 245 1100 universe
259 1036 363 1102 cernis
386 1031 610 1122 ingrediente,
635 1035 785 1102 successit
802 1036 874 1101 dive
896 1036 1048 1102 memorie
1063 1035 1161 1102 abhas
1175 1035 1274 1102 Hein-
1304 1049 1373 1104 1020

99 1149 199 1234 ricus,
226 1150 306 1218 mire
328 1151 500 1218 secuudum
520 1151 621 1218 Deum
646 1151 773 1236 pietatis
797 1156 829 1217 et
850 1150 1000 1234 sciencie,
1029 1151 1200 1253 sepnndum
1224 1171 1273 1218 se·
1291 1121 1377 1168 Μ

99 1265 204 1332 culum
228 1285 341 1350 magne
363 1267 537 1334 nobilitatis
562 1287 598 1334 ac
620 1267 840 1334 strennuitatis
862 1267 928 1347 vir;
952 1283 995 1348 qui
1016 1282 1094 1334 fectu
1118 1283 1190 1334 noos
1209 1301 1272 1335 aaa·

98 1378 194 1446 logium
217 1389 243 1432 et
261 1381 324 1432 duas
343 1399 428 1434 cruces
448 1389 582 1448 argenteas
601 1382 721 1448 deditque
740 1380 850 1432 cestriam
874 1382 965 1432 bonam
984 1380 1082 1432 chrocei
1101 1379 1204 1440 colori„
1228 1379 1274 1430 sed

98 1503 125 1546 ct
142 1495 193 1548 alia
212 1495 319 1562 plurima
336 1495 394 1548 buic
411 1495 466 1548 loco
485 1496 608 1548 beneficis
626 1496 738 1548 eontulit.
772 1479 870 1546 Cuius
892 1475 992 1546 unn0⁴
1015 1480 1151 1546 secundo
1174 1478 1274 1544 Eber-

97 1594 227 1677 hardus‚
251 1596 373 1680 primus
388 1594 659 1678 Babeuhergensis
683 1595 860 1681 episcopus,
884 1613 967 1661 anno
983 1594 1195 1660 ordinacionis
1217 1613 1274 1660 sne

97 1710 194 1778 tertio
227 1710 348 1777 decimo
377 1710 535 1778 dedicavit
571 1711 735 1777 ecelesiam
772 1711 873 1776 sancti
902 1710 1063 1776 Michaelis
1099 1711 1132 1776 in
1166 1714 1273 1776 monte
1298 1724 1366 1777 1011

95 1824 363 1910 Bahenbergcnsi,
387 1827 419 1892 in
443 1827 560 1892 honore
575 1827 715 1904 ciusdem
740 1825 919 1910 archangeli
942 1833 974 1893 et
994 1826 1097 1892 sancti
1110 1825 1273 1894 Benedicti
1291 1797 1373 1843 Nm

97 1942 237 2025 abbatis,
267 1947 380 2026 quarta
410 1942 516 2008 Nonas
540 1941 742 2025 Novembris,
772 1943 853 2008 feria
882 1942 1008 2026 quinta,
1038 1962 1120 2008 auno
1143 1941 1273 2008 Domini

99 2059 216 2141 1021·,
238 2057 409 2124 indictione
433 2059 552 2142 quinta,
577 2078 659 2124 anno
683 2063 786 2123 autem
810 2059 899 2140 regni
918 2057 1139 2140 gloriosissimi
1153 2056 1274 2122 domini

97 2193 134 2240 ac
157 2174 285 2259 patroni
309 2174 409 2240 nostri
432 2173 535 2239 sancti
550 2173 689 2240 Heinrici
714 2175 766 2255 21,
791 2173 918 2259 imperii
941 2175 972 2256 0,
1002 2173 1071 2258 ipso
1094 2171 1274 2258 presidente

95 2309 133 2356 ao
163 2289 360 2374 disponente.
404 2289 486 2356 Huic
513 2289 744 2356 consecracioni
774 2289 985 2356 interfuerunt
1006 2289 1148 2374 episcopi
1170 2287 1273 2371 multi,

96 2405 221 2473 scilicet
247 2405 333 2473 Erbo
356 2403 576 2489 mogontinus,
606 2405 724 2473 dudum
753 2404 1023 2491 archicapellanus
1052 2404 1153 2471 saneti
1176 2403 1274 2470 Hein-

94 2522 156 2589 rici
181 2523 397 2608 imperatoris,
427 2522 481 2606 qui
504 2520 604 2589 altare
635 2521 717 2589 beati
741 2520 871 2587 llartini
894 2520 1067 2602 dedicavit,
1096 2519 1273 2602 Pilegrinus

96 2637 305 2721 boloniensis,
329 2638 383 2723 qui
407 2638 506 2705 altare
521 2636 622 2703 sancti
638 2636 724 2702 Petri
740 2637 946 2718 consecravit,
970 2656 1042 2702 cum
1061 2636 1132 2701 aliis
1153 2635 1272 2703 multis.

94 2752 176 2821 Post
197 2754 256 2820 bec
278 2754 426 2821 Heinrico
456 2752 592 2819 secundo
616 2752 729 2819 abbate
752 2753 793 2817 ad
817 2752 975 2818 Christum
1000 2751 1174 2833 migrante,
1205 2771 1273 2817 sus·

94 2870 185 2957 cepit
199 2888 308 2937 curam
331 2868 522 2957 pastoralem
538 2868 672 2935 domnus
687 2866 908 2947 Adclhelmus3
932 2884 992 2948 qni·
1006 2882 1199 2935 resuscitantis
1212 2898 1272 2948 sps-

94 3000 168 3053 rulu
185 3002 253 3053 nno
270 3000 376 3052 solnm.
413 2983 595 3067 Tantusque
618 2989 741 3051 amator
756 2984 856 3050 divini
871 2987 940 3050 erat
955 2983 1081 3048 servicii
1096 3000 1133 3049 ae
1148 2998 1273 3067 semper

93 3101 195 3167 choro
221 3099 425 3185 psallencium
449 3099 601 3166 interesse
619 3098 803 3182 ,affectabat
825 3103 861 3164 nt
884 3098 994 3181 eciam,
1017 3098 1046 3163 si
1068 3098 1101 3162 in
1117 3097 1210 3165 vinea
1224 3114 1274 3163 re·

93 3216 229 3283 mocion'
252 3216 376 3301 positus
398 3219 491 3297 esset,
515 3214 622 3281 andito
638 3214 843 3299 vespertinali
862 3214 911 3281 vel
933 3212 1063 3280 alterius
1080 3213 1157 3280 hore
1172 3213 1272 3295 signo,

93 3336 166 3397 tota
198 3330 274 3396 illuc
306 3330 493 3397 festinantia
526 3335 558 3397 et
591 3329 687 3396 alacri
720 3330 889 3395 devocione
922 3334 1100 3395 occurreret
1126 3328 1273 3412 omnique

94 3446 257 3513 oracionis
284 3452 426 3531 tempore
456 3445 578 3531 primus
607 3444 754 3510 intrando
779 3448 811 3510 ct
838 3444 969 3511 ultimus
993 3443 1181 3526 egrediendo
1203 3442 1273 3511 fieri

11 3566 14 3571 ’
94 3565 267 3645 satageret
358 3561 401 3627 Et
423 3561 482 3627 hoc
504 3560 558 3647 pic
581 3565 670 3646 patre
694 3558 734 3625 ad
757 3559 888 3625 celestia
909 3564 1030 3643 vocato,
1054 3559 1188 3625 domnus
1210 3558 1273 3624 Ro·
1302 3576 1371 3630 mcc

93 3678 208 3745 bertus
243 3676 353 3743 eodem
387 3681 436 3743 cst
469 3696 551 3744 anno
587 3675 786 3742 substitutus.
828 3690 877 3751 (pn
896 3690 966 3741 vivus
991 3690 1137 3750 sumaize
1166 3673 1273 3759 plures
1290 3650 1386 3781 Ἥ

94 3794 184 3861 enim
213 3792 356 3861 abbatias
385 3792 504 3861 habuit
594 3790 786 3875 Postquam
818 3793 926 3855 sancte
955 3788 1185 3856 recordacionis
1206 3788 1272 3872 Eg-

171 3976 192 4008 a.
217 3962 277 4008 1031
299 3958 347 4007 ΟΝ,
1116 3979 1121 3989 ·

171 4048 196 4102 1.
217 4046 343 4116 „Eodem
363 4074 395 4085 -
416 4046 546 4114 templum
570 4044 680 4115 ipsunt
705 4044 824 4113 legimus
847 4042 930 4099 etiam
948 4058 993 4110 ap.
1007 4039 1204 4099 Ekkshsrdum
1222 4040 1241 4095 l.
1253 4042 1271 4095 l.

93 4138 121 4191 2.
143 4136 216 4189 1020
233 4136 291 4190 lau.
302 4136 344 4190 16.
416 4136 442 4189 3.
463 4132 545 4204 „iecit
557 4163 589 4173 -
603 4132 737 4189 beneficia
754 4131 885 4187 contulit“
905 4146 941 4185 ex
957 4130 1065 4185 Necrol.
1077 4145 1161 4200 supra
1178 4146 1205 4200 p.
1219 4131 1271 4185 577

92 4224 131 4281 ad
146 4222 289 4278 7111001.
361 4224 387 4279 4.
409 4237 497 4293 „anno
510 4252 542 4263 -·
557 4236 618 4277 cum
638 4222 697 4277 aliis
715 4220 824 4275 multis“
844 4225 909 4275 sunt
926 4218 1088 4273 lercomnia
1104 4235 1149 4287 ap.
1163 4217 1271 4273 Ehlreh.

92 4313 145 4367 11
166 4327 194 4381 p.
208 4312 260 4367 193
277 4318 306 4367 et
319 4312 379 4367 194.
459 4310 485 4365 5.
506 4310 569 4381 „qui
582 4340 614 4351 -
628 4308 749 4365 ablatas“
767 4324 803 4364 ex
813 4308 921 4364 Necrol.
933 4322 1017 4377 supra
1034 4323 1061 4376 p.
1074 4308 1127 4362 571
1146 4306 1183 4361 ad
1201 4306 1271 4361 nlo.

92 4400 173 4457 llaii.
263 4402 288 4456 6.
312 4401 355 4457 Ex
373 4400 462 4456 annu.
480 4398 508 4455 S.
521 4398 601 4455 ltioh.
616 4400 684 4454 1071
703 4414 788 4468 supra
804 4413 832 4467 p.
845 4398 906 4452 552.
