3142 4850
323 331 389 398 342
436 403 438 406 ,
706 347 873 395 numeror
895 345 1022 394 00000.
1058 341 1111 394 100

156 521 307 581 10801005
324 515 357 574 00
378 527 452 573 0000
475 507 514 572 00
537 505 604 573 0100
628 505 849 573 communione
878 505 1085 590 suspenderet
1112 510 1145 570 00
1166 524 1186 570 0
1212 501 1361 570 fidelitate
1386 523 1478 568 remo·

207 645 217 672 ··
324 628 419 690 reret
455 621 536 699 Quia
558 639 616 687 nec
638 621 825 688 Ambrosius
841 619 1063 703 Theodosium,
1085 620 1162 686 iicet
1182 624 1232 685 tot
1251 619 1340 685 milia
1359 617 1480 684 bomiri·

324 740 447 806 diorum
461 755 561 819 reum,
586 737 743 802 sententia
757 737 874 802 furoris
891 741 925 801 et
938 735 1023 802 fastu
1041 735 1265 802 dominationis
1279 733 1481 802 excommuni-

324 869 396 920 care
410 851 642 938 praesumpsit3
665 871 723 918 nec
738 851 912 936 quemlibet
925 870 1053 916 suorum
1068 847 1209 915 fidelium
1224 849 1264 916 ab
1279 850 1346 916 eins
1362 848 1483 915 servitio

324 973 378 1034 ant
400 965 620 1033 communione
642 967 817 1052 suspendit,
839 985 899 1032 neo
921 966 961 1031 ab
982 965 1171 1048 iuramento,
1195 963 1324 1048 quodsi
1342 965 1482 1045 iecerunt

324 1082 473 1162 absolvit3
497 1101 557 1147 000
577 1081 680 1168 ipsum
705 1082 838 1167 imperio
862 1086 917 1146 aut
939 1082 1005 1146 vita
1027 1081 1154 1166 privare
1176 1079 1304 1146 molitus
1325 1077 1417 1145 fnit‘.

412 1196 456 1262 Et
469 1195 527 1262 bec
538 1195 576 1261 de
589 1197 921 1262 excommunicatione.
945 1195 1036 1261 Nunc
1050 1199 1167 1278 antem,
1183 1196 1228 1260 de
1242 1195 1485 1260 absolutione

324 1311 539 1378 iuramenti
560 1311 785 1397 principum
809 1311 884 1396 quid
906 1311 939 1376 in
961 1310 1073 1377 eodem
1093 1314 1232 1376 tractatu
1254 1309 1305 1392 sit,
1328 1327 1484 1395 ponamus

415 1425 515 1509 „Cum
530 1423 605 1490 illo“
622 1425 726 1509 inquit
741 1425 973 1510 „anathemate
990 1425 1073 1509 qnod
1089 1424 1322 1491 Hildebrandus
1336 1425 1373 1489 in
1388 1443 1486 1507 regem

324 1543 441 1608 iniuste
464 1544 496 1606 et
518 1539 628 1607 ordine
651 1541 818 1626 praecipiti
841 1540 945 1607 dicere
966 1540 1190 1626 praesumpsit,
1213 1537 1441 1606 maledictionis
1455 1555 1487 1603 ac

325 1655 557 1741 dampnationis
586 1653 709 1721 0100000
732 1654 795 1721 sibi
821 1655 885 1741 ipsi
912 1653 1026 1721 infixit.
1064 1655 1107 1721 Et
1133 1655 1163 1720 si
1177 1691 1219 1701 —-
1242 1654 1332 1740 qnia,
1362 1654 1487 1720 errroris

323 1770 413 1857 lepra
442 1789 604 1855 aspersus,
640 1789 659 1834 a
687 1767 828 1834 fidelium
856 1771 977 1838 unitate
1007 1771 1201 1836 contumatia
1226 1774 1260 1834 et
1287 1769 1489 1854 perversitate

324 1885 492 1967 singularis
516 1883 677 1950 doctrinae
699 1885 831 1951 recessit
845 1925 886 1935 —
908 1887 1066 1952 neminem
1088 1883 1229 1950 fidelium
1250 1884 1335 1967 regis
1367 1883 1407 1951 00
1429 1885 1488 1949 eius

325 1999 543 2068 communione
566 1998 757 2086 suspendere
779 2001 892 2085 potnit7
916 2000 1016 2066 multo
1029 2002 1135 2065 minus
1150 1999 1191 2066 00
1205 2000 1395 2082 iuramento,
1413 1995 1489 2084 quod

325 2117 355 2183 ei
378 2115 533 2197 fecerant,
556 2113 718 2180 absolvere
740 2114 841 2181 licuit
880 2114 976 2198 Quia,
1000 2115 1028 2180 si
1050 2113 1332 2182 excommunicatio
1362 2115 1491 2180 insteet

326 2229 435 2297 ordine
458 2249 478 2296 a
503 2233 589 2295 recto
617 2235 651 2295 et
673 2229 826 2296 catholieo
848 2230 932 2295 iacta
957 2229 1086 2313 fuisset,
1117 2229 1157 2296 00
1182 2229 1364 2295 iuramento
1391 2236 1490 2297 000000

326 2345 484 2432 principes
499 2344 590 2427 regni
604 2343 723 2429 absque
738 2343 810 2411 labe
827 2344 958 2430 periurii
973 2364 1045 2410 cum
1060 2345 1127 2410 rita
1141 2343 1260 2411 absolsi
1273 2364 1337 2410 non
1356 2349 1490 2433 poseant.

325 2460 418 2545 Nam,
442 2479 511 2527 cum
534 2458 630 2543 illud,
654 2459 738 2543 quod
761 2460 826 2526 vita
849 2464 996 2527 manente
1018 2479 1146 2527 serrare
1168 2480 1202 2525 se
1225 2479 1295 2525 cum
1318 2462 1490 2528 iuramento

327 2575 576 2662 spoponderant,
605 2594 668 2639 non
697 2574 877 2641 incurrente
904 2575 1093 2642 necessitate
1115 2580 1276 2641 cessarent
1301 2576 1491 2663 impendere,

325 2710 389 2757 non
417 2694 547 2777 possent
567 2696 690 2755 reatum
718 2689 851 2775 periurii
873 2690 1022 2755 continuo
1044 2711 1107 2757 non
1129 2690 1300 2758 incurrere
1339 2692 1424 2770 Quia
1443 2690 1492 2757 ubi

325 2806 495 2873 iuramenti
517 2804 685 2890 promissio
700 2803 847 2889 violatur,
869 2824 997 2871 necesse
1018 2811 1077 2889 est,
1100 2810 1137 2871 nt
1158 2806 1331 2892 periurium
1348 2808 1492 2874 continuo

326 2922 549 2987 committatur.
640 2918 898 3006 Quapropter-
916 2940 989 2987 cum
1012 2920 1166 2987 absolutio
1187 2922 1359 2988 iuramenti
1382 2922 1494 3007 absque

326 3040 417 3102 reatu
443 3034 575 3121 periurii
602 3032 671 3100 fieri
693 3054 757 3100 non
785 3036 904 3121 potuit3
932 3034 1108 3122 periurium
1136 3042 1242 3102 autem
1264 3037 1304 3103 de
1324 3037 1388 3104 tali
1414 3040 1493 3103 iura·

326 3154 432 3216 mento
455 3148 584 3215 concedi
606 3168 669 3215 non
695 3149 801 3233 110010,
829 3170 900 3216 cum
927 3150 1156 3235 iuramentum,
1185 3152 1269 3236 qnod
1295 3151 1332 3217 tit
1359 3154 1493 3237 0001000,

327 3264 486 3329 00000010
514 3264 659 3349 patribus
687 3264 899 3332 insolubiliter
927 3265 1156 3332 observandum
1184 3287 1254 3334 esse
1282 3270 1494 3356 praecipiatur

328 3412 369 3428 --
397 3379 450 3462 qui
478 3378 654 3446 iuramenta
676 3380 744 3463 regi
766 3385 799 3447 et
823 3381 1008 3467 imperatori
1037 3382 1122 3447 10000
1145 3382 1257 3449 viciari
1283 3385 1442 3451 concessit
1466 3388 1496 3450 et

327 3493 428 3577 iussit,
452 3494 629 3560 0000000010
652 3512 724 3561 rene
746 3494 879 3580 periurii
900 3495 1014 3579 factus,
1035 3497 1110 3562 noui
1133 3499 1297 3564 etaetatis
1315 3497 1495 3566 testamenti

326 3607 485 3673 mandatis
507 3608 674 3675 manifeste
695 3609 856 3675 invenitur
878 3630 948 3677 essa
969 3610 1178 3679 contrarias“.

419 3722 599 3806 „Habemus
622 3724 706 3790 enim
729 3724 763 3789 in
784 3723 857 3807 lege
871 3726 971 3791 veteri
986 3728 1155 3813 scriptum:
1178 3728 1247 3795 Nec
1263 3731 1450 3816 00100000
1462 3733 1495 3794 ta

327 3843 454 3905 aomina
466 3862 534 3904 meo
544 3834 568 3916 ¹‚·
590 3844 635 3905 et:
656 3840 733 3905 Noa
748 3862 885 3906 00000000
900 3863 1012 3907 nemea
1027 3846 1151 3909 domiai
1162 3846 1229 3910 Dei
1241 3848 1291 3911 tui
1302 3848 1338 3911 a'a
1352 3838 1495 3911 amasm'.

327 3952 372 4021 at
381 3952 568 4019 Euticiunua
578 3973 664 4039 papa
677 3954 765 4021 iubet
775 3955 836 4020 hoc
846 3956 1038 4040 praedicari:
1054 3960 1203 4042 erfidatsa
1213 3962 1351 4027 00000000
1362 3982 1496 4027 0000000-

326 4072 600 4157 perpessuram
622 4074 809 4137 committas
835 4085 981 4150 coccam
1008 4077 1148 4155 00100000,
1169 4078 1294 4161 prande
1312 4078 1414 4142 000100
1436 4096 1497 4141 aare

330 4197 358 4250 et
380 4188 415 4249 a'a
431 4184 496 4270 1000
519 4197 547 4250 et
568 4188 603 4249 irs
624 4188 785 4273 propbetas
804 4199 833 4252 et
846 4189 881 4252 ia
897 4190 1059 4275 euuapelc'o
1081 4185 1301 4277 prohibiturn'.
1336 4190 1495 4257 Habemus

401 4338 426 4393 1.
444 4338 533 4394 Lavit
548 4340 589 4409 19,
603 4340 646 4395 111.
752 4342 777 4397 2.
796 4340 886 4397 Exest
897 4343 942 4413 tt),
952 4344 977 4399 7.
1080 4346 1105 4401 3.
1124 4344 1274 4401 Βο00110011
1290 4344 1432 4402 dcccxli
1449 4344 1493 4400 14:

332 4425 564 4496 „Praedicandum
583 4432 626 4484 eat
643 4428 725 4485 otiam
744 4458 777 4471 -·
795 4429 988 4500 prohibitum“.
