3142 4850
488 339 654 387 nnnnmor
676 338 805 388 connx.
837 337 875 387 44
1223 321 1268 386 95

92 492 383 579 wirzeburgensi·¹
404 501 438 564 et
458 494 622 581 lietensi¹,
651 497 696 566 ibi
718 499 848 583 inquam
875 517 961 584 papa
981 497 1088 584 ipsum
1111 498 1267 584 archiepi·
1296 515 1365 570 1075

92 629 220 697 scopum
245 610 386 696 aliosque
399 618 558 679 nostrates
572 612 708 680 terribili
723 613 934 681 obtestatione
951 613 1113 679 convenit:
1136 619 1183 697 ut,
1206 633 1267 699 que
1282 589 1337 683 ⁴⁹¹·
1348 590 1377 634 ¹²

91 727 128 793 de
149 725 406 811 Babonbergensi
428 748 501 796 vere
524 728 586 795 sibi
609 734 772 815 comperta
794 735 909 812 essent,
933 728 1102 795 edicerent
1185 728 1267 796 Tum

91 843 362 930 archiepiscopus,
391 861 463 910 cum
494 844 533 910 ab
556 843 702 910 omnibus
731 844 815 910 ultro
843 844 985 929 citroque
1006 843 1143 910 inissent
1164 845 1266 910 uenti·

90 957 163 1043 lata,
187 979 263 1026 vere
291 964 324 1025 ot
352 959 471 1045 absque
499 959 586 1025 omni
614 959 830 1027 contoversia
857 979 930 1025 enm
952 958 1170 1044 symoniacum
1192 979 1267 1046 pro·

90 1075 252 1141 nunciavit
280 1075 314 1140 in
342 1079 483 1158 tantum,
511 1081 548 1141 ut
576 1075 729 1158 grandem
752 1093 829 1142 suae
850 1070 970 1161 ipsius⁸
996 1075 1149 1161 pecuniae
1176 1075 1267 1141 inid

88 1189 210 1256 lacinus
234 1209 408 1276 exponam
431 1190 557 1258 diceret
648 1189 802 1257 Omnibus
830 1191 885 1274 qui
915 1189 1048 1256 aderant
1074 1191 1181 1276 ipsum
1202 1211 1266 1258 nno

90 1323 143 1371 ore
171 1305 455 1391 succlamantibus,
484 1308 531 1373 ita
558 1305 724 1389 negocium
753 1303 922 1371 diffinitum
951 1311 1015 1372 est:
1050 1311 1101 1388 ut,
1135 1306 1163 1372 si
1196 1307 1266 1392 ipse

89 1427 195 1487 noster
217 1421 351 1488 Romam
374 1422 563 1509 perveniret,
586 1421 631 1488 ibi
654 1441 730 1487 suae
746 1439 860 1487 causae
880 1420 1073 1489 sentenciam
1088 1422 1264 1508 exciperet3

90 1535 137 1602 sin
165 1556 242 1603 uero
269 1537 473 1620 retrogradus
499 1536 605 1620 fieret,
640 1541 708 1602 bum
738 1536 993 1623 archiepiscopus
1022 1556 1061 1603 ex
1095 1543 1265 1624 praecepto

89 1651 195 1718 domni
225 1671 328 1739 papae
357 1653 440 1720 clero
470 1652 651 1739 populoque
676 1651 950 1736 Babenbergensi⁸
977 1651 1196 1736 denuncietur,
1224 1670 1266 1718 ne

90 1765 186 1836 ullam
214 1767 278 1834 sibi
301 1769 511 1836 obedientiam
534 1771 645 1854 utpote
667 1767 841 1853 dampnato
868 1767 1055 1834 exhiberent
1076 1787 1265 1853 omnemque

90 1883 155 1948 eius
184 1885 439 1951 communionem
468 1888 501 1950 et
527 1883 741 1967 consorcium,
769 1887 806 1949 ut
833 1881 928 1969 plane
955 1884 1145 1970 symoniaci,
1168 1882 1265 1950 decli·

6 1981 7 1984 ¹
88 2004 211 2066 nerent
302 1999 409 2085 Atque
431 1967 490 2066 heb
511 1997 630 2066 Rornae
653 2004 725 2065 acta
747 2004 830 2065 sunt

6 2125 7 2128 ’
176 2113 305 2181 Interea
331 2120 439 2181 noster
467 2133 539 2181 cum
565 2111 681 2180 fiducia
709 2114 873 2180 cuiusdam
900 2114 1119 2180 intercessoris
1147 2113 1197 2180 sui
1220 2147 1263 2162 -

6 2211 7 2224 ¹
90 2249 181 2315 quem
204 2230 327 2314 ingenti
349 2229 483 2315 pecunia
504 2229 683 2297 redemerat
697 2249 854 2316 quemque
868 2229 1001 2296 infinitis
1016 2231 1175 2296 uariarum
1192 2249 1264 2317 spo-

89 2346 208 2412 rtarum
231 2344 344 2434 opibus
368 2345 408 2410 ad
431 2344 603 2432 explendos
626 2345 786 2413 Romanae
815 2343 999 2433 cupiditatis
1027 2345 1149 2412 hiatus·
1172 2365 1265 2433 prae·

89 2464 221 2530 miserat
236 2498 277 2509 -
296 2463 371 2527 dum
393 2460 479 2527 illius
493 2462 623 2548 inquam
639 2460 754 2529 fiducia
775 2462 907 2549 propius
921 2462 1054 2528 liomam
1069 2463 1264 2546 cessantem,

88 2577 132 2645 ita
153 2584 192 2645 ut
211 2579 267 2644 vix
289 2577 378 2645 bidui
399 2578 461 2643 iter
482 2577 645 2662 restaret‘,
668 2576 723 2661 ibi,
747 2578 832 2643 tristi
854 2579 969 2645 nuncio
992 2579 1039 2644 rai
1061 2584 1170 2662 gestae
1191 2598 1261 2665 per·

6 2756 7 2763 ,
90 2694 211 2778 culsus,
239 2694 391 2761 substitit.
482 2692 609 2761 Fratres
633 2714 723 2777 vero,
753 2694 900 2778 quicum
930 2714 968 2761 eo
992 2700 1145 2760 venerant
1173 2693 1264 2779 quasi

89 2816 184 2879 testes
207 2810 408 2877 innocentiae
429 2808 530 2895 ipsius
547 2808 684 2891 astituri,
706 2806 839 2875 Romam
860 2810 1030 2895 progressi,
1053 2828 1125 2876 cum
1140 2808 1263 2875 litteras

89 2924 221 2993 nauum
251 2944 356 3012 papae
379 2924 582 3009 obtulissent,
611 2929 685 3011 post
711 2924 829 3008 multa,
859 2944 940 3009 quae
961 2923 1090 3008 longum
1117 2928 1166 2989 est
1190 2944 1264 3010 par·

90 3044 203 3127 sequi·,
232 3041 266 3109 id
294 3041 421 3108 demum
450 3040 504 3107 ab¹
526 3060 563 3107 oo
591 3039 775 3106 mandatum
806 3059 972 3128 accepere:
1000 3044 1051 3124 ut,
1081 3040 1108 3105 si
1130 3038 1201 3127 ipse
1222 3040 1264 3107 ad

7 3140 8 3143 ¹
90 3157 324 3244 suscipiendam
346 3158 537 3223 sentmtiam
551 3154 669 3223 Romae
684 3176 719 3223 ss
733 3177 797 3225 non
811 3160 1039 3244 praesentaret,
1061 3156 1177 3223 trames
1191 3176 1264 3223 eum

7 3298 8 3335 3
90 3276 215 3340 omnino
240 3272 547 3340 excommunicatum
569 3272 688 3339 scirent
710 3279 805 3358 atque
828 3274 868 3339 ab
883 3273 969 3339 omni
985 3271 1052 3337 eius
1067 3272 1263 3357 contagione,

89 3390 148 3455 nisi
176 3408 286 3457 secum
313 3390 420 3475 perire
447 3388 594 3472 mallent,
630 3394 865 3474 praecaverent
955 3385 1037 3471 llcc,
1071 3392 1108 3453 nt
1141 3388 1264 3455 executi

90 3524 207 3589 sumus,
229 3510 312 3572 teste
334 3506 406 3593 ipsa
428 3506 562 3573 veritate
583 3505 630 3571 ita
653 3505 738 3571 domi
760 3504 900 3588 forisque
922 3509 1014 3587 gesta
1035 3508 1119 3570 sunt

176 3620 259 3701 Quid
289 3641 364 3705 ergo
393 3620 445 3687 hic
474 3642 494 3687 a
520 3620 613 3687 nobis
641 3620 771 3687 abusive
802 3621 921 3687 tactum
952 3619 1119 3705 quisquam
1148 3618 1262 3706 proba·
1279 3654 1300 3688 e.
1334 3641 1364 3689 ιι.

8 3818 10 3833 ᾗ
90 3738 187 3804 verit?
229 3737 311 3816 Quid
339 3738 470 3822 inquam
499 3736 550 3802 bio
577 3736 712 3821 iactum,
750 3736 833 3821 quod
862 3736 1001 3819 religiosi
1029 3740 1062 3801 et
1090 3735 1173 3801 servi
1202 3732 1263 3801 Dei

9 3838 10 3841 ¹
91 3856 252 3941 tantopere
280 3852 392 3919 mirari
421 3857 453 3919 et
475 3872 538 3918 non
561 3853 662 3936 magis
686 3872 886 3939 summopere
913 3850 1081 3917 lamentari
1108 3849 1264 3916 debeant?

9 4016 10 4023 ι
90 3968 168 4036 liam
197 3969 274 4055 quid
301 3968 518 4035 taciturnitate
546 3973 656 4037 nostra
682 3966 848 4034 decennali
873 3966 1071 4054 pacientiae?
1105 3970 1161 4031 aut
1188 3964 1265 4049 quid

9 4170 10 4175 ἵ
91 4084 216 4153 tandem
231 4085 433 4169 suggestione
447 4088 567 4168 nostra,
591 4102 672 4168 quae
692 4082 834 4149 lacrimis
856 4081 1088 4167 gemitibusque
1103 4080 1265 4147 insinuata

9 4288 10 4296 ι
156 4278 177 4311 a.
198 4262 370 4321 wirzburgensi
388 4262 413 4309 Ζ.
475 4262 499 4309 b.
522 4278 565 4309 om.
578 4262 601 4309 V.
670 4276 690 4308 c.
714 4261 796 4321 byatns
810 4261 854 4308 VZ.
923 4260 947 4305 d.
970 4255 1099 4307 tacuisti
1166 4272 1187 4304 a.
1210 4270 1264 4317 pro·

10 4360 13 4535 μ
93 4344 153 4402 requi
166 4342 190 4389 V.
284 4342 301 4388 l.
324 4342 421 4391 chZ.

160 4449 184 4502 1.
204 4445 390 4503 adalberone«
478 4448 504 4501 2.
524 4446 690 4503 Hermanno.
779 4446 806 4500 Β.
824 4441 957 4514 sigifridi.
