3142 4850
321 319 386 384 708
524 337 704 385 annaeum
727 336 908 385 unrocus,
944 338 1008 383 nra.
1026 337 1048 383 1.
1083 337 1289 385 rnoonmunr

222 510 293 564 1158
411 496 503 562 Tum
526 516 609 580 ego:
640 496 755 562 Samen
782 497 941 580 inquam
965 496 1078 562 cecidit
1099 497 1132 561 in
1155 501 1272 562 terram
1298 494 1430 575 bonam;
1459 500 1489 561 et

212 582 303 629 mm
319 611 391 678 ideo
413 611 616 679 fructificavit
637 611 782 678 multum.
817 610 877 677 Sed
902 632 1008 697 perge,
1032 632 1143 696 qncs03
1169 612 1316 697 quoniam
1341 610 1407 692 igni
1422 629 1488 675 meo

320 727 484 813 aspersisti
512 728 626 795 oleum.
669 726 827 793 Virtutum
859 732 952 811 atque
985 726 1218 793 benefactorum
1249 727 1315 791 eius
1344 725 1489 791 ammira-

319 844 403 910 cioni
433 864 503 909 mee
526 844 641 910 seriem
668 850 770 909 totam
800 864 931 927 expone.
973 842 1026 908 Sic
1054 843 1137 909 enim
1166 849 1337 925 auguratus
1366 844 1415 906 est
1438 839 1490 905 Se-

320 959 421 1025 fridus
443 961 520 1041 iate3
544 959 705 1025 videlicet:
728 965 760 1025 te
777 960 921 1024 veniente
936 958 975 1023 ad
991 979 1059 1041 nos,
1083 979 1117 1024 se
1138 959 1389 1024 exsarcinotnm⁸
1411 956 1489 1035 fore3

320 1080 483 1160 tamquam
506 1082 541 1141 tn
565 1096 623 1161 pro
645 1095 682 1141 eo
705 1074 845 1140 laborem
870 1074 961 1140 huius
983 1074 1175 1140 narrationis
1199 1074 1360 1140 subiturus
1383 1072 1438 1137 sis.

411 1190 502 1256 Tum
531 1190 617 1257 ille:
647 1190 717 1256 Non
747 1190 807 1255 ait
833 1190 890 1255 hec
912 1190 979 1255 dies
1003 1190 1097 1256 michi
1124 1190 1225 1256 libera
1247 1195 1311 1271 est3
1342 1187 1490 1272 quoniam

321 1306 439 1372 caritas
462 1305 623 1391 hospitum
645 1326 697 1372 me
719 1311 905 1391 occupatum
922 1304 1035 1371 reddit.
1071 1306 1180 1389 Neque
1197 1305 1246 1371 his
1262 1304 1404 1372 dicendis
1427 1303 1491 1369 dios

321 1422 446 1505 integra
468 1420 610 1487 sufficiet.
704 1420 766 1487 Sed
795 1421 820 1485 si
845 1422 908 1503 vis,
938 1422 1055 1506 partito
1087 1419 1118 1485 in
1147 1440 1262 1504 equum
1291 1440 1402 1503 onere,
1431 1418 1492 1499 ille,

322 1537 398 1621 quid
420 1538 455 1602 in
478 1537 653 1622 peregrinis
677 1543 709 1602 et
731 1537 875 1602 barbaris
893 1535 1081 1633 ¹nacionibus
1105 1537 1206 1619 egerit
1220 1538 1397 1621 episcopus,
1422 1534 1500 1619 qaia·

321 1652 435 1718 horum
458 1652 601 1717 conscius
623 1657 673 1717 est
694 1653 807 1735 magis,
832 1657 864 1717 et
887 1650 1043 1737 quomodo
1066 1652 1149 1737 apud
1174 1647 1366 1737 principem¹
1389 1652 1426 1715 in
1443 1670 1493 1716 cn·

321 1770 371 1834 ria
393 1767 531 1851 degeritl
553 1767 605 1833 rel
627 1788 691 1851 qua
712 1768 927 1852 oportunitate
951 1767 982 1832 in
1006 1770 1126 1833 curiam
1149 1768 1272 1832 uenerit
1299 1771 1331 1833 et
1357 1766 1434 1832 inde
1457 1764 1494 1830 ad

322 1882 524 1971 pontificatus
553 1883 755 1980 dignitatem,
791 1881 883 1947 homo
918 1882 1045 1949 curialis
1081 1889 1112 1949 et
1145 1883 1179 1947 in
1207 1882 1294 1947 curia
1327 1882 1492 1962 enutritus,

323 2000 428 2086 aptius
451 1998 643 2084 explanabit
680 1998 748 2082 Ego
771 2003 895 2083 nutem,
919 1998 1012 2064 homo
1036 1997 1186 2083 simplex,
1210 1996 1301 2062 uelud
1324 1996 1419 2062 Iacob
1443 1996 1495 2061 ba·

322 2115 426 2181 bitans
460 2117 495 2180 in
528 2114 739 2180 tabernaculis
774 2134 844 2180 cum
870 2114 1016 2180 Rebecca
1047 2117 1149 2179 matre
1184 2108 1283 2195 mee²,
1320 2132 1382 2196 que
1411 2111 1493 2178 domi

323 2250 417 2313 agere
439 2230 551 2296 nolitne
573 2235 657 2312 erat,
686 2234 719 2294 et
746 2230 784 2293 de
812 2228 1049 2294 fundationibus
1073 2228 1123 2294 vel
1150 2227 1412 2294 renouacionibus
1435 2226 1492 2293 eal·

322 2346 425 2411 larum
448 2352 482 2412 et
503 2345 715 2428 cenobiorum,
738 2344 893 2428 cenobitu,
917 2342 1038 2410 edicam
1064 2350 1098 2409 ut
1121 2350 1239 2430 potero.

412 2461 502 2527 Tum
533 2483 615 2546 ego:
646 2461 773 2547 Optime
804 2462 956 2546 inquam
988 2461 1124 2548 partitus
1148 2481 1190 2526 es.
1227 2459 1288 2526 Sed
1312 2465 1400 2524 tuum
1425 2481 1491 2546 par-

322 2584 387 2645 tem
411 2577 519 2662 hodie,
548 2578 576 2642 si
599 2583 703 2661 potes,
734 2576 908 2662 explicato3
938 2580 973 2640 ut
995 2577 1133 2641 crastina
1155 2575 1222 2640 dies
1245 2575 1331 2640 illius
1358 2573 1491 2640 sermoni

323 2694 601 2762 accommodetur.
637 2691 779 2776 Fietque,
803 2697 838 2757 ut
861 2691 900 2757 de
924 2691 1090 2774 industria,
1113 2691 1189 2756 ordo
1206 2689 1397 2757 artificialis:
1421 2690 1490 2754 dum

322 2829 371 2895 ea,
395 2829 456 2894 que
478 2809 581 2895 primo
604 2809 795 2891 factasunt,
819 2815 978 2894 postremo
1002 2807 1157 2872 dicuntur.

413 2925 538 2990 Timo:
567 2923 704 3008 Sequar,
734 2943 920 3008 quocunque
943 2921 1080 2989 vocabis.
1116 2921 1178 2988 Sed
1202 2921 1394 3002 carendum,
1422 2920 1492 3005 qnia

323 3041 458 3107 multum
480 3040 614 3122 diligere
635 3041 752 3104 scimur
774 3059 857 3122 eum,
882 3037 921 3104 de
945 3059 1006 3123 quo
1029 3038 1201 3122 loquimur:
1231 3058 1272 3102 nc
1294 3037 1334 3103 ob
1358 3037 1425 3102 cius
1447 3035 1493 3100 di·

323 3156 490 3223 lectionom
512 3176 579 3220 rem
603 3175 666 3220 non
681 3175 756 3220 rere
777 3154 904 3220 auxisse
920 3153 1092 3218 videamur.
1132 3152 1273 3237 Itemque
1296 3169 1494 3236 summopere

324 3271 512 3337 cauendum:
546 3291 586 3336 ne
608 3269 701 3335 laude
724 3274 920 3334 mortuorum
944 3269 1023 3334 viris
1047 3269 1242 3352 derogemus.
1291 3267 1381 3333 lllulti
1411 3267 1493 3332 enim

324 3387 365 3452 ad
385 3385 535 3451 iniuriam
560 3385 730 3451 viventium
755 3386 877 3468 magnis
907 3390 939 3451 et
960 3385 1139 3472 inportunis
1162 3383 1309 3450 laudibus
1333 3381 1495 3448 benefacta

323 3502 459 3569 efferunt
485 3507 692 3566 mortuorum.
738 3499 799 3566 Sed
835 3499 890 3566 hos
926 3521 983 3584 ego
1017 3520 1079 3565 non
1108 3500 1289 3566 laudatores
1320 3517 1409 3565 veros
1439 3495 1494 3562 sed

323 3613 524 3701 figurativos⁸
547 3617 766 3682 criminatores
789 3617 947 3699 arguerim
955 3617 976 3681 ¹¹.

416 3733 444 3798 1.
480 3732 555 3799 Otto
581 3733 707 3817 quidem
736 3732 827 3798 beata
855 3751 981 3818 semper
1010 3731 1160 3797 memorie
1189 3729 1297 3796 mullis
1326 3727 1495 3794 virtutibus

324 3849 452 3932 enituit3
475 3849 531 3914 sed
553 3869 617 3913 nna
637 3849 671 3913 in
694 3869 731 3914 eo
753 3851 844 3913 tanta
866 3847 1009 3914 claritate
1031 3844 1237 3932 resplenduit,
1261 3851 1297 3910 nt
1319 3846 1352 3910 in
1374 3863 1493 3910 morem

324 3965 411 4048 solis,
433 3969 539 4030 cetera
561 3963 666 4029 sidera
689 3965 872 4048 prementis,
895 3983 952 4028 sua
966 3962 1035 4028 luce
1050 3961 1130 4028 alias
1146 3959 1376 4045 quodammodo
1390 3959 1494 4026 minus

324 4080 470 4148 redderet
489 4079 655 4162 fulgentes.
690 4078 769 4144 Dico
786 4083 890 4144 autern
915 4076 1167 4145 beneficienciam
1184 4075 1233 4142 vel
1255 4075 1492 4154 liberalitatem

393 4271 414 4304 n.
440 4257 592 4304 sarcinatum
608 4257 639 4302 N.
722 4256 744 4302 b.
768 4256 873 4314 deguerit
888 4255 919 4304 Ν.
1001 4269 1021 4301 o.
1044 4254 1205 4302 accomodatur
1221 4255 1251 4302 N.
1332 4254 1354 4301 d.
1378 4253 1402 4300 ia
1416 4252 1446 4298 N
1457 4265 1491 4298 ru·

323 4343 429 4397 qum
443 4335 513 4384 daeo.-
528 4335 628 4396 Explicit
643 4335 793 4396 prohemium.
816 4335 898 4394 Incipit
913 4335 1023 4382 nmracio.

398 4441 421 4492 l.
441 4440 597 4494 Heinricum
617 4440 664 4494 IV.
772 4441 797 4494 2.
818 4441 886 4494 lien.
899 4439 942 4508 ⁴25,
961 4439 1005 4493 ur.
1113 4439 1139 4491 3.
1158 4443 1254 4492 wotos.
