3142 4850
724 337 890 386 unnumou
912 316 1051 385 ooouu.¹
1075 334 1128 386 auo

499 495 547 562 De
569 495 661 562 titulo
684 495 817 562 Damasi
839 494 1052 562 christoforus
1075 494 1256 562 associetur.

500 610 629 694 Sergius
651 611 725 677 hinc
747 611 882 678 rutilans
903 611 1074 676 Anastasio
1096 609 1277 696 copulatum

498 727 542 793 Et
562 726 683 810 Laudo,
707 727 817 794 vivens
839 727 1009 809 modicum,
1029 745 1127 811 super
1149 730 1237 792 astra
1257 725 1384 792 levatur.

499 842 653 909 Omnibus
676 842 724 908 bis
747 842 876 908 tandem
899 842 1054 908 decimum
1078 842 1231 924 coniunge
1252 840 1422 920 Iohannem,

454 975 484 1022 eo
500 957 559 1022 Cui
580 955 645 1025 Leo
668 977 724 1024 seu
749 957 927 1043 Stephanus
951 957 1121 1024 succedunt
1143 957 1289 1039 dogmate
1309 953 1443 1038 grandem

491 1071 542 1139 Et
564 1071 628 1138 Leo
652 1093 723 1139 cum
748 1072 966 1158 Stephano-
983 1073 1146 1158 praesedit
1166 1092 1252 1159 papa
1273 1069 1417 1139 lohannes
1431 1103 1463 1112 -

498 1187 650 1254 Necnon
673 1187 814 1254 Marinus
838 1194 871 1254 et
891 1189 1049 1274 Agapitus
1071 1194 1166 1273 atque
1189 1187 1349 1254 lohannes.

498 1301 680 1369 Presulibus
705 1304 833 1389 quintus
855 1303 1056 1387 coniungitur
1078 1304 1127 1370 bis
1148 1303 1350 1384 Benedictus3

365 1497 366 1502 ἵ
499 1418 557 1484 Cui
579 1417 644 1485 Leo
666 1419 826 1503 iungatur,
850 1419 1004 1486 lohannes
1028 1427 1061 1485 et
1081 1419 1281 1501 Benedictus,

453 1551 484 1597 so
499 1533 542 1599 Et
563 1534 708 1601 Domnus
730 1555 789 1601 nec
810 1555 875 1600 non
896 1534 1095 1602 Bonilacius·
1117 1543 1150 1602 et
1169 1535 1367 1602 Benedictus.

498 1649 542 1716 Et
563 1655 709 1735 quartum
734 1649 892 1716 decimum
914 1657 987 1736 post
1009 1653 1087 1718 istos
1108 1651 1211 1718 scribe
1233 1651 1407 1730 iohannem,

498 1763 541 1831 Et
563 1767 706 1850 quintum
731 1766 888 1832 decimum
910 1771 984 1852 post
1005 1768 1082 1832 istos
1105 1767 1206 1832 scribe
1228 1766 1403 1846 Iohannem,

498 1880 541 1947 Et
564 1889 688 1947 sextum
712 1881 866 1948 decimum
891 1886 964 1967 post
985 1882 1063 1949 istos
1087 1883 1189 1948 scribe
1210 1881 1392 1959 lohannem3

498 1995 685 2079 Gregorium
709 1998 854 2082 quintum
876 1997 976 2083 prius,
1000 2003 1032 2063 et
1054 2003 1128 2083 post
1149 1997 1250 2063 scribe
1273 1997 1440 2066 iohannem.

453 2129 482 2175 ss
498 2109 575 2177 Post
598 2131 691 2196 quem
715 2111 903 2179 Silvestrum
926 2113 1026 2198 prius,
1048 2119 1082 2178 et
1104 2117 1177 2199 post
1199 2113 1301 2179 scribe
1320 2111 1480 2185 Iohannem

497 2226 580 2292 Huic
602 2229 699 2294 etiam
721 2247 837 2294 nonum
861 2227 1018 2296 decimum
1041 2228 1202 2296 subscribe
1224 2226 1415 2296 iohannem.

498 2343 625 2428 Sergius
648 2344 722 2411 hinc
744 2350 875 2429 quartus
897 2344 1094 2410 subnectitur
1115 2351 1149 2411 et
1169 2343 1366 2427 Benedictus,

496 2460 607 2527 Restat
630 2461 796 2527 vicesimus
819 2460 984 2544 lebannes,
1007 2481 1063 2527 seu
1085 2461 1283 2529 Benedictus.

497 2575 589 2641 Hunc
611 2596 729 2642 nonum
752 2576 908 2642 decimum
932 2577 1123 2663 depromunt
1144 2578 1263 2663 scripta
1284 2576 1453 2651 lohannem3

434 2712 479 2757 roo
495 2691 584 2769 Quod
607 2712 662 2757 cur
685 2692 819 2775 eveniat,
842 2692 931 2758 dabit
953 2692 1012 2758 hoc
1034 2712 1204 2775 agnoscere
1226 2713 1367 2759 cumen:

497 2807 659 2886 Quendam
682 2807 852 2873 Iohannem
874 2808 903 2873 si
924 2806 1114 2874 Mercurium
1138 2808 1321 2891 vocitamus,

496 2923 607 3006 lstum,
631 2923 825 3007 vicesimum,
849 2924 1145 2990 nonamdecimam
1168 2944 1378 2991 numeramus.

498 3039 648 3107 Silvestcr
671 3058 742 3105 cum
764 3038 928 3123 Gregorio,
952 3038 1159 3125 clemensque
1182 3040 1336 3106 sccundus

497 3154 576 3220 Cum
599 3152 738 3221 Damaso
762 3153 883 3237 rutilat,
905 3152 970 3220 Leo
992 3133 1252 3241 postVictorqne
1273 3153 1429 3221 secundus.

436 3288 480 3336 1oo
497 3268 676 3356 Stephanus
699 3269 773 3337 hine
795 3290 897 3335 nouus
918 3290 977 3336 nec
999 3290 1062 3337 non
1085 3271 1224 3338 decimus
1246 3270 1439 3343 Benedictus3

495 3385 539 3451 Et
561 3384 701 3452 succedit
723 3386 768 3451 eis
791 3384 949 3472 Nycolaus
970 3386 1004 3451 in
1027 3386 1137 3453 ordine
1160 3388 1289 3454 mixtus.

496 3500 587 3567 Alter
609 3500 792 3567 Alexander
814 3506 847 3568 et
868 3498 1038 3584 Gregorius
1061 3502 1258 3588 copulantur,

497 3616 606 3682 Victor
628 3619 660 3682 et
683 3615 828 3683 Urbanus
851 3636 921 3683 cum
945 3614 1090 3683 Puscbali
1113 3624 1328 3685 numerantur.

495 3730 657 3797 Gelasium
680 3732 796 3797 mundo
819 3734 975 3799 concessit
996 3740 1107 3821 postea
1128 3734 1288 3816 Gbristus3

435 3864 481 3911 mo
497 3846 572 3912 Cui⁰
596 3846 759 3913 decedenti
782 3850 933 3915 successit
954 3870 1039 3935 papa
1061 3848 1218 3917 Kalixtus.

496 3962 654 4029 Honorius
678 3962 864 4029 kathedram
888 3973 962 4050 post
983 3984 1092 4032 omnes
1115 3964 1173 4031 hos
1196 3964 1360 4033 decoravit

496 4076 607 4162 Hinc⁴,
630 4077 803 4163 Innocenti,
827 4085 859 4145 te
881 4099 999 4166 papam
1020 4080 1123 4146 Rama
1144 4083 1279 4165 vocarit,

495 4190 572 4258 Post
594 4192 780 4276 celestinus,
804 4194 912 4261 celesti
934 4195 1081 4278 dogmate
1102 4196 1241 4282 iunctus,

497 4304 674 4375 Chrismate
696 4308 840 4377 laeticiae
862 4310 906 4377 eit
927 4331 1005 4396 prae
1026 4313 1226 4379 consortibus
1249 4318 1365 4379 unctus.

410 4444 495 4492 asic.
587 4448 674 4497 heic
767 4450 895 4507 chiV.
988 4452 1115 4501 escit
