3142 4850
291 285 355 350 194
674 303 840 352 uouuurcr
864 303 991 352 conum
1029 301 1080 353 ros

293 459 379 531 108.
399 463 515 527 Peleo
545 465 711 548 episcopas
739 463 919 528 Patavinae
953 463 1106 528 Heiatieo
1127 461 1184 528 IV
1210 463 1398 547 imperatum·
1424 461 1463 525 do

398 576 561 642 miracolis
583 577 628 640 ad
642 574 805 643 Glevum
821 577 884 644 III
901 581 1076 664 antipapae
1097 577 1275 664 sepulcrum
1296 577 1389 641 editis
1411 595 1462 639 re·

395 686 511 774 Μ’.
1326 689 1366 770 (Ε
1386 689 1463 768 173)

121 827 273 881 1101-1102
377 812 545 879 Heinricol
561 813 697 896 glorioso
718 815 920 900 imperotori⁰
936 813 1073 896 P(etrus]
1089 813 1279 881 Potuvinusd
1295 813 1464 899 episcopus

286 927 507 995 fidelissimum
529 928 708 994 servicium.
1463 913 1466 922 ’

375 1043 441 1126 Eo,
471 1061 532 1127 que
560 1043 696 1110 libenter
717 1065 774 1110 vos
803 1044 961 1110 oredimus
992 1045 1101 1112 audire
1130 1043 1360 1130 utplurimum
1390 1042 1465 1108 iude

287 1159 439 1242 gaudere,
467 1178 549 1243 quoe
570 1160 667 1224 etism
689 1158 806 1244 ubique
829 1165 904 1226 sunt
925 1160 1152 1246 praedicendo,
1184 1159 1270 1225 vobis
1294 1157 1464 1223 mittimus.

287 1272 375 1350 Quae
394 1273 540 1340 uidelicet
561 1295 601 1340 ex
624 1274 771 1359 plurimis
794 1275 967 1358 miraculis,
990 1295 1071 1359 queo
1093 1275 1201 1341 diviua
1216 1274 1385 1340 clementia
1408 1293 1466 1358 per

287 1389 404 1454 merito
423 1388 525 1456 felicis
548 1389 720 1456 momoriae
741 1390 861 1455 domini
884 1392 985 1456 nostri
1008 1390 1178 1457 Clementis
1201 1409 1303 1475 popae
1332 1389 1375 1454 ed
1399 1388 1467 1454 eius

287 1504 468 1590 sepulcrum
491 1511 541 1570 est
562 1509 702 1590 operate,
726 1525 747 1570 a
768 1505 907 1572 Iohanne
929 1505 1293 1572 (lemellense-ciuitatis
1315 1504 1467 1590 episcopo

287 1620 487 1702 transmisse,
511 1619 553 1684 ed
575 1639 634 1685 uos
656 1639 757 1704 usquo
778 1626 854 1688 suut
877 1621 1007 1707 perlato.

377 1734 513 1812 Quidum
527 1734 655 1801 uomiue
670 1733 793 1819 Petrus,
810 1736 949 1802 eiusdem
968 1736 1107 1822 episcopi
1121 1734 1268 1818 famulus,
1290 1735 1324 1799 iu
1340 1737 1467 1798 tuntum

288 1850 401 1918 ductus
429 1857 493 1916 cst·
522 1849 685 1916 oculorum
707 1849 864 1935 dolorom,
891 1855 928 1916 ut
950 1851 1077 1937 ponitus
1100 1851 1261 1917 omitteret
1282 1849 1406 1929 lumem
1437 1853 1470 1913 ct

287 1985 346 2052 per
368 1965 513 2051 specium
534 1965 634 2032 trium
656 1957 903 2031 ebdomadarum
925 1967 1052 2052 penitus
1067 1985 1158 2032 ceous
1173 1967 1358 2052 permensit
1394 1962 1467 2046 Qui,

288 2081 402 2146 ductus
430 2080 472 2145 od
496 2080 676 2166 sepulcrum
705 2080 814 2147 domni
839 2101 958 2167 popae,
988 2102 1022 2148 so
1044 2082 1090 2147 ibi
1111 2082 1145 2147 in
1168 2081 1341 2147 orationem
1367 2077 1467 2144 dedit

288 2194 360 2262 Nou
381 2195 482 2261 multo
511 2199 586 2281 post
612 2197 743 2278 sanguis
772 2196 812 2262 ob
842 2196 909 2262 eius
932 2197 1031 2263 oculis
1055 2195 1192 2278 effluxit3
1221 2199 1254 2262 et
1282 2196 1329 2262 ito
1356 2194 1469 2259 lumen

288 2311 420 2398 recepit.
1560 2291 1562 2296 ’

378 2426 513 2504 Quidum
541 2426 693 2493 diaconus
720 2427 848 2493 nomine
876 2427 1075 2495 crescentius
1108 2428 1199 2515 lopru
1227 2424 1372 2493 horribili
1399 2428 1468 2490 toto

290 2541 435 2628 corpore‘
469 2542 633 2628 perfusus,
667 2561 762 2607 orons
796 2543 837 2608 ud
870 2542 1027 2609 tumulum
1061 2542 1146 2609 besti
1175 2542 1252 2626 uiri,
1285 2540 1389 2607 fuctus
1420 2544 1471 2605 ost

290 2678 397 2724 sonus.

379 2772 567 2840 Comitmse⁸
588 2772 689 2859 ipsius
704 2772 842 2839 civitatis
865 2773 1041 2858 etquidem
1064 2772 1214 2859 puerulus
1230 2772 1372 2837 eiusdem
1394 2768 1470 2853 loci,

290 2889 454 2975 quartanis
476 2888 616 2955 febribus
639 2908 697 2974 per
720 2908 874 2954 sonorum
898 2872 1031 2954 duorum
1056 2890 1164 2975 specis
1178 2888 1296 2971 vexati,
1319 2905 1377 2972 per
1399 2905 1469 2951 me-

290 3004 354 3071 ritc
375 3004 479 3071 sauoti
499 3003 672 3069 Clementis
695 3022 798 3088 popae
821 3008 895 3069 suot
917 3004 1053 3071 liberati.

380 3118 438 3184 Vir
452 3117 582 3202 quidam
597 3119 725 3184 nomino
738 3118 831 3185 Wido
847 3138 918 3185 cum
934 3139 1034 3186 uxore
1049 3138 1115 3203 sus,
1136 3119 1270 3204 perditis
1283 3116 1470 3201 luminibus,

291 3254 350 3321 por
371 3233 487 3300 merito
508 3233 611 3298 sancti
634 3232 863 3301 illumiuuntur.

381 3348 515 3427 Quidum
537 3350 666 3416 nomine
685 3349 808 3433 Petrus,
831 3369 889 3436 per
911 3368 1010 3415 conos
1032 3354 1097 3416 tres
1120 3368 1272 3415 manuum
1297 3354 1330 3415 ot
1351 3346 1468 3434 pedum

292 3462 404 3529 officiis
426 3464 571 3550 perditis,
593 3464 717 3531 deletus
741 3466 781 3532 ad
803 3466 981 3552 sepulcrum
997 3466 1110 3547 sancti,
1134 3465 1245 3532 stetim
1268 3462 1399 3531 effectus
1424 3468 1472 3530 esl

293 3598 399 3645 8811118.

363 3716 383 3749 ι
408 3704 616 3761 cmlv-82,
634 3705 657 3752 Ζ
666 3706 848 3766 pum—171.-
868 3706 907 3752 Do
925 3704 1077 3753 miraculis
1094 3705 1219 3751 Wibsrti
1235 3702 1357 3761 (Wrtbsrli
1371 3702 1403 3762 θ’)
1424 3716 1472 3764 ps·

292 3796 357 3843 pse,
377 3783 427 3843 qui
447 3786 476 3828 ot
497 3783 635 3831 Clemens.
714 3786 737 3845 b.
760 3785 788 3831 Η.
806 3786 832 3833 Ζ.
903 3800 923 3831 o.
946 3786 1026 3833 oasV.
1099 3784 1122 3831 cl
1146 3784 1315 3831 Pietatinusl'.
1393 3798 1414 3831 o.
1438 3784 1473 3829 est

292 3876 335 3909 om.
349 3862 372 3908 V.
450 3862 466 3908 l.
490 3863 617 3923 corporiV.
696 3878 717 3921 g.
742 3864 864 3910 cometissa
880 3863 906 3910 Z.

366 3949 390 4003 1.
408 3946 451 4003 Os.
464 3948 586 4003 Annales
604 3948 632 4004 S.
646 3948 772 4004 Dioibodi
797 3950 884 4015 (lloo.
898 3948 989 4003 Germ.
1004 3948 1051 4004 SS.
1065 3948 1146 4005 XVlI
1166 3950 1210 4014 l'l)
1232 3948 1315 4003 1099:
1342 3990 1355 4017 ,,
1366 3949 1473 4003 luteres

293 4034 466 4105 wigbertus,
496 4037 638 4093 Romm
660 4043 690 4091 ot
711 4038 879 4107 spostolicae
906 4037 980 4093 sedis
1003 4039 1127 4107 inversor,
1157 4040 1280 4093 moritur.
1300 4064 1335 4077 ·-
1354 4036 1472 4101 Quidum

293 4128 385 4177 eutem
404 4124 440 4179 de
458 4122 611 4179 fautoribus
629 4125 688 4179 eius
707 4140 843 4181 rumorem
859 4132 1018 4195 sparserunt
1035 4127 1064 4182 io
1082 4126 1223 4197 populum,
1242 4124 1278 4179 ud
1292 4125 1472 4194 sepulchrum

293 4212 352 4265 elus
370 4212 516 4266 sevidisse
529 4213 623 4268 divine
641 4213 769 4267 micuisse
786 4214 938 4269 luminario.
967 4214 1138 4284 Quapropter
1156 4213 1285 4268 domiuus
1303 4212 1473 4281 apostolicus

293 4297 445 4369 Puscbclis,
464 4301 522 4355 uelo
540 4301 593 4355 Dei
610 4298 810 4371 inflammatus,
828 4302 920 4371 iussit,
938 4306 970 4357 ut
989 4302 1156 4359 effoderetur
1173 4306 1203 4357 et
1220 4302 1249 4355 io
1266 4299 1402 4372 Tyberim
1420 4301 1472 4355 isc

292 4391 406 4443 teretur.
435 4388 513 4454 Quod
531 4392 560 4443 ct
578 4386 681 4443 fuctum
699 4388 769 4443 ost“.
