3142 4850
383 294 562 343 senneser
585 295 766 343 omnesne.
802 297 867 343 um.
884 298 910 343 11
933 293 975 343 24.
989 293 1023 345 25
1114 322 1116 330 -
1218 277 1284 343 769

108 452 296 521 sublevabat
322 453 362 521 de
387 453 455 520 luto
486 459 690 540 prostratum.
736 454 890 521 Similiter
918 458 950 521 et
972 454 1027 520 ulii
1049 454 1228 521 sacerdotes
1253 458 1374 525 et1124

109 567 227 652 cleriei,
249 570 325 635 dum
347 575 518 656 protegunt
536 569 627 637 illum
643 577 677 637 et
690 571 806 637 ieeonti
822 590 934 637 merrus
950 570 1125 657 porrigunt,
1148 569 1283 636 fustibus

109 689 143 751 et
169 685 271 751 eontis
298 686 391 753 iuxta
418 706 510 752 suum
541 685 719 772 pontificem
742 688 777 753 in
801 687 927 754 nomine
949 685 1020 753 Iesu
1042 685 1282 772 vapulaverunt

108 800 251 867 Tandem
279 800 379 867 multo
404 802 585 868 discrimine
613 807 710 889 ponte
740 808 882 890 arrepto,
912 823 1036 869 rursum
1067 802 1113 868 ire
1142 807 1174 868 et
1189 801 1284 869 ubire

107 916 251 1003 sepimus
274 922 366 985 extre
387 918 560 1001 deitatem,
583 917 702 1004 illique,
726 940 746 985 s
767 918 1024 1005 prudentioribus
1045 917 1157 1002 sedati,
1180 937 1283 985 cesse-

108 1037 223 1099 verunt
245 1052 265 1099 e
286 1033 387 1099 nobis.
427 1033 589 1101 Abeuntes
619 1054 693 1117 ergo
722 1040 811 1101 treus
835 1034 957 1118 laeum,
987 1033 1117 1101 disiecto
1147 1040 1284 1120 pontes

107 1156 199 1231 tergo
221 1154 340 1232 nostro,
363 1170 403 1216 ne
425 1150 539 1217 iterum
563 1150 717 1237 impetum
740 1171 836 1237 super
858 1171 917 1217 nos
939 1151 1089 1233 facerent,
1113 1150 1147 1217 in
1170 1170 1282 1236 eampo

108 1264 194 1331 inter
228 1284 318 1332 areos
346 1270 379 1333 et
405 1266 475 1334 loos
503 1266 687 1333 horreorum
717 1266 931 1333 decumbendo
962 1266 1205 1352 respiravimus;
1236 1266 1282 1332 vi·

107 1380 220 1447 dentes
243 1386 276 1448 et
292 1382 528 1450 dinumerantes
544 1382 656 1466 sooios,
679 1383 802 1468 etquis
817 1381 921 1449 nullus
938 1382 1046 1465 defuit,
1070 1382 1172 1450 Deum
1189 1382 1283 1450 bene-

108 1496 260 1563 dieentes.

199 1613 320 1679 Timo:
352 1613 412 1680 Hie
439 1614 593 1700 primum,
622 1614 674 1679 bie
700 1614 793 1681 audio
818 1614 974 1699 quoddam
998 1614 1063 1681 veri
1088 1613 1282 1700 apostolatus

108 1729 277 1795 indioinm:
307 1729 417 1816 plegae
441 1729 587 1797 videlieet
609 1736 642 1796 et
662 1730 794 1812 livores;
821 1730 903 1797 siout
925 1730 1078 1816 seriptum
1101 1735 1164 1795 est:
1188 1729 1283 1797 Ibant

106 1847 248 1933 apostoli
272 1849 443 1932 pendentes
471 1871 492 1912 e
515 1861 682 1935 conspectu
710 1848 853 1927 consilii,
885 1849 1035 1931 quoniam
1063 1848 1156 1932 diqne'
1183 1848 1284 1913 babiti

106 1975 182 2027 sunt
198 1985 261 2049 pro
284 1965 411 2027 nomine
433 1963 506 2029 Iesu
528 1963 748 2029 contumetiam
767 1966 841 2049 poti
849 1957 865 2025 ¹.
903 1959 964 2027 Sed
987 1962 1047 2045 die,
1071 1961 1210 2045 obsecro,
1238 1962 1281 2027 mi

106 2076 265 2163 apostole,
294 2097 369 2143 num
396 2077 430 2143 in
454 2077 559 2163 sliquo
583 2078 743 2165 pertieeps
765 2078 855 2144 fuisti
877 2077 969 2143 huius
993 2077 1164 2163 apostolice
1188 2075 1281 2145 bene·

105 2192 275 2259 dictionis?

197 2307 394 2373 Sefridus:
419 2308 470 2376 bie
492 2310 655 2394 miserum,
677 2308 863 2375 infirmitate
877 2330 949 2376 meu
964 2314 1143 2395 conspecta,
1166 2308 1281 2376 talibus

104 2425 198 2491 bonis
226 2444 277 2491 me
300 2425 465 2509 indignum
492 2427 554 2513 ipsi
584 2426 764 2494 iudieevere
794 2426 919 2513 pegeni.
956 2425 1073 2492 Puduit
1095 2431 1217 2509 temen,
1246 2431 1282 2492 ut

105 2560 219 2607 verum
251 2541 368 2624 fetesr,
402 2541 473 2610 eliis
503 2542 542 2610 de
570 2544 636 2610 suis
671 2542 867 2629 portionibus
902 2546 1013 2628 postes
1042 2542 1120 2608 setis
1149 2541 1280 2608 iocunde

102 2656 325 2740 gloriantibus,
348 2676 400 2724 me
421 2658 518 2724 niobil
540 2659 585 2726 ibi
608 2658 776 2744 decepisse.

197 2772 318 2838 Timo:
348 2772 533 2855 Consolur03
562 2773 692 2858 inquit
720 2775 748 2840 si
778 2775 854 2859 qnid
881 2775 985 2840 minus
1008 2774 1093 2842 eires
1115 2779 1146 2840 te
1170 2774 1201 2839 in
1225 2773 1280 2841 illo

102 2888 246 2975 espitulo
270 2894 373 2956 sotum
397 2893 456 2971 est,
479 2890 512 2954 in
536 2895 644 2956 nostro
666 2890 786 2976 poterit
807 2890 943 2976 impleri.
1037 2888 1098 2956 Sed
1122 2908 1218 2976 perge
1240 2889 1279 2956 sd

102 3010 229 3087 oeters3
257 3010 289 3070 et
316 3003 452 3089 qusbter
479 3005 514 3071 in
540 3011 607 3072 tem
636 3005 716 3072 dure
742 3010 829 3073 terre
856 3005 1011 3089 euangelii
1038 3005 1127 3072 rudis
1152 3005 1279 3073 taudem
1309 3045 1315 3050 -

101 3120 311 3204 oonvoluerit,
335 3119 502 3208 expliesto.

196 3238 249 3302 25.
286 3235 482 3302 Sefridus:
513 3235 685 3322 Postquam
714 3258 771 3305 uos
803 3237 1027 3324 respiravimus
1057 3240 1089 3302 et
1116 3236 1163 3302 illi
1192 3236 1280 3304 dese-

102 3354 245 3436 derunt,
274 3351 349 3419 Otto
376 3352 593 3420 beatissimus:
621 3355 712 3419 Prole
739 3356 832 3420 dolor
857 3353 961 3440 inquit
984 3355 1066 3420 bone
1088 3375 1144 3441 epe
1165 3358 1282 3420 cessati

101 3493 222 3536 summ.
259 3470 376 3536 Palma
398 3473 433 3534 in
455 3471 599 3536 mandes
623 3483 707 3547 erat3
729 3493 784 3536 ooo
809 3493 877 3536 earn
901 3509 941 3518 -
966 3471 1055 3536 Deus
1081 3471 1166 3536 dobes
1187 3473 1278 3556 ipso-

99 3598 184 3664 met,
200 3585 269 3668 fitia·
289 3599 317 3651 et
329 3586 454 3671 fratres
470 3624 511 3634 -
536 3588 709 3652 mermes
732 3589 936 3652 demonibus
959 3589 1086 3653 nostris.
1129 3586 1189 3652 Vis
1213 3608 1278 3652 om·

100 3724 161 3768 nee
182 3704 264 3768 ictus
286 3702 339 3774 dte·
358 3705 453 3768 unies
472 3705 621 3788 passioni
641 3702 835 3787 sufficerent,⁸
859 3705 914 3768 sed
935 3705 1011 3768 dem
1035 3724 1138 3768 omnes
1162 3704 1206 3768 ad
1226 3725 1277 3768 oo·

98 3840 220 3886 ronam
237 3819 442 3903 prosiluistis,
465 3841 522 3883 nee
535 3841 633 3884 onem
644 3821 810 3903 pervenire
824 3820 997 3901 dimisestr'ee.
1029 3815 1089 3882 eui
1103 3815 1277 3883 Poulioius:
1357 3907 1358 3910 Ἴ

100 3934 197 4002 sare
219 3933 324 4017 iuquit
344 3935 479 4015 domine,
503 3935 593 4000 nodie
616 3936 702 3998 nisus
725 3956 756 3998 es
779 3937 944 4020 accepisse.
1035 3935 1159 3999 Parem
1176 3933 1279 4017 inquit

100 4047 161 4116 ille
195 4052 272 4135 quob
303 4063 373 4116 voto
402 4053 516 4116 minus.
567 4049 638 4115 Tua
668 4072 792 4136 quoque
821 4053 965 4116 apamea
993 4072 1093 4114 meaos
1123 4071 1160 4113 es
1187 4061 1278 4134 porte

100 4189 224 4251 mappa
254 4169 415 4252 preripuit
448 4166 699 4231 benedictionem
742 4163 811 4230 Hoo
839 4171 944 4231 antem
974 4163 1055 4230 dixit
1084 4163 1123 4228 de
1152 4163 1276 4247 idibus,

102 4301 185 4367 quos
208 4279 262 4345 ille
284 4281 460 4366 intercepit.
495 4279 627 4346 Constat
649 4287 755 4346 tamen
778 4279 961 4366 episeopum
985 4278 1085 4344 tribus
1106 4277 1208 4363 plagis
1225 4298 1278 4342 ve·

101 4396 243 4484 palaseo.
590 4413 613 4466 l.
632 4410 696 4466 Aet
709 4415 798 4482 apost.
811 4411 837 4480 ὁ,
856 4411 900 4466 41.

150 4506 231 4560 orni.
246 4511 391 4554 subnotem
401 4511 429 4553 v.
1031 4507 1067 4562 49
