3142 4850
497 328 664 378 unnnnuou
686 328 815 378 coner.
850 325 886 380 ra
1212 313 1275 379 147

100 485 266 553 universa·
281 487 412 573 synodo,
435 489 674 556 constituimus:
699 494 734 555 ut
755 488 863 556 nullus
878 485 1027 575 uenoeps
1045 487 1086 554 ed
1108 488 1277 556 iniuriam⁸
1297 507 1367 562 1081

101 602 208 668 domni
234 603 437 690 imperatorie
465 608 648 690 praesumat
676 605 716 671 de
742 605 805 672 hac
831 603 1017 690 quaestione
1044 604 1223 692 disceptare
1245 609 1279 672 ot

100 719 129 784 ei
151 718 295 786 subditos
319 739 338 785 a
360 720 488 786 servitio
512 726 544 788 et
566 720 786 787 communione
807 721 910 806 ipsius
933 719 1130 788 subtrahere.

188 833 241 900 Ad
263 834 323 902 hoc
344 835 452 919 etiam,
476 836 554 921 quid
575 835 705 904 ultionis
727 841 910 903 mereantur
932 835 1049 920 subire,
1072 836 1128 921 qui
1149 836 1278 904 hortatu

100 951 350 1018 scinnaticorum
377 951 557 1018 iuramenta
583 951 650 1035 regi
679 957 710 1018 et
736 951 933 1038 principibus
962 951 1049 1018 iacta
1075 971 1141 1018 noa
1161 954 1278 1020 timent

99 1066 229 1150 violare,
253 1067 354 1134 sancti
376 1067 547 1150 Augustini
561 1067 782 1134 anctoritatem
796 1067 995 1134 induximus:
1020 1067 1062 1135 ea·
1082 1067 1277 1155 pacticiam

98 1186 311 1250 demtum
332 1185 482 1250 cioluado
500 1185 668 1272 profanet,
697 1186 784 1272 qaod
805 1188 875 1270 cepi
896 1197 926 1250 et
946 1185 1075 1250 elmuino
1098 1207 1155 1252 cuc
1177 1188 1275 1268 ieret,

99 1313 128 1364 ct
150 1301 351 1386 poetmodam
375 1321 522 1387 peruersa
544 1304 610 1366 ea'ae
632 1323 764 1386 requam
794 1314 824 1366 et
845 1301 951 1367 dolum
974 1304 1165 1383 tractaverit,
1190 1315 1221 1368 et
1240 1305 1277 1368 aia

98 1429 229 1482 mortem
251 1419 353 1503 ipsias
377 1417 486 1503 aliquo
501 1417 750 1483 machinamento
772 1419 956 1498 iaaa’de’etar,
980 1419 1059 1502 qaia
1075 1418 1277 1504 saerilegium

96 1535 234 1618 peregit,
257 1555 388 1598 coenam
401 1555 494 1598 escam
507 1536 542 1598 ia
558 1534 708 1600 cdrdtam
722 1531 860 1598 Domiti
877 1536 1012 1613 mitterer,
1035 1533 1203 1600 acaedam
1217 1537 1276 1612 ea't,·

98 1651 164 1714 aa'sa'
191 1669 253 1734 per
279 1649 412 1734 da'paam
439 1651 635 1735 petendae
660 1649 909 1734 actiefucta'caem
936 1649 1161 1730 emendaverit,
1195 1651 1277 1716 &aad

99 1767 299 1830 emalricum
321 1777 366 1830 cet
387 1789 408 1829 a
422 1777 532 1832 cancta
553 1767 693 1852 epaodo3
715 1767 751 1830 o'd
768 1777 815 1831 cet
835 1765 973 1832 aceolum
986 1765 1158 1852 relinquat,
1182 1786 1276 1832 maroa

99 1883 251 1968 deponat,
283 1883 319 1945 ia
346 1884 571 1947 monasteriam
600 1895 650 1948 cat
676 1895 706 1948 ct
731 1883 871 1968 possideat
893 1881 1037 1948 comibus
1059 1882 1168 1948 diedesa
1191 1885 1276 1948 aeae

5 2031 10 2048 ι
97 2019 190 2074 euae5
212 2009 423 2064 ommtamcn
449 1999 697 2064 cenomaniam
725 2019 796 2062 cum
818 1998 1023 2064 maleredo·
1051 1999 1088 2063 ἐκ
1110 2000 1197 2064 cotta
1216 2017 1274 2064 eae

97 2116 246 2200 accipiet.
286 2114 468 2200 Eps'eccpae
500 2136 589 2195 vcro,
619 2115 789 2202 presbiter,
818 2116 989 2194 diaconiae,
1016 2113 1048 2178 aa·
1072 2113 1131 2181 leco
1157 2117 1276 2182 medaea

93 2232 333 2316 perpetraowe't,
358 2225 573 2316 depraedant

185 2343 245 2410 His
272 2363 348 2411 vero
377 2344 545 2429 diligenter
568 2343 736 2432 expositis,
765 2362 891 2410 summa
912 2363 970 2411 noe
993 2343 1164 2412 necessitas
1187 2363 1273 2412 com·

97 2460 193 2547 pulit:
224 2460 265 2527 ad
294 2480 347 2545 ea,
378 2480 459 2546 quae
488 2460 527 2527 de
553 2462 760 2529 sacramentis
789 2461 1010 2528 ecclesiasticis
1038 2461 1160 2528 inimici
1189 2461 1273 2529 chri·

96 2578 219 2645 manae
239 2576 403 2661 religionis
427 2577 577 2645 adversus
598 2576 784 2644 catholicam
807 2576 903 2645 iidem
925 2576 1095 2662 columam,
1118 2576 1272 2645 discretas

96 2693 301 2761 auctoritates
329 2694 487 2780 obponere
517 2698 559 2778 ot,
583 2712 665 2779 quae
687 2694 792 2761 dicere
814 2698 848 2760 et
869 2691 974 2759 audiri
994 2694 1085 2760 nolas
1107 2698 1171 2777 est,
1197 2712 1272 2780 pro·

96 2808 253 2877 labilibus
277 2810 472 2893 argumentis
487 2809 659 2877 confutare.
695 2808 814 2875 Dicunt
829 2808 930 2877 enim:
953 2815 1187 2875 sacramentum
1202 2828 1272 2876 cor·

95 2928 181 3011 poris
212 2931 245 2993 et
271 2926 435 3008 sauguinis
466 2925 587 2992 domini
618 2924 718 2992 nostri
751 2924 823 2991 lesu
849 2924 984 3009 Christi,
1020 2925 1272 2992 consecrationes

95 3042 268 3125 crismatis,
298 3042 397 3108 immo
421 3060 625 3127 quaecunque
655 3040 695 3107 ad
718 3040 898 3128 episcopale
926 3046 958 3107 et
984 3040 1179 3109 sacerdotale
1202 3038 1272 3108 offi-

94 3158 177 3225 cium
200 3158 378 3245 pertinent,
408 3156 448 3225 ab
470 3156 520 3224 his
543 3157 598 3243 qui
621 3162 724 3225 sectae
748 3175 858 3224 eorum
879 3176 943 3223 non
965 3157 1200 3225 communicant
1221 3176 1271 3225 oe-

6 3308 7 3311 =
92 3270 225 3358 lebrata,
249 3272 339 3341 nunu
359 3293 490 3361 prorsus
514 3292 582 3341 esse
605 3278 806 3342 santamente
828 3277 861 3339 et
874 3271 972 3339 nichil
994 3272 1081 3339 aliud
1096 3272 1271 3360 suscipien-

93 3388 177 3457 tibus
207 3390 270 3455 uisi
298 3389 554 3476 dampnationem
584 3388 736 3457 conferre.
777 3388 861 3455 Nam
883 3408 998 3475 panem
1020 3388 1126 3473 illum,
1154 3389 1208 3474 qui
1231 3388 1271 3457 de

93 3506 179 3573 caelo
203 3506 376 3589 descendit,
398 3506 433 3570 in
456 3525 517 3590 qno
541 3510 610 3573 tota
632 3505 718 3573 salus
734 3510 767 3573 ot
781 3506 848 3572 vita
867 3508 979 3572 nostra
992 3504 1148 3589 considit,
1170 3504 1270 3591 impio

93 3640 146 3688 ore
181 3621 454 3708 blasphemantes,
494 3620 593 3707 pollui
632 3622 737 3708 potius
772 3640 869 3706 qum
901 3620 1079 3687 consecrari
1112 3624 1269 3687 astruunt

93 3738 220 3823 Aquam
248 3758 372 3823 quoque
399 3736 615 3823 baptismatis,
650 3757 708 3825 per
742 3736 941 3805 secerdotum
969 3754 1080 3822 preces
1111 3754 1149 3802 ac
1175 3736 1271 3803 bene·

7 3888 8 3907 ³
93 3852 248 3921 dictiones
271 3858 304 3921 ct
326 3853 509 3920 crismatum
533 3852 744 3920 admixtiones
767 3852 866 3919 nichil
888 3850 1147 3918 sanctificationis
1170 3851 1270 3918 susci-

7 3986 8 3989 ’
93 3970 249 4054 pietatem,
278 3969 338 4053 his,
363 3968 417 4053 qui
438 3968 646 4052 regenerandi
668 3972 752 4053 sunl,
779 3968 887 4054 potius
908 3966 1105 4035 sordiditatis
1127 3966 1270 4034 maculas

94 4104 187 4169 quam
210 4083 409 4171 spirituales*
432 4084 608 4151 mundicias
633 4084 722 4151 aiunt
742 4088 915 4170 praestare.
951 4080 1005 4149 Sic
1019 4082 1116 4149 etiam
1130 4082 1269 4169 pessime

93 4201 235 4269 sentiunt
255 4201 295 4267 dc
317 4200 505 4267 reiterandis
528 4199 749 4267 ecclesiasticis
774 4198 955 4282 ordinibus,
985 4198 1025 4265 de
1047 4216 1268 4266 reconsecran-

159 4366 180 4399 a.
204 4350 310 4398 universo
327 4350 354 4397 Ζ.
432 4351 453 4399 b.
477 4350 559 4399 iuriam
575 4348 601 4397 Z.
679 4364 699 4397 o.
723 4350 849 4399 eukaristia
862 4352 885 4398 V.
964 4350 987 4397 d
1011 4349 1127 4410 spiritales
1143 4351 1172 4397 B.

161 4449 187 4501 1.
206 4446 252 4501 Pa.
264 4446 314 4502 lvo
325 4444 380 4501 XII
393 4446 435 4517 78,
453 4446 577 4503 Gratiani
595 4444 669 4503 deor.
688 4446 718 4501 P.
732 4446 759 4502 11
777 4446 808 4502 O.
821 4444 904 4501 XXII
921 4444 980 4516 (pti
997 4460 1022 4500 o.
1036 4445 1081 4500 19.

995 4541 1055 4597 10*
