3142 4850
454 327 620 376 unionum
641 327 770 376 eonnx.
805 326 842 378 oa
1168 309 1233 376 159

139 503 167 550 ao
188 484 352 573 Dampnat
374 507 462 570 eum3
485 486 662 573 dampnant
682 486 757 553 fidei
779 487 920 574 perime
941 485 1051 552 traete.
1252 501 1323 556 1090

190 601 243 669 Sie
265 602 306 668 ab
327 601 510 670 Alexandro
532 621 664 669 anonam
687 603 886 670 deeemimua
910 621 981 670 eane

189 717 365 784 Romanam
387 718 505 803 aedom,
528 719 628 786 donee
650 719 859 798 aueoeaaimua
880 717 938 784 illi.

515 831 765 904 Urbanum

190 948 279 1028 Quod
302 949 391 1033 diois,
414 969 511 1016 sonna
533 955 592 1035 eat,
616 969 713 1017 nonna
736 955 769 1017 et
790 951 860 1017 eine
882 948 1023 1036 pondere
1044 946 1150 1014 verba

189 1063 271 1130 Nam
294 1065 373 1130 satia
395 1070 444 1131 eat
463 1071 585 1150 notum,
609 1071 745 1134 testatur
768 1065 905 1133 oiroulua
927 1064 1028 1132 orbis:

140 1197 168 1245 aa
190 1178 377 1265 Gregoninm
400 1180 470 1247 aine
490 1181 584 1248 eorde
606 1183 709 1248 virum
734 1187 942 1266 amotumque
963 1180 1062 1247 initae
1176 1241 1180 1248 .

188 1294 384 1364 Pontiioem.
419 1295 493 1381 Sed,
514 1297 676 1384 pestiferis
697 1297 821 1366 imbuta
841 1298 982 1381 venenis,

190 1413 261 1481 Non
283 1419 340 1480 tua
361 1412 470 1498 lingna
491 1413 593 1480 virum
615 1415 725 1481 timuit
746 1414 891 1482 mordere
912 1411 1050 1479 boatum.

267 1528 352 1596 Eece
373 1529 572 1598 revolvamus
594 1549 730 1602 eanonea
752 1529 942 1615 decretaque
963 1533 1102 1615 patrum.

190 1642 253 1711 Sed
275 1645 366 1732 priua
388 1646 549 1730 aooedant,
572 1647 626 1732 qni
649 1651 740 1714 muta
761 1645 893 1730 negooie
914 1644 1032 1712 debent

141 1777 170 1824 no
190 1757 319 1827 ludioiia
341 1765 479 1830 trentam
502 1749 579 1846 suis,
603 1763 761 1830 sententia
776 1781 911 1847 quoium

189 1875 254 1942 Neo
276 1897 372 1963 praee
392 1897 451 1944 neo
473 1879 580 1966 preoio
603 1883 768 1945 moveatur
791 1878 832 1944 ab
852 1876 1045 1960 integritate.

189 1990 248 2060 His
271 1994 443 2078 aooeraitia
466 1994 500 2060 in
522 1995 572 2061 ina
594 1999 730 2082 ponatur
751 1993 920 2078 utrimque.

267 2107 361 2192 Elige
382 2106 574 2192 Lugdunum
582 2105 602 2193 ¹,
625 2109 737 2178 fultam
759 2109 883 2176 ratione
905 2105 1117 2193 columpnam,

190 2222 287 2290 Cuius
308 2224 343 2290 in
367 2223 491 2312 eloquio
513 2223 625 2294 statuit
647 2225 708 2292 sibi
730 2224 841 2309 regula
862 2223 980 2291 aedem

140 2357 167 2406 oo
189 2337 298 2408 Clamo
321 2336 549 2426 Bisontinum¹‚
573 2341 690 2408 donum
713 2339 858 2408 Danielis
879 2339 1064 2419 habentem

189 2455 249 2535 Qui
270 2476 354 2525 nova
374 2459 530 2545 prooessit
550 2454 729 2545 plantaoio²
750 2477 810 2527 nee
831 2458 901 2525 aino
920 2456 1035 2523 frnotu

188 2568 358 2657 Lingonia⁴
381 2573 520 2659 aueodat,
542 2576 627 2642 vitae
649 2594 786 2662 persona
807 2573 932 2661 pudiea,

187 2686 380 2775 Exemplum
402 2688 486 2774 fidei,
509 2690 647 2759 mundae
668 2692 721 2757 via
742 2690 915 2774 refigionis.

187 2802 294 2871 Remis
318 2810 403 2872 erat·
425 2802 569 2873 Remua⁵.
604 2806 667 2874 Per
688 2801 796 2873 ouius·
818 2802 1038 2872 strennuitatis

139 2936 167 2983 to
187 2919 365 3005 Remigium
388 2927 494 2989 ourret
516 2921 606 2989 navia
628 2928 819 3009 portumque
840 2919 970 2987 tenebit

189 3032 338 3104 Senonia'
361 3042 514 3122 autumat,
538 3040 627 3105 onina
650 3038 799 3105 diaormio
821 3056 937 3121 magna

188 3150 263 3219 Plus
287 3152 392 3221 aliena
413 3155 478 3221 anie
501 3172 690 3242 oomponere
711 3154 817 3238 iurgia
837 3153 937 3219 novit

187 3264 452 3335 Parieiaoenaem'
476 3290 583 3355 quero,
606 3270 661 3356 qui
684 3288 810 3354 sempor
832 3267 953 3335 amavit

190 3382 318 3451 Solvere
339 3385 486 3469 litigium,
510 3385 670 3455 nouorum
693 3384 870 3473 pacificare.

140 3517 168 3565 ao
188 3498 279 3585 Elige
301 3498 532 3587 Bremenaem⁸‚
556 3504 610 3589 qui
633 3521 696 3569 non
718 3501 848 3569 levitate
870 3505 1029 3581 movetur3

189 3614 231 3683 Et
250 3616 327 3685 lieet
347 3618 417 3705 ipae
438 3623 522 3703 tnua,
544 3618 623 3685 iuria
645 3622 752 3685 tamen
775 3636 857 3702 equa
878 3614 1008 3684 tenebit

188 3731 296 3801 Clamo
320 3730 599 3801 Traieotenseml¹⁰
622 3733 726 3801 dubiis
749 3733 783 3800 in
805 3732 901 3802 rebus
923 3737 1067 3813 aeutnm3

135 3902 152 3935 a
175 3892 250 3940 arltl'.
411 3892 435 3941 b.
459 3892 663 3941 Troiaotanaeml'.

136 3994 158 4047 l.
172 3994 313 4066 nugonem
326 3994 561 4069 mnhiopinoopum
573 3994 798 4067 Lugdunensem.
870 3996 896 4049 2.
915 3994 1060 4065 Hugonem
1069 3992 1096 4048 11
1107 3990 1227 4063 meliiop.

82 4073 236 4140 iminium
342 4086 369 4141 3.
391 4083 433 4141 ci.
445 4086 490 4141 Pa.
505 4086 565 4157 14³,
583 4088 625 4141 12.
733 4086 760 4141 4.
784 4082 951 4141 Robermal
974 4096 1017 4152 ep.
1036 4081 1228 4150 Lingonenaia.

84 4160 103 4215 5·
120 4164 154 4223 Gi.
171 4186 248 4241 aupna
264 4173 297 4229 T.
310 4172 350 4229 111
367 4190 394 4243 p.
407 4173 461 4229 576
478 4190 505 4229 n.
520 4176 545 4230 1.
635 4176 661 4229 6.
685 4172 812 4229 Reinaldi
826 4174 841 4228 1
861 4170 1058 4241 amniepiaeopi
1074 4170 1227 4227 Remenaia.

85 4250 104 4305 l·
121 4254 248 4316 tintenias
264 4261 486 4332 mahtepiaoopua
503 4260 679 4319 Senonenaia.
762 4263 789 4318 8.
811 4259 974 4317 Gauiuidmn
992 4258 1227 4329 arehiepiaoopnm

85 4336 245 4403 Pttltiennem.
320 4351 347 4405 9.
368 4351 522 4406 hiemarum
541 4351 776 4423 arehiepiaoopum
795 4351 981 4407 Bremenaem.
1063 4348 1105 4403 10.
1125 4348 1227 4404 Oonra·

86 4423 138 4484 Μ
151 4436 298 4507 eplaeopnm
315 4438 527 4495 Traleotennem.
