3142 4850
312 293 380 359 430
700 311 866 360 33333333
887 312 1016 360 oonrx.
1050 308 1103 360 ass

199 485 276 604 1130
312 468 496 552 ligiosorum
520 470 660 536 virorum
687 470 854 538 devotione
882 470 1011 536 domina
1037 470 1080 536 sit
1106 489 1170 536 non
1198 470 1283 537 urbis
1311 471 1368 537 sed
1390 471 1485 536 orbis

171 558 225 604 111
226 559 356 650 1111Εο
378 605 415 650 ea
438 586 638 668 consistente,
662 589 775 651 cuncte
797 603 952 672 prospere
974 587 1166 667 consistunt3
1189 605 1290 671 seque
1312 583 1486 669 deficiente,

313 705 426 766 cuncte
454 700 660 768 invalescunt.
707 701 750 767 Et
778 701 861 767 sicut
890 701 985 766 ultius
1014 701 1155 785 excellit,
1178 702 1231 767 sic
1257 706 1426 768 ventorum
1451 721 1487 768 ec

313 821 536 903 tempestatum
561 817 760 904 tyrannidem
783 817 908 883 facilius
931 836 999 882 ase
1021 817 1163 902 repellit;
1186 823 1221 884 et
1238 823 1357 902 quanto
1380 837 1485 883 333333

313 933 545 1000 mundanarum
567 932 693 1000 turbine
716 937 954 1017 conquassatur,
978 937 1068 998 teuto
1089 932 1225 1000 lucidius
1246 931 1442 1016 purificatur.

190 1069 256 1116 reor.
267 1071 297 1117 14
402 1048 519 1116 Β33033
547 1049 645 1132 igitur
673 1049 845 1114 memoriae
871 1067 956 1134 papa
978 1047 1145 1129 Hionorio)
1169 1049 1325 1131 migrante
1348 1055 1381 1134 et
1403 1049 1485 1114 mam

312 1163 480 1230 universes
503 1170 607 1231 terras
629 1163 837 1247 ingrediente,
860 1183 918 1228 nos
942 1163 1083 1249 episcopi
1105 1169 1138 1230 et
1159 1162 1335 1230 cardinales
1356 1163 1486 1246 Gtrego·

225 1281 228 1285 ’
313 1279 408 1362 rium)
432 1279 623 1346 earundem
643 1279 810 1346 diaconum
826 1277 935 1345 Sancti
949 1279 1076 1364 Angeli,
1099 1279 1203 1346 virum
1216 1279 1397 1364 honestum,
1421 1300 1486 1346 mo·

313 1395 400 1462 ribus
423 1395 643 1482 compositum,
666 1395 735 1461 Deo
751 1394 917 1480 Deumque
937 1395 1122 1462 timentibus
1137 1416 1257 1480 333333,
1278 1396 1313 1461 iu
1328 1415 1485 1462 summum

312 1509 493 1598 pontificem
517 1511 678 1596 elegimus,
701 1511 736 1576 in
759 1510 923 1577 ecclesium
938 1508 1185 1579 Laterauenssm
1206 1511 1422 1598 constipatum
1435 1531 1486 1576 cs-

312 1629 411 1693 terris
436 1627 576 1694 fidelium
600 1626 788 1694 deduximus
812 1631 859 1710 30,
887 1627 922 1693 in
944 1627 1019 1694 sede
1041 1647 1166 1694 summa
1188 1627 1345 1714 positum,
1374 1647 1435 1692 nos
1456 1633 1487 1692 et

312 1743 437 1810 infinite
458 1743 677 1827 religiosorum
700 1742 795 1809 turba
817 1741 1051 1810 honoravimus,
1095 1742 1253 1809 Posthac
1275 1744 1310 1808 in
1332 1742 1485 1830 palatium

314 1859 511 1926 escendimus
534 1865 576 1942 et,
600 1879 660 1944 que
683 1879 723 1925 ex
746 1878 835 1924 more
857 1858 924 1942 geri
947 1858 1060 1942 solent,
1083 1858 1310 1944 complerimts
1332 1866 1367 1924 et
1381 1859 1485 1926 omnis

311 1975 450 2058 insignia
472 1974 666 2060 pontificalia
679 1974 838 2056 Hionorii)
862 1993 965 2060 papae
979 1973 1097 2040 Celixti
1111 1994 1215 2060 papae
1230 1972 1370 2042 Pascelis
1386 1994 1485 2061 pspse

313 2110 504 2174 suorumque
526 2090 805 2175 praedeeessorum
827 2090 858 2154 ei
879 2089 1057 2156 tribuimus.

402 2205 461 2271 His
483 2225 557 2272 vero
581 2207 665 2272 ciros
687 2206 798 2272 horam
821 2205 953 2272 tercism
976 2205 1037 2272 rite
1059 2207 1213 2292 peractis,
1236 2205 1349 2272 Petrus
1370 2205 1483 2274 Leonis

313 2319 392 2386 hora
414 2325 514 2405 sexte,
542 2341 605 2406 qus
627 2320 722 2388 ludes
745 2320 907 2388 Christum
928 2321 1086 2388 crucifixit
1108 2326 1141 2388 et
1161 2322 1362 2389 tenebrarum
1386 2321 1483 2404 caligo

311 2437 465 2503 mundum
487 2438 633 2523 involvit,
655 2458 727 2505 cum
749 2438 818 2505 suis
840 2437 1109 2524 conspiratoribus
1130 2444 1226 2523 utque
1245 2438 1482 2534 consanguineis

313 2553 446 2637 aliisque
469 2554 636 2620 manifesto
660 2554 765 2639 precio
789 2553 952 2620 conductis
969 2553 1132 2620 ecclesiam
1152 2556 1255 2622 sancti
1270 2554 1400 2639 Merci·,
1421 2559 1482 2619 tur-

312 2668 400 2735 ribus
422 2669 556 2735 fratrum
580 2671 803 2755 propinquum,
826 2668 1014 2735 festinanter
1030 2670 1119 2753 adiit,
1142 2690 1277 2757 oeppsm
1292 2670 1426 2737 rubeam
1439 2670 1482 2735 in

313 2784 459 2851 decenter
485 2786 588 2851 induit
609 2784 786 2870 ficticiaquc
810 2784 1011 2871 pontificatus
1034 2786 1173 2869 insignia
1193 2786 1339 2873 arripuit
1431 2785 1482 2853 Se

190 2916 295 2965 33333
313 2901 421 2987 quenti
450 2904 557 2967 eutem
578 2901 629 2967 die
658 2901 823 2969 ecclesiam
850 2901 935 2968 besti
956 2900 1044 2969 Petri
1066 2902 1163 2969 armis
1192 2904 1302 2989 petiit,
1332 2902 1481 2970 machinis

312 3016 528 3101 circumdedit,
551 3022 635 3084 tecte
658 3037 827 3101 murosque
849 3016 954 3101 fregit,
977 3018 1155 3085 homicidiis
1178 3020 1315 3105 peractis
1339 3025 1373 3087 et
1389 3018 1481 3086 nimis

312 3133 441 3198 humani
469 3134 631 3215 sanguinis
659 3132 827 3216 effirsione,
856 3132 903 3199 sic
932 3133 1060 3200 taudem
1083 3133 1247 3221 improbus
1270 3134 1478 3221 apostolorum

312 3362 556 3433 Latersnensem
580 3366 743 3432 ecclesiam
768 3365 921 3451 perrexit,
943 3366 1031 3431 fumo
1052 3366 1127 3449 igne
1150 3366 1303 3448 sanguine
1326 3386 1398 3433 eam
1420 3366 1479 3430 rio

311 3478 414 3547 lenter
429 3480 555 3565 invasit,
579 3480 735 3567 palacium
753 3481 946 3563 conscendit
970 3488 1078 3566 portas
1093 3483 1258 3565 confregit,
1276 3482 1369 3549 sedes
1383 3480 1479 3568 ponti·

312 3593 407 3662 licum
429 3597 587 3680 contrivit,
612 3598 785 3663 sacrarium
810 3596 894 3663 beati
914 3596 1079 3663 Laurentii
1102 3597 1237 3683 speruit,
1261 3617 1344 3681 quse
1367 3597 1478 3683 optima

312 3711 373 3777 sibi
396 3712 465 3779 risu
493 3721 567 3779 sunt
594 3712 742 3799 diripiat,
771 3712 812 3779 sd
840 3713 971 3799 propris
999 3733 1034 3779 ss
1060 3712 1231 3797 recollegit
1322 3713 1399 3780 Post
1425 3712 1477 3777 boc

311 3827 500 3913 Palladium,
523 3831 557 3895 in
581 3849 642 3915 quo
666 3828 814 3895 dominus
835 3834 944 3895 noster
966 3850 1051 3916 papa
1073 3829 1274 3895 Innocentius
1291 3849 1365 3895 cum
1379 3826 1475 3895 cetto

311 3942 374 4010 lica
400 3944 533 4011 ecclesia
559 3943 734 4028 residebat,
768 3944 960 4027 aggreditur.
1002 3944 1120 4012 Verum
1149 3945 1309 4031 equitibus
1336 3951 1370 4011 et
1395 3940 1473 4027 equis

311 4058 458 4146 plurimis
481 4060 617 4144 emissis,
640 4061 674 4125 iu
697 4061 881 4128 confusione
903 4080 978 4128 suae
998 4062 1192 4145 ignominiae
1207 4063 1336 4128 domum
1350 4058 1473 4145 turpiter

311 4175 451 4241 recessit.

401 4288 651 4376 Depredstioues
667 4312 740 4358 vero
764 4291 967 4359 ecclesiarum
993 4298 1025 4359 30
1043 4292 1194 4380 precipue
1208 4292 1294 4359 beati
1308 4290 1390 4357 Petri
1409 4286 1466 4353 the·

382 4444 403 4477 s.
426 4430 503 4478 blsrtii
517 4432 561 4479 ΡΖ.
