3142 4850
457 321 624 370 maceror
643 321 774 372 coen.
807 320 862 372 aco
1179 305 1244 372 447

91 477 383 546 nannetense*
407 478 563 564 dicuntur,
587 482 641 564 qui
663 486 880 568 persecutores
903 480 1020 548 Christi
1042 486 1075 549 et
1096 481 1246 550 ecclesiae
1278 495 1348 550 1132

92 612 149 660 esse
168 613 202 660 ec
223 593 321 662 tunso
336 615 470 685 semper
492 596 660 663 manifeste
682 596 722 663 ab
744 597 891 664 omnibus
914 602 1154 681 cognoscuntur.
1262 569 1359 627 ⁸¹¹⁸’²⁸

165 709 231 777 Nox
256 710 327 798 ipsa
348 711 437 779 litem
453 710 590 778 diremit.
626 709 689 780 Sed
712 717 779 778 tota
794 718 886 780 nocto
901 713 984 796 regis
999 713 1156 780 exercitus
1178 733 1246 780 ma·

90 825 184 892 tricem
213 825 377 894 ecclesiam
401 847 442 894 ex
464 828 550 894 omni
572 834 665 914 parte
687 827 850 896 obsidione
871 829 1087 896 circumdedit
1177 828 1246 907 Qua

88 939 117 1006 in
140 946 226 1009 nocte
249 961 306 1026 ego
329 943 414 1029 ipse,
443 943 482 1009 de
504 963 575 1009 meo
599 943 750 1030 expulsus
773 944 915 1031 hospicio
937 944 1144 1030 omnibusque
1165 946 1245 1011 meis

86 1055 208 1124 nudatus
237 1063 269 1126 et
295 1059 329 1124 in
356 1059 457 1146 ipsius
484 1057 591 1146 platea
613 1059 750 1127 civitatis
772 1065 901 1128 nostrae
922 1060 1066 1136 desertus
1088 1079 1126 1127 ac
1148 1059 1244 1145 solus,

86 1177 144 1238 tam
169 1173 221 1240 diu
249 1172 327 1242 flens
354 1175 455 1258 iacui,
484 1174 583 1244 doceo
612 1175 767 1242 adomno
791 1175 972 1258 N(orborto)
996 1175 1245 1262 Magdeburgea·

85 1287 174 1354 sium·
194 1289 431 1377 archiepiscopo
453 1291 486 1357 in
510 1290 686 1376 hospicium
710 1293 777 1358 eius
800 1295 951 1377 nuquam
974 1292 1088 1378 hospes
1103 1312 1141 1360 ao
1154 1313 1245 1379 pere-

84 1403 184 1488 grinus
205 1425 264 1493 per
286 1406 534 1473 misericordiam
560 1406 620 1473 Dei
643 1406 793 1474 collectus
815 1407 871 1472 fui.

163 1519 255 1588 liano
277 1526 383 1590 entem
405 1521 499 1606 iacto,
523 1542 726 1608 quoscunque
748 1529 781 1590 st
806 1522 976 1608 quotquotd
997 1522 1107 1607 voluit,
1129 1522 1169 1590 de
1190 1523 1245 1590 ob-
1261 1536 1358 1596 aucae

82 1654 162 1702 sessa
188 1637 322 1706 ecclesie
350 1658 407 1704 rex
436 1637 593 1706 abstraxit
622 1645 668 1724 et,
697 1643 733 1704 ut
755 1643 916 1704 mamus
939 1638 1128 1723 decoloris,
1156 1639 1245 1726 ipsos

83 1751 169 1818 etiam
197 1753 379 1820 vulneratos
407 1760 440 1822 et
468 1754 596 1822 omnino
624 1754 810 1841 desperatos
837 1754 872 1820 in
894 1753 1028 1822 uinculis
1053 1775 1160 1822 secum
1188 1755 1244 1824 ab·

81 1867 171 1938 duxit
262 1869 384 1938 Eadem
407 1890 481 1938 vero
509 1870 561 1937 die
588 1875 694 1938 castra
720 1874 858 1938 anemius
887 1876 936 1940 est
963 1871 998 1938 in
1019 1890 1133 1958 campe
1154 1872 1245 1940 iuxta

79 1983 243 2054 dodamin.
333 1985 568 2072 degressusque
598 1986 698 2054 tercia
726 1985 778 2052 die
806 2005 879 2054 cum
908 1987 1039 2054 armatis
1066 1987 1100 2054 in
1122 1987 1243 2073 urbem,
1259 2001 1356 2060 cucco

79 2101 263 2170 munitiones
285 2101 372 2170 urbis
395 2121 503 2170 omnes
519 2102 618 2170 diruit
639 2107 672 2170 et
689 2103 853 2187 confregit
889 2102 1105 2189 Omnibusque
1125 2105 1245 2191 praeda

78 2221 108 2282 et
130 2217 277 2288 incendio
306 2218 516 2306 consumptis,
545 2223 658 2304 quarto
686 2218 909 2286 destructionis
937 2224 1066 2286 nostrae
1093 2225 1126 2288 et
1153 2225 1243 2288 serto
1260 2235 1354 2292 Aes-⁸¹

79 2332 224 2402 ducatus
246 2331 314 2401 sui¹
337 2334 387 2402 die
408 2334 491 2402 letus
513 2334 603 2402 abiit.
1063 2397 1067 2406 ,

158 2451 400 2539 Archiopiscopi
423 2450 549 2537 quidem
572 2456 605 2519 et
627 2452 767 2538 episcopi
796 2457 829 2519 et
850 2451 996 2536 abbates,
1025 2452 1079 2537 qni
1102 2451 1244 2537 merent,

76 2565 147 2633 satis
170 2588 209 2635 ec
233 2568 312 2635 satis
333 2567 451 2651 regiam
476 2568 674 2635 maiestatem
696 2573 971 2655 praemonuerunt,
994 2568 1142 2653 quatinus
1157 2570 1244 2652 regio

76 2700 157 2751 more
178 2684 274 2751 victis
296 2683 408 2753 saltem
437 2688 581 2771 parceret
603 2688 650 2768 et,
679 2684 834 2753 imitando
860 2704 967 2767 regem
990 2704 1115 2768 regum,
1143 2684 1245 2751 iustos

76 2800 273 2889 cumimpiis
296 2820 358 2868 non
381 2796 556 2887 perderet¹.
592 2799 654 2867 Sed
677 2799 842 2869 iracundia
860 2798 976 2883 regalis
998 2800 1159 2885 potentiae
1179 2819 1244 2870 uon

74 2914 157 2999 prius
179 2916 329 3001 mitigata
351 2921 409 3000 est,
432 2916 531 2985 donee
554 2916 657 2983 omnis
680 2916 792 2983 civitas
814 2921 924 2983 nostm
945 2915 1014 2983 siue
1036 2915 1152 2984 iudicio
1175 2915 1271 2985 sine·

75 3026 195 3101 iusticia
216 3032 362 3101 mediae
385 3032 545 3099 desbucta
567 3037 600 3100 et
622 3032 915 3119 inrecuperabiliter
938 3030 1130 3099 adnichilata
1151 3036 1209 3099 est

155 3146 334 3237 Propterea
355 3168 413 3215 nos
434 3168 506 3217 cum
522 3148 669 3216 uniuerso
685 3148 768 3217 clero
785 3154 818 3217 et
831 3148 949 3236 populo
964 3146 1102 3215 ciuitatis
1117 3152 1246 3217 nostae

75 3254 237 3347 precamur
260 3284 319 3352 por
340 3263 501 3332 Christum
524 3269 556 3331 et
577 3265 611 3331 in
627 3264 752 3331 Christo
775 3263 1024 3331 misericerdiam
1047 3264 1245 3331 venerandae

74 3382 273 3462 paternitatis
296 3386 437 3465 restrae,
467 3385 503 3448 ut
527 3380 688 3447 doloribus
718 3379 836 3447 nostis
859 3379 1029 3447 clementer
1051 3378 1244 3447 condoleatis

75 3498 112 3578 et,
132 3494 372 3565 lamentabilem
395 3495 546 3564 ecclesiae
567 3502 695 3563 nostrae
716 3496 842 3563 ruinam
866 3496 998 3563 consilio
1013 3500 1047 3562 et
1060 3495 1179 3561 auxilio
1194 3496 1245 3562 in-

74 3606 276 3695 fatigabiliter
297 3610 474 3695 fulcientes,
497 3632 623 3679 mamm
646 3611 925 3699 inexpugnabilem
947 3631 1006 3699 pro
1029 3611 1123 3678 domo
1145 3609 1244 3679 lsrael

73 3736 140 3793 ros·
162 3723 301 3815 ponere⁸
322 3728 416 3797 solito
439 3747 526 3797 more
548 3734 653 3797 vestm
676 3728 840 3813 satagatis
870 3727 981 3797 Velete
1002 3727 1037 3794 in
1059 3725 1208 3795 Christo‘.

136 3920 157 3952 a.
180 3906 307 3965 vulgariter
321 3906 346 3953 V.
432 3902 455 3953 b.
470 3904 578 3953 unuln
594 3906 618 3954 V.
704 3920 724 3953 e.
746 3904 1003 3964 liagedeburebanslum
1018 3904 1045 3952 Z.
1124 3904 1147 3951 d.
1171 3903 1244 3965 quod·

75 3983 170 4040 ΜΖ.
267 3999 288 4033 a.
310 3985 394 4033 rost<
486 3984 838 4035 tlalataintlbriatooaal’.

138 4089 164 4143 1.
181 4088 282 4159 ltaque
300 4087 345 4145 die
363 4090 398 4145 26
415 4087 537 4159 Augusti
558 4090 587 4147 iu
609 4088 705 4147 urbem
729 4094 894 4161 pervenerat
914 4102 973 4145 rex.
1067 4088 1093 4144 2.
1118 4084 1243 4143 (itidem

75 4173 113 4244 18,
130 4178 173 4233 25.
266 4179 293 4234 3.
311 4175 412 4232 Erech.
426 4178 469 4247 13,
487 4178 513 4233 5.

552 4330 762 4339 -—-—-—
