3142 4850
412 329 578 380 nnnuarcr
601 329 728 380 com.
764 329 892 382 amnas
940 403 945 412 ι
1175 315 1242 382 899

80 481 340 554 milenarius
363 487 405 554 ΙΙ
426 513 517 576 papa
547 491 716 556 Adelberto
738 491 762 556 I
784 493 1022 578 archiepiscopo
1051 494 1240 578 Mopaoobo

176 605 357 689 respondet,
391 603 610 672 damam
638 610 821 694 episcopam
843 608 884 672 ab
905 609 1035 674 ecclesia
1066 608 1240 673 Wrzs'bar-

174 722 265 803 persi
286 723 505 788 movendam
527 733 619 788 esae‘.
1103 722 1143 803 (E
1159 723 1239 804 324)

154 849 312 920 Honorius
334 855 501 942 episcopus
531 875 641 923 servus
669 873 833 921 emiorum
856 854 917 921 Dei
945 855 1117 922 vonerabili
1145 856 1237 922 fratri
1268 878 1337 932 1127

67 952 261 1051 'A(delberto)
273 967 459 1054 Mogontinc
476 971 712 1059 archiepiscopo
729 971 863 1037 salutem
880 975 913 1038 et
927 969 1132 1058 apostolicam
1144 971 1239 1038 bene·
1256 950 1348 997 ”m

72 1079 243 1150 Morem.

17 1213 25 1234 ·
154 1197 256 1286 Super
270 1219 366 1267 causa
380 1199 586 1285 Gcbehardi'‚
610 1201 649 1268 de
672 1221 734 1286 qno
749 1221 807 1267 uos
827 1202 952 1286 rogavit
971 1207 1028 1268 tua
1041 1201 1238 1286 fraternitas,

70 1311 198 1379 fratrum
221 1321 401 1382 nostrorum
425 1319 644 1404 cpiscoporum
668 1323 700 1384 et
721 1317 929 1384 cardinalium
953 1317 1119 1384 consilium
1134 1318 1239 1403 requi·

70 1428 204 1496 sivimus.
246 1429 296 1497 Ex
325 1453 433 1500 eorum
462 1453 535 1517 ergo
560 1431 785 1500 deliberatione
814 1434 1062 1520 provisumst,
1091 1433 1173 1518 qnod
1204 1434 1237 1499 in

69 1541 303 1632 Herbipolensi·
332 1549 464 1615 ecclesia
493 1548 716 1616 Gebehardus·
744 1549 829 1615 idem
863 1568 926 1616 non
960 1548 1074 1616 debeat
1105 1549 1238 1615 ulterius

69 1660 264 1748 episcopatus
287 1664 409 1751 apicem
432 1664 583 1733 obtinere.
674 1665 759 1732 Data
780 1663 930 1731 Laterani
953 1665 975 1730 4
994 1663 1076 1730 Non.
1092 1663 1210 1732 Martii.

70 1871 152 1944 228.
175 1875 363 1944 Gerbardae
391 1879 554 1966 presbytes·
583 1881 757 1946 cardinales
782 1879 1046 1964 Wreibarpensee
1080 1881 1236 1960 matur,

171 2007 209 2060 at
228 2008 345 2061 renroto
363 1993 547 2078 Gebebardo
571 1999 716 2084 apocope
739 2017 946 2061 macerarere
963 1997 1063 2060 dent'.
1102 1993 1142 2075 (E
1159 1994 1237 2076 325)

150 2125 266 2193 Frater
280 2125 486 2210 G(erbardus)
509 2135 637 2196 sauctae
652 2127 814 2195 Romanae
829 2125 978 2195 ecclesiae
998 2127 1154 2214 presbiter
1168 2147 1238 2194 aar·
1294 2146 1361 2200 1127

67 2237 174 2308 dinalis
199 2248 233 2310 et
255 2241 447 2330 apostolicae
470 2243 553 2310 aedis
580 2243 703 2328 legatus
732 2243 856 2310 dilectis
878 2244 913 2310 in
936 2243 1064 2310 Christe
1085 2243 1237 2309 iratribus
1257 2221 1311 2278 Μ
1325 2218 1391 2265 Μ

67 2353 194 2439 duom)
219 2361 382 2447 preposito
398 2365 430 2427 et
446 2359 516 2427 aliis
531 2357 804 2445 wirzeburgensis
820 2359 950 2428 ecclesie
965 2360 1088 2427 clericis
1103 2359 1237 2427 salutem

67 2478 96 2539 et
116 2494 208 2541 omne
233 2476 360 2543 bonum.

148 2590 285 2669 Quantis
308 2597 340 2659 et
355 2612 450 2677 quam
473 2592 631 2659 diuturnis
646 2592 879 2660 calamitatibus
898 2592 1030 2659 ecclesia
1044 2598 1151 2659 vestra
1172 2594 1236 2659 iam

66 2702 115 2769 din
134 2708 179 2773 sit
202 2706 322 2774 afflicta
350 2716 382 2775 et
405 2710 516 2793 atrita,
544 2726 607 2775 uon
636 2709 738 2775 solum
761 2707 986 2775 Theotouicaa'
1007 2728 1118 2775 vemm
1140 2709 1236 2775 etiam

66 2818 186 2890 Italicae
210 2823 362 2891 ecclesia⁸
383 2830 508 2893 constat
531 2844 599 2892 csse
623 2825 833 2891 notissimum.
871 2823 973 2911 Super
995 2824 1108 2908 quibus
1130 2825 1163 2889 iu
1186 2844 1237 2891 re·

64 2932 179 3019 ligiosis
209 2945 245 3006 et
272 2938 374 3007 Deum
404 2940 588 3009 timentibus
618 2941 694 3008 uiris
725 2942 918 3027 compatitur
946 2944 978 3006 ct
1007 2939 1154 3007 condolet
1181 2959 1236 3004 vc·

65 3050 108 3118 bis
136 3056 349 3122 Theotonicah
380 3056 513 3129 ecclesia
546 3064 578 3124 et
606 3076 773 3143 compassa
806 3062 855 3123 est
888 3062 920 3123 et
953 3054 1115 3122 condoluit
1145 3056 1236 3122 vobis

65 3167 200 3238 iamdiu
224 3176 329 3238 mater
351 3176 457 3239 vestra
479 3178 589 3239 sancta
603 3172 746 3239 Romana
768 3172 911 3239 ecclesia.
949 3170 1040 3238 Unde
1063 3171 1103 3237 ad
1126 3192 1161 3237 se
1182 3192 1237 3238 ve·

66 3284 196 3353 rientem
235 3286 335 3355 bonae
368 3290 540 3355 memoriae
573 3287 723 3354 domnum
752 3288 935 3371 Rlogerum)
970 3288 1154 3374 episcopum
1182 3308 1236 3355 ve-

66 3402 158 3467 strum
181 3402 321 3485 benigne
334 3406 454 3491 recepit
469 3410 501 3471 et
515 3404 650 3487 benigne
666 3403 803 3487 dimisit3
828 3422 970 3489 sperans,
992 3404 1074 3488 quud
1092 3425 1149 3491 per
1164 3424 1236 3471 eum

65 3510 144 3585 Deus
160 3518 260 3585 vellet
281 3518 376 3586 finem
399 3520 561 3607 imponere
583 3518 745 3587 afflictioni
762 3526 896 3586 vestrae
931 3518 1009 3585 Post
1024 3520 1145 3587 obitum
1161 3541 1236 3588 vero

66 3631 126 3697 eins
148 3654 222 3701 cum
247 3635 394 3701 domiuus
410 3656 498 3702 meus
515 3656 600 3723 papa
614 3636 800 3717 Hicuorius)
816 3636 941 3702 audiret
955 3635 1105 3703 domnum
1122 3634 1237 3718 Glebe-

65 3743 205 3833 bardum)
230 3750 333 3817 eidem
364 3750 513 3818 ecclesiae
535 3750 699 3837 incubare,
728 3752 843 3818 domuc
866 3750 1051 3836 Muguntinc
1074 3760 1236 3837 tamquam

66 3868 162 3932 restro
185 3867 432 3953 metropolitano
456 3873 488 3934 et
511 3867 702 3954 apostolicae
726 3868 810 3935 sedis
831 3868 936 3951 legato
966 3890 1024 3955 por
1046 3889 1097 3935 me
1119 3868 1235 3934 litteris

66 3981 186 4049 elviva
208 4002 287 4049 voco
315 4003 355 4050 ax
385 3984 544 4051 communi
572 3984 792 4071 episcoporum
821 3991 853 4052 ot
880 3983 1088 4051 cardinalium
1117 3982 1235 4050 delibe-

128 4224 149 4257 ι.
172 4228 202 4260 aa
218 4214 240 4261 V
254 4216 311 4271 136,
327 4214 349 4261 Ζ
360 4215 462 4274 peoo-
482 4213 619 4275 Eplstola
635 4214 757 4261 Honoril
777 4226 869 4274 papae
890 4214 924 4261 da
940 4214 1114 4262 Gebchardu
1130 4212 1235 4259 Herbi·

66 4288 194 4349 polenum
220 4292 300 4339 084.-
320 4294 391 4339 ltem
412 4294 445 4341 da
466 4294 644 4341 Gabeharde.
713 4294 735 4340 b.
761 4294 916 4341 Gebharle.
986 4308 1007 4341 e.
1031 4292 1191 4353 Herbipnlensi
1210 4292 1233 4338 C.

67 4364 88 4410 d
108 4366 167 4416 idom
183 4370 319 4419 Gebhardns
339 4374 484 4433 episcopatus
506 4374 593 4433 apicem
615 4386 660 4418 uon
680 4372 776 4419 ulterius
792 4371 875 4419 debeat
892 4374 995 4420 obtinere
1010 4373 1035 4419 V.
1128 4386 1148 4418 a.
1172 4369 1238 4418 αν

68 4445 227 4508 lte-13⁶0,
244 4452 265 4499 Ζ
280 4452 376 4513 p.300.
469 4450 485 4499 i.
509 4450 631 4499 Teutonico
648 4450 674 4498 Ζ.
768 4464 790 4511 g.
814 4453 892 4501 Μ’.
984 4452 1010 4500 h.
1033 4452 1158 4498 Tactunica
1172 4450 1199 4497 Ζ.
