3142 4850
292 277 357 343 818
577 292 757 341 nnaeoanr
784 292 967 341 nmuoeus.
1001 293 1066 339 nm.
1082 292 1122 339 111
1143 289 1181 340 as

204 466 273 523 lint
292 452 377 519 uiros
406 450 620 534 honorabiles,
651 457 742 537 aptos
773 452 812 518 ad
835 471 989 538 responsa
1009 450 1172 518 reddenda
1192 449 1244 515 uel
1266 447 1467 535 accipienda

293 568 404 634 ducem
427 567 521 651 adit·,
545 586 653 654 preces
676 567 791 652 tundit,
815 574 943 634 accusat
963 566 1116 653 populum
1136 572 1171 633 et
1188 563 1346 633 excusat¹.
1381 563 1468 631 Dein

294 684 415 771 potenti
437 681 566 749 suadela
588 683 715 766 mitigat
737 684 966 766 indignantem,
988 682 1087 766 iubet,
1110 682 1265 763 obsecrat,
1285 681 1364 747 tacit
1380 699 1467 745 eom·

293 799 491 886 positionem,
512 798 696 884 naeniisque
712 799 752 865 ad
767 798 941 884 perlectum
956 797 1113 881 omnibus,
1128 797 1252 881 legatus
1265 815 1338 863 cum
1352 794 1469 879 legatis

294 934 404 1001 pacem
428 912 519 979 affert
540 914 671 979 civitati.
707 914 806 999 Hinc,
835 914 896 980 teti
918 912 1049 981 ecclesie
1072 914 1276 995 valefaciens,
1304 911 1397 977 miris
1419 910 1469 975 at·

293 1029 479 1097 sectionibus
511 1028 643 1095 lulinam
673 1029 719 1095 ire
748 1030 928 1096 dimittitur.
1019 1028 1151 1112 Maligni
1174 1049 1248 1095 vero
1274 1026 1468 1109 sacerdotes,

294 1146 380 1233 pleni
402 1144 597 1227 demonibus,
621 1165 690 1211 cum
715 1146 779 1211 iam
805 1150 914 1230 aperte
935 1164 1000 1211 non
1023 1150 1162 1231 possent,
1187 1142 1237 1210 uel
1259 1164 1318 1230 per
1334 1142 1469 1209 insidias

295 1282 385 1329 seruo
401 1260 461 1327 Dei
484 1280 596 1327 nocere
618 1258 721 1325 moliti
743 1256 845 1325 sunt².
880 1259 1043 1327 Condueta
1064 1262 1181 1327 etenim
1199 1278 1317 1343 magna
1338 1258 1468 1325 sicario-

294 1398 365 1443 rum
394 1376 610 1457 multitudine,
639 1375 723 1441 viam
749 1374 894 1443 abeuntis
920 1376 955 1441 in
978 1376 1148 1443 artioribus
1170 1376 1288 1460 navigii
1310 1375 1391 1442 locis
1413 1373 1467 1440 ob

295 1492 459 1573 sederunt;
487 1491 552 1557 suis
576 1490 701 1574 amicis,
726 1492 861 1557 istarum
882 1512 989 1559 rerum
1012 1493 1142 1575 nesciis,
1169 1498 1304 1558 mortem
1327 1491 1468 1577 episcopi

294 1608 385 1693 quasi
407 1626 464 1693 per
486 1606 712 1673 diuinationem
736 1608 990 1692 prenunciautee.
1027 1609 1074 1673 At
1094 1608 1150 1675 ubi
1173 1608 1214 1674 ad
1233 1607 1371 1673 iusidias
1393 1626 1468 1672 uen-

294 1731 361 1791 tum
385 1728 443 1808 est,
468 1723 574 1789 hostes
597 1742 687 1788 arma
709 1722 895 1808 corripiunt,
917 1722 1118 1791 funambulos
1138 1730 1256 1806 tenent,
1279 1723 1467 1806 navigantes

294 1839 464 1922 invadunt,
495 1838 679 1922 sanguinem
709 1838 849 1924 episcopi
879 1859 975 1925 super
997 1840 1106 1906 omnia
1127 1839 1279 1906 sitientes
1324 1839 1372 1904 At
1393 1856 1468 1903 vero

295 1954 490 2023 stetinenses
513 1959 545 2022 et
567 1955 678 2036 nostri,
702 1954 757 2037 qui
780 1974 851 2019 cum
872 1954 1020 2041 episeopo
1035 1961 1136 2039 erant,
1160 1975 1250 2021 arma
1263 1955 1405 2039 capiunt,
1428 1972 1468 2020 ex

294 2076 363 2137 rate
385 2070 564 2157 prosiliunt,
587 2068 703 2156 partim
723 2076 810 2135 terra
824 2070 943 2155 partim
959 2090 1042 2155 aqua
1056 2072 1241 2154 consistunt,
1264 2071 1331 2137 vim
1346 2069 1469 2136 uiribus

295 2186 444 2253 audacter
466 2190 617 2251 arcentes.
654 2184 796 2270 Cumque
820 2185 1004 2270 aliquandiu
1027 2193 1201 2273 pugnatum
1224 2185 1337 2269 esset⁵,
1362 2184 1396 2251 bi
1414 2185 1467 2269 qui

295 2302 334 2369 de
356 2301 480 2367 insidiis
503 2304 594 2367 erant
616 2299 882 2369 aStetinensibus
903 2309 1056 2389 ceperunt
1077 2304 1220 2387 agnosci3
1243 2308 1276 2368 et
1290 2300 1415 2368 emus
1428 2300 1467 2367 de

296 2416 460 2484 malefacto
482 2415 639 2500 fugeruut.
730 2416 775 2483 At
797 2418 959 2503 sacerdos,
988 2420 1042 2505 qui
1067 2418 1125 2486 bec
1147 2417 1345 2486 machinatus
1369 2420 1466 2501 erat⁸,

295 2535 405 2602 eadem
428 2533 505 2599 hors
527 2533 612 2598 domi
634 2551 706 2599 cum
722 2534 833 2599 amicis
849 2535 916 2602 suis
930 2536 1083 2619 residens,
1106 2534 1235 2622 paralisi
1251 2540 1284 2600 et
1298 2533 1467 2600 uehemen-

294 2651 417 2718 tissime
438 2648 590 2732 languore
606 2650 716 2717 vexari
733 2651 828 2737 cepit,
851 2653 928 2735 suis,
952 2656 989 2717 ut
1001 2650 1148 2734 arbitror,
1172 2652 1233 2717 diis
1248 2670 1321 2717 enm
1344 2649 1468 2716 lanian·

294 2767 388 2834 tibus.
435 2765 593 2850 Cumque,
622 2785 677 2832 cre
706 2765 806 2832 oculis
834 2786 872 2832 ae
893 2773 962 2833 tota
982 2753 1064 2834 iacie
1086 2767 1236 2851 distorta,
1264 2767 1405 2833 frontem
1428 2765 1468 2832 ad

295 2882 439 2968 scapulas
462 2885 600 2948 verteret
630 2881 679 2948 etd
703 2881 876 2948 miserabili
899 2882 1040 2968 corporis
1067 2883 1238 2966 agitatione
1266 2882 1303 2948 in
1330 2889 1468 2949 mortem

295 2995 478 3080 solveretur,
502 2994 706 3063 exclamavit:
731 2997 800 3064 Hoc
819 3001 928 3085 patior
943 3013 1078 3087 propter
1091 3002 1226 3065 inrideas
1242 3013 1272 3065 et
1284 3000 1384 3081 mlo,
1409 3021 1469 3086 que

295 3127 403 3179 conta
428 3114 570 3178 Ottonem
589 3114 670 3197 s'oct
706 3112 742 3178 ln
765 3113 825 3179 hac
848 3134 923 3181 voce
946 3116 1044 3182 vitam
1066 3115 1177 3181 linivit
1216 3114 1339 3180 Tantus
1362 3121 1467 3182 antem

294 3228 376 3294 fetor
398 3226 582 3294 subsecutus
605 3232 670 3312 est,
694 3233 730 3294 ut
752 3227 846 3295 Pluto
867 3231 937 3316 ipse
959 3230 1138 3314 intemelis,
1164 3229 1214 3296 vel
1236 3229 1381 3314 quisquis
1403 3229 1471 3296 illic

295 3342 452 3408 maximus
474 3347 533 3426 est,
558 3342 597 3410 ab
620 3344 713 3410 huius
729 3345 871 3412 faucibus
887 3346 1011 3433 spirare
1025 3351 1199 3432 putaretur.
1290 3345 1371 3411 ltem
1387 3345 1469 3411 alius

296 3456 423 3542 quidam
452 3458 491 3523 de
520 3460 736 3526 sacerdotibus
760 3461 870 3526 Ottoni
898 3463 1076 3528 sonnatius
1096 3481 1169 3528 oum
1193 3461 1234 3527 ad
1254 3460 1389 3543 negocia
1412 3481 1471 3528 sua

295 3591 367 3638 cum
390 3573 587 3640 institoribus
610 3576 691 3642 forte
714 3577 895 3660 navigaret,
918 3555 1006 3644 etin
1030 3578 1133 3644 insula
1155 3577 1291 3661 quadam
1314 3581 1414 3643 naute
1435 3582 1469 3644 nt

296 3688 436 3755 assolent
457 3689 498 3754 ad
520 3709 593 3756 suas
617 3693 856 3759 commoditates
875 3693 1111 3778 applicuissent,
1134 3693 1195 3760 iste
1209 3692 1350 3761 alienata
1362 3699 1470 3761 mente

294 3825 354 3872 nec
375 3804 466 3871 uultu
493 3825 550 3872 neo
573 3826 785 3880 vocesanum
807 3809 884 3893 quid
906 3829 1002 3892 agens
1025 3829 1045 3875 a
1067 3808 1235 3875 comitibus
1257 3813 1386 3876 notatus
1409 3815 1468 3876 est

296 3919 438 4006 Cumque
467 3939 606 3988 seorsum
637 3923 676 3989 ab
706 3923 776 3990 aliis
806 3925 840 3990 in
869 3924 950 3991 silva
972 3924 1071 3991 veluti
1098 3943 1155 4011 per
1177 3923 1349 3991 amentiam
1371 3943 1470 4009 vaga·

296 4042 393 4121 retur,
417 4037 544 4104 iuvenes
568 4038 706 4123 quidam,
731 4040 823 4124 quasi
844 4059 902 4126 per
917 4039 1082 4108 lasciviam
1101 4040 1212 4123 secuti,
1235 4039 1370 4106 delirum
1392 4041 1469 4106 fune

297 4173 354 4238 per
381 4155 491 4236 guttur
519 4152 559 4219 ad
587 4154 733 4222 arborem
755 4154 859 4239 ligant
880 4162 912 4222 et
934 4155 1107 4223 discedunt
1154 4154 1211 4222 llle
1233 4175 1307 4223 uero
1330 4156 1468 4222 incautis

369 4315 389 4348 a
413 4277 621 4359 antemittit.
654 4303 676 4351 b.
687 4305 950 4364 cors-‚iapognarentbt
981 4320 1002 4352 e.
1012 4305 1321 4364 essetMeratMuerctB.
1352 4305 1376 4353 d.
1386 4306 1467 4354 025.

369 4397 394 4450 1.
413 4393 455 4450 Cf.
467 4396 527 4453 Eho
539 4398 579 4452 llI
593 4399 637 4452 23.
797 4401 823 4454 2.
842 4399 885 4455 Cf.
898 4399 960 4455 libo
970 4401 1011 4456 Ill
1025 4403 1070 4458 20.
