3142 4850
408 393 412 399 .
454 347 620 396 ununnror
642 321 769 397 connu.
807 345 911 400 15-17
1226 336 1267 401 37

103 503 158 573 15.
182 506 337 591 Ellopium
358 506 532 593 sepulcrale
555 505 761 594 Conipoodoe
783 513 1020 597 imperatrice&
1126 510 1166 591 (E
1182 511 1196 577 l
1214 512 1268 592 11)

182 637 279 704 Anno
295 637 452 706 dominice
466 640 693 708 incarnationis
708 639 905 729 MXXXIH',
921 645 1093 712 indictione
1108 644 1131 727 1,
1147 643 1266 710 VNon.
1297 652 1367 705 1033

98 751 205 820 Marcii
230 752 411 836 Cdnegunt⁶
434 755 638 842 imperatrix,
667 765 770 824 mater
792 779 986 844 pauperum,
1016 760 1104 826 dives
1127 759 1198 845 ipse
1220 759 1269 824 di·
1286 724 1376 770 m

99 868 189 936 vitem
213 869 366 952 migravit
389 871 429 936 ad
451 869 624 938 Christum.

254 989 372 1087 Equnli
395 1005 507 1071 merito
531 1005 705 1088 Cdnigunt⁶
729 1008 851 1073 sociata
873 1007 999 1091 marito,

300 1117 401 1196 Quem
424 1121 535 1186 vivens
558 1121 665 1206 coluit,
688 1127 791 1188 morte
812 1122 917 1188 locum
940 1124 1052 1208 tenuit,

254 1231 346 1299 Felix
367 1241 470 1301 morte
493 1257 560 1302 sua.
596 1235 655 1302 Cui
678 1238 776 1303 vitam
800 1239 934 1304 contulit
955 1239 1012 1305 illa

299 1347 386 1415 hlors
408 1351 606 1417 inmortalem
629 1353 892 1438 continuumqued
916 1354 1009 1420 diem.

254 1463 337 1530 Nom
361 1501 402 1510 —
426 1466 524 1532 veluti
546 1487 680 1550 greum]
703 1445 867 1534 moriendo
890 1469 1083 1535 vivificatum
1101 1505 1143 1515 -

298 1579 366 1658 Quo
389 1581 468 1648 bene
491 1583 646 1668 premisit,
671 1584 883 1670 centuplicato
905 1585 1004 1651 metit.

101 1787 157 1859 16.
181 1789 478 1878 ‘Epitaphium‘
512 1793 735 1863 Eberhardi
769 1797 889 1886 primi
922 1795 1267 1882 Bobenbergeneis

183 1908 378 1996 episcopi.
1126 1911 1266 1995 (11112)

158 2037 218 2119 Qui
242 2041 321 2126 legis
344 2042 427 2108 hunc
448 2042 587 2128 thidum,
610 2045 824 2130 reminiscere,
847 2045 930 2131 quod
952 2065 1062 2112 sumus
1084 2066 1197 2112 unum:
1301 2057 1371 2110 1040

203 2155 255 2223 En
277 2178 336 2241 ego
359 2179 429 2224 sum
451 2158 566 2245 pulvis,
590 2164 625 2224 tu
649 2181 772 2246 quoque
796 2161 900 2248 pulvis
924 2162 996 2227 eris.
1282 2129 1378 2188 ΜΗ

156 2271 219 2338 Est
241 2273 347 2356 breve,
371 2275 454 2358 quod
477 2275 613 2356 lueram3
638 2276 722 2360 quod
745 2297 810 2361 ero,
833 2296 897 2342 non
919 2275 1042 2342 desinet
1064 2296 1214 2362 unquam,

203 2388 352 2476 Respirat
375 2411 484 2457 rursus
507 2410 578 2457 oum
602 2391 680 2457 cinis
705 2393 864 2458 occiduus.

157 2503 269 2589 Parce,
293 2510 454 2591 superstes
477 2506 580 2591 homo,
603 2506 725 2574 fallenti
749 2506 877 2573 credere
898 2506 1027 2590 mundo,

202 2620 283 2687 Cum
307 2622 389 2688 bona
412 2624 593 2707 promittat3
616 2622 725 2689 fallere
749 2606 874 2709 semper
897 2626 992 2688 amat.

96 2832 153 2903 17.
178 2834 352 2901 Reice-icae
375 2834 439 2900 III
467 2838 640 2922 imperator
673 2836 849 2915 interdicit,
880 2836 932 2899 oe‘
953 2838 1024 2921 quie
1058 2838 1092 2900 io
1121 2834 1253 2899 Ioueael'

178 2952 343 3037 quondum
366 2952 506 3037 Apuliae
529 2944 616 3017 duces
640 2952 783 3037 sepulcro
807 2952 988 3016 condatur&
1085 2942 1089 2950 '
1131 2948 1170 3030 (E
1188 2949 1265 3031 101)

177 3083 216 3149 ln
241 3084 370 3149 nomine
393 3091 520 3149 sauctae
544 3088 575 3149 et
600 3082 782 3149 individuae
805 3083 967 3149 trinitatis.
1002 3080 1195 3163 Hleinrious)
1218 3083 1266 3150 di-
1294 3096 1364 3151 1054

90 3200 162 3265 vina
185 3200 314 3265 favente
338 3199 506 3265 clementia
523 3198 736 3264 Romanorum
759 3200 933 3285 imperator
957 3202 1118 3281 augustus.
1154 3196 1188 3265 Si
1211 3219 1266 3265 vo·
1283 3169 1375 3217 ΗΜ

87 3314 204 3381 luuteti
234 3321 330 3399 atque
358 3314 568 3400 peticionibus
599 3312 738 3380 fidelium
772 3320 952 3380 nostrorum
983 3334 1146 3380 assensum
1173 3334 1266 3400 prae-

89 3430 210 3515 bemus,
237 3430 278 3495 ad
301 3428 452 3496 honorem
473 3435 567 3515 etque
583 3429 754 3495 utilitatem
769 3429 869 3494 nostri
886 3430 1036 3514 regnique
1051 3428 1084 3493 id
1098 3428 1266 3513 provenire

86 3566 148 3612 uon
173 3546 369 3612 dubitamus.
405 3544 604 3631 Quapropter
626 3546 766 3610 omniurn
785 3543 903 3609 Christi
925 3548 1167 3628 nostrorumque
1189 3541 1266 3609 fide·

85 3660 162 3729 lium
194 3667 263 3727 tam
294 3660 508 3746 praesentium
543 3679 638 3745 quam
674 3660 851 3726 futurorum
886 3658 1045 3725 sollertem
1077 3658 1264 3724 industriam

87 3779 166 3845 scire
191 3777 353 3859 volumus,
377 3775 511 3860 qualiter
527 3798 566 3842 ex
589 3776 706 3842 nostris
722 3774 867 3841 fidelibus
883 3773 1011 3859 quidem
1027 3772 1143 3857 Argivo
1161 3773 1265 3839 dictus

85 3914 142 3981 per
163 3893 303 3959 nuncios
327 3912 402 3957 euos
424 3898 564 3958 nostram
589 3890 789 3958 clementiam
813 3888 1000 3975 suppliciter
1022 3888 1146 3974 peciitr,
1174 3893 1210 3952 ut
1230 3876 1265 3952 i'n

86 4010 256 4097 sepulchro
285 4007 388 4095 patris
412 4008 462 4073 sui
483 4007 583 4074 felicis
607 4006 777 4073 memoriae
800 4004 936 4071 Ismahel
964 4004 1119 4069 nominati
1141 4002 1265 4069 Boben-

153 4237 174 4269 ι.
199 4220 312 4273 «1372,
336 4218 359 4265 Ζ
371 4220 438 4280 p‚3.·
462 4218 649 4279 Epitaphium
670 4217 862 4277 chunigunde
883 4216 1085 4276 imperatricis
1106 4214 1135 4261 in
1154 4214 1264 4262 Boben-

8 4274 10 4365 ἐ
83 4303 158 4362 herg.
226 4300 250 4347 h.
274 4302 342 4346 Auno
359 4298 473 4346 mmm
489 4298 651 4346 incarnationis
667 4298 780 4344 dominice
796 4297 819 4344 V.
883 4310 903 4343 o.
927 4294 1101 4353 chuneguutZ.
1164 4294 1187 4341 d.
1210 4308 1264 4343 eou-

8 4382 11 4511 t

8 4512 10 4669 l

85 4384 220 4441 mumque
237 4381 260 4427 V.
335 4392 355 4425 e.
380 4392 409 4425 ea
425 4378 489 4433 Va·
510 4378 531 4425 Ζ
540 4392 565 4439 p.
578 4380 606 4433 3,
627 4378 668 4425 oti
684 4378 766 4425 lemma
781 4391 876 4425 aueum
892 4382 932 4423 eet.
1005 4375 1022 4421 l.
1046 4373 1226 4435 Ephithephium
1240 4374 1264 4423 V.

84 4476 105 4521 ς.
127 4478 156 4509 α
173 4461 194 4507 V
209 4460 252 4516 40,
269 4458 293 4505 Ζ
303 4473 329 4519 p.
341 4458 488 4504 160-161.
570 4456 594 4503 h.
617 4457 743 4517 poetatur
758 4456 784 4503 Ζ.
