3142 4850
358 326 546 375 sereremus
569 327 848 377 namsnncumsns
884 327 901 377 e
1150 310 1217 377 485

59 486 111 551 hoc
128 486 239 568 ingiter
261 485 379 554 habent
401 487 434 552 in
458 492 581 569 memte,
611 507 669 573 pro
693 488 795 555 salute
823 488 936 575 capitis
967 488 1001 555 in
1030 507 1086 555 ora
1113 488 1217 557 cordis
1236 505 1305 561 1021

58 601 241 669 immolantes
264 601 333 669 Deo
356 601 463 669 debita
485 601 641 669 sacrificia
660 603 774 672 laudis.

135 716 252 784 Felices
267 717 325 802 illi,
349 719 414 803 qui,
438 718 582 802 quamvis
597 739 660 785 non
677 719 806 804 palatiu,
830 717 995 787 immolare
1013 723 1120 786 tamen
1137 718 1216 787 haee

57 838 204 899 merentur
226 834 330 901 cordis
353 835 388 899 in
409 834 540 919 angulo,
564 855 645 919 quae
666 835 918 901 fructuosissime
938 833 1098 918 immolat,
1122 855 1214 919 quem

57 948 233 1015 intrinsecus
260 950 455 1035 septiformis
482 946 620 1033 gratiae¹
648 952 749 1017 virtus
778 949 907 1015 exaltat.
954 948 1102 1035 Quisquis
1131 951 1215 1017 enirn

56 1068 99 1129 est
118 1065 149 1128 in
171 1066 340 1131 secretario
363 1065 466 1131 cordis
489 1071 690 1132 consecratus
714 1086 772 1133 neo
795 1086 857 1131 uon
882 1065 1075 1151 septiformis
1094 1066 1215 1149 gratiae

55 1180 193 1263 gradihus
215 1182 249 1247 in
271 1182 365 1247 corde
388 1181 585 1264 sublimatus,
609 1202 673 1247 uon
688 1180 789 1247 solum
811 1179 999 1247 sacrificium
1015 1181 1112 1247 immo
1129 1181 1215 1249 holo-

56 1302 185 1363 caustum
210 1294 434 1364 medullatnm¹
457 1297 572 1363 divinis
595 1297 724 1363 auribus
751 1302 891 1363 meretur
914 1294 1041 1377 offerre
1071 1298 1216 1380 quamvis

55 1431 214 1496 numquam
249 1416 408 1479 mereatur
442 1413 613 1478 exteriores
652 1413 769 1497 gradem
803 1412 982 1480 ascendere.
1028 1411 1134 1477 Bonus
1169 1417 1218 1478 est

55 1546 191 1593 ascensus
206 1530 356 1612 exterior,
379 1529 435 1595 aed
453 1529 585 1595 interior
599 1527 699 1595 multo
716 1528 837 1595 melior.
928 1528 1003 1595 Inde
1020 1529 1216 1615 quorundam

53 1642 231 1729 improbitas
258 1646 399 1729 quiescat
425 1644 602 1729 inquietare
625 1644 748 1729 quietos
777 1650 811 1711 et
837 1650 948 1729 pareat
974 1642 1100 1711 irritare
1129 1644 1216 1730 pacis

53 1759 172 1825 amicos.
325 1846 331 1853 ἡ

133 1874 202 1943 Non
226 1894 355 1961 possum
379 1875 512 1941 tacendo
535 1875 753 1961 comprimere,
778 1874 862 1958 quod
882 1872 994 1941 suadet
1007 1875 1139 1941 rationis
1155 1875 1217 1941 uti·

52 1988 118 2055 litas
146 1991 278 2057 honesta
307 1992 460 2076 prolerre.
507 1989 691 2057 Proferemdi
720 1990 816 2057 etiam
845 1989 991 2062 fiduciam
1021 2011 1084 2059 non
1115 1995 1218 2057 cessat

53 2124 158 2191 angere
180 2127 255 2193 spes
283 2112 357 2173 tuae
384 2108 512 2193 pietatis
539 2112 698 2193 expertae.
739 2104 853 2173 Paride
880 2107 978 2190 igitur
1005 2114 1052 2189 te,
1083 2110 1138 2173 aut
1166 2126 1217 2172 me

52 2221 178 2305 prolatio
201 2224 330 2309 incepta
351 2228 480 2289 coronet
503 2230 559 2289 aut
575 2224 699 2288 veniam
722 2222 934 2307 simplicitatis
952 2224 1070 2307 agnitio
1086 2227 1215 2309 prestet.

52 2335 195 2420 Quidam,
222 2344 259 2404 ut
280 2339 390 2421 audio,
418 2358 481 2403 nom
504 2340 659 2405 rationem
682 2338 738 2404 sed
761 2337 954 2405 voluntatem
979 2359 1068 2405 suam
1091 2340 1217 2407 incaute

52 2461 228 2540 sequentes,
257 2455 332 2522 dum
355 2455 500 2521 nesciunt
526 2457 593 2522 sive
622 2456 805 2542 pigrescunt
834 2456 980 2538 congruis
1009 2455 1217 2542 computatio·

52 2571 136 2638 uibus
149 2571 278 2656 singula
289 2591 431 2657 quaeque
444 2571 617 2653 dinoscere,
632 2570 815 2657 preiudiciis
828 2571 892 2636 suis
906 2571 1088 2638 diaconibus
1101 2571 1219 2638 audent

52 2685 147 2754 officia
172 2707 323 2754 concessa
345 2707 476 2772 negare:
501 2692 536 2753 nt
557 2707 621 2752 nou
636 2685 755 2753 licitum
775 2686 913 2753 habeant
927 2707 1035 2770 regere
1051 2688 1116 2754 sive
1132 2707 1217 2754 eom-

52 2803 180 2886 primero
204 2803 319 2888 banno,
343 2823 556 2888 quoscumque
579 2802 753 2868 contrarios
775 2802 915 2868 sentiant
938 2802 1111 2870 dominicae
1131 2801 1217 2886 legu-

52 2918 138 2986 tionis
162 2919 296 3004 indicio,
324 2939 383 2985 neo
405 2923 594 3004 potestatem
618 2917 755 2984 habeant
776 2917 889 3000 banui3
919 2919 1062 3002 quamvis
1085 2917 1217 3001 legatio-

52 3033 136 3102 nibus
157 3035 334 3118 euangeliei
362 3035 508 3100 fruantur
531 3033 649 3100 indicii.
691 3032 916 3100 Verumtamen
945 3054 1007 3100 non
1035 3033 1216 3118 incongrue,

53 3149 130 3216 uelut
149 3145 317 3219 litteralis³
339 3150 455 3233 legatio
478 3149 623 3216 firmatur
646 3149 760 3234 sigillo,
789 3149 1004 3236 euangelicam
1027 3169 1150 3235 quoque
1172 3150 1217 3218 le·

53 3267 200 3347 gationsm
228 3266 350 3332 firmari
379 3265 535 3332 credimus
558 3265 677 3346 bann03
706 3265 781 3350 quia
810 3266 877 3332 sine
906 3265 1092 3332 auctoritate
1120 3263 1217 3333 hanni

54 3399 154 3464 parum
178 3380 306 3469 proiicit
328 3382 498 3447 auctoritas
522 3380 696 3464 euangelici
718 3381 835 3447 nuncii.
927 3381 996 3459 Qua
1017 3381 1143 3466 quidem
1167 3401 1217 3447 ra·

55 3497 129 3564 tione
151 3499 353 3582 euangelioae
376 3497 542 3582 legationis
566 3497 698 3564 nuncius
722 3498 826 3565 hanno
849 3497 1041 3583 privabitur,
1065 3497 1133 3564 sine
1156 3517 1216 3581 quo

55 3614 232 3681 secularium
269 3615 456 3682 nunciorum
492 3615 663 3680 auotoritas
700 3612 788 3680 nulla
824 3613 1004 3700 perficitur?
1054 3611 1217 3680 Seculares

55 3731 151 3798 nuncii
172 3705 365 3816 legationem
387 3751 477 3796 suam
500 3730 627 3796 illorum
649 3727 778 3794 firmant
799 3730 832 3794 in
855 3729 970 3812 hauno,
998 3748 1131 3814 quorum
1154 3727 1217 3796 illis

55 3852 97 3912 est
121 3848 264 3914 iniuncta
290 3847 422 3929 legati03
452 3845 584 3931 ideoque
614 3844 769 3930 quomodo
798 3843 1007 3930 privabuntur
1031 3844 1217 3909 auctoritate

55 3959 151 4046 banni,
175 3966 230 4049 qui
246 3963 436 4030 annuntiant
458 3960 574 4046 populo
592 3966 741 4047 precepta
762 3958 971 4026 saluberrima
986 3958 1123 4026 Christi?
1157 3957 1217 4036 Qui

55 4096 110 4143 nom
131 4080 304 4162 incongrue
327 4077 460 4144 alterum
484 4076 646 4143 brachium
672 4076 789 4143 habent
812 4081 964 4158 exertum,
989 4074 1121 4141 alterum
1144 4093 1217 4139 con·

56 4193 199 4263 armatas
221 4195 305 4261 stola
326 4199 524 4280 coopertum,
554 4200 591 4259 ut
615 4193 867 4276 recalcitrantes,
897 4211 976 4276 quoa
1003 4209 1066 4256 non
1094 4189 1218 4274 possint

57 4306 188 4376 lenitatis
216 4310 373 4394 corrigere
396 4309 509 4394 verbo,
540 4309 698 4375 interdum
727 4309 887 4393 corrigant
914 4305 1092 4374 severitatis
1122 4324 1218 4371 euan-

121 4444 146 4498 1.
163 4440 206 4498 Gi.
222 4457 307 4513 supra
323 4442 357 4498 Τ.
370 4441 409 4500 IV
421 4442 474 4496 375
492 4458 519 4494 n.
532 4441 558 4495 2.
648 4441 673 4494 2.
693 4437 734 4496 Oi.
752 4440 911 4510 Ps.oe,15.
1000 4439 1026 4494 3.
1046 4437 1156 4508 scripta
