3142 4850
330 329 396 394 766
600 346 781 394 mensorem
802 346 982 394 nrsnoous.
1017 347 1082 393 nm.
1100 346 1125 392 11
1147 342 1188 395 es.
1202 343 1237 393 24

242 520 312 574 1124
332 506 439 587 Quare
465 507 506 571 ab
533 528 641 571 eorum
667 506 790 572 colnac
813 509 983 587 discedere,
1013 528 1077 570 non
1107 506 1180 569 teob
1206 508 1330 570 intorta
1357 519 1411 570 eet
1451 506 1495 571 Ire

330 625 444 707 icitur,
479 624 561 687 mord
589 625 674 702 dici,
702 625 748 686 ad
772 624 932 687 metendae
959 634 1072 706 repetes
1098 634 1239 697 uernum
1274 635 1303 686 et
1329 634 1363 686 ut
1392 622 1495 686 murus

330 740 475 817 timenem,
497 751 611 823 parate
627 738 724 802 michi
736 738 926 813 vehiculum
950 760 1016 802 ecce
1031 758 1086 821 epo
1102 737 1259 801 cobbcum
1273 740 1345 822 ipra
1360 740 1396 801 in
1412 760 1496 801 carn·

329 874 550 939 permensum
573 855 765 918 descendam.
805 851 945 937 Cumque
966 851 999 916 in
1023 870 1134 934 agrum
1157 851 1306 917 venisset:
1333 850 1430 933 Quod
1451 875 1497 917 nre

330 967 433 1052 inquit
451 968 564 1051 faeere
585 970 738 1047 videritis,
763 991 867 1033 omrree
890 968 1034 1032 similiter
1046 968 1191 1051 faciatis.
1230 965 1367 1052 Moxque
1390 967 1497 1033 rebra-

330 1082 444 1147 chiatis
476 1082 610 1147 manicis
643 1083 863 1167 succinctaque
893 1088 994 1165 veste,
1028 1081 1139 1149 falcem
1175 1081 1305 1148 desiere
1334 1082 1496 1168 corripuit

331 1201 450 1263 stantes
473 1218 549 1264 vero
571 1197 708 1263 culumm
732 1198 860 1263 sinistro
883 1204 1008 1280 tenens,
1033 1216 1139 1263 secare
1160 1198 1230 1263 nise
1253 1204 1308 1264 est
1353 1196 1419 1263 Sed
1441 1198 1497 1263 mi·

330 1332 400 1378 rum
424 1311 520 1397 dictu,
545 1312 648 1379 subito
672 1314 703 1378 in
728 1318 800 1378 ectu
823 1314 903 1397 ipso,
929 1318 964 1379 ut
986 1318 1054 1379 erat
1076 1312 1211 1395 inclinis,
1235 1313 1351 1379 misera
1369 1312 1497 1395 diriguit

330 1434 364 1495 et
388 1428 480 1512 quasi
501 1430 668 1494 marmoris
691 1428 810 1512 effigies
834 1448 891 1494 nec
914 1435 1014 1495 semet
1036 1430 1137 1516 ipsam
1162 1429 1281 1512 erigere
1304 1448 1363 1495 nec
1385 1428 1496 1494 falcem

331 1564 349 1610 e
370 1564 466 1609 manu
489 1544 650 1639 dimittere
669 1545 772 1630 potnit
786 1564 845 1609 nec
860 1550 1012 1627 segetem3
1036 1544 1091 1611 sed
1107 1550 1195 1610 muta
1211 1550 1243 1611 et
1255 1544 1352 1609 nichil
1368 1544 1497 1629 loquens

330 1659 443 1726 similis
466 1660 634 1727 simulacro
657 1660 772 1744 stabat,
796 1663 918 1725 tuntum
942 1660 1067 1728 intuens
1091 1662 1247 1726 intuentes
1271 1681 1314 1726 se.
1348 1660 1496 1726 Videntes

331 1781 437 1841 antem
464 1774 575 1841 famuli
604 1774 779 1841 timuerunt
808 1775 915 1856 valde3
947 1782 979 1842 et
1007 1780 1226 1842 concurrentes
1253 1775 1497 1842 circumstabant

330 1910 411 1974 sem,
435 1892 623 1976 uspicientes
644 1897 676 1956 et
691 1891 879 1976 operientes,
903 1891 1005 1957 sinam
1021 1890 1133 1958 melius
1149 1898 1232 1957 esset
1247 1890 1404 1957 habitura.
1439 1890 1495 1957 Ro·

330 2010 408 2089 gant
430 2005 536 2088 etiam,
558 2011 595 2071 ut
617 2006 828 2073 atemeritete
845 2028 902 2073 sue
922 2007 1103 2092 resipiscat3
1127 2006 1276 2089 dicentes,
1299 2008 1414 2073 sortem
1432 2027 1496 2073 esse

329 2120 433 2187 Deum
456 2120 709 2187 christianorum.
745 2121 807 2188 Sed
830 2121 886 2187 illu
908 2120 1005 2188 nichil
1027 2123 1246 2209 respondebat
1281 2122 1409 2189 lniectis
1426 2144 1496 2207 ergo

331 2236 485 2319 menibus,
510 2236 663 2303 violenter
685 2236 773 2303 illam
796 2236 969 2321 trahentes,
992 2239 1112 2321 erigere
1132 2239 1237 2303 conati
1252 2244 1326 2304 sunt
1341 2245 1374 2305 et
1388 2238 1497 2305 falcem

331 2358 529 2438 segetemque
549 2352 588 2417 de
609 2353 754 2419 manibus
770 2358 973 2438 extorquere3
998 2354 1053 2419 sed
1071 2354 1198 2420 minime
1215 2358 1393 2439 potuerunt
1431 2354 1498 2421 su·

330 2468 386 2534 but
408 2469 491 2534 enim
515 2469 606 2553 qnasi
630 2469 728 2536 moles
750 2470 921 2537 immobilis
943 2476 1027 2537 terre
1042 2468 1147 2537 affixe„
1183 2470 1295 2537 stubi
1312 2472 1390 2536 setis
1406 2472 1498 2538 mira·

330 2583 392 2649 culi
422 2603 458 2650 ec
486 2585 625 2671 stuporis
653 2585 712 2651 hoc
739 2585 848 2652 habitu
878 2586 988 2652 infelix
1015 2586 1072 2653 ille
1100 2585 1294 2653 intuentibus
1321 2588 1500 2653 ostenderat

330 2701 454 2785 ipsique
481 2700 608 2783 famuli,
638 2701 745 2767 dolore
768 2721 806 2767 ec
828 2700 912 2769 tedio
935 2699 1054 2786 affecti,
1084 2703 1146 2766 inm
1172 2701 1259 2768 abire
1280 2701 1433 2787 illamque
1456 2703 1500 2768 di-

330 2815 457 2881 mittere
480 2815 613 2899 vellent,
641 2816 745 2884 solnta
772 2817 829 2883 illu
856 2823 986 2902 repente
1008 2818 1128 2884 comnit
1154 2825 1338 2902 euntemque
1363 2819 1499 2884 animem

330 2931 491 3014 inignem
515 2931 699 2998 Tartareum
724 2931 852 2999 efflavit.
888 2932 987 3010 Quem
1011 2933 1151 3000 levantes
1175 2933 1207 2998 in
1232 2933 1427 3000 vehiculum:
1452 2937 1500 3001 m

330 3047 477 3132 inquiunt
505 3049 629 3134 qualem
656 3051 695 3113 de
717 3072 795 3135 apro
818 3050 1017 3136 manipulum
1040 3053 1091 3116 die
1113 3053 1271 3116 dominico
1294 3065 1500 3138 reportamus.

331 3161 418 3239 Quod
442 3163 559 3229 iactum
583 3162 637 3229 ubi
660 3165 837 3249 perferente
859 3165 946 3230 fame
969 3165 1085 3251 passim
1112 3164 1273 3249 vulgatum
1298 3172 1348 3232 est
1365 3201 1408 3212 -
1430 3187 1501 3233 num

330 3277 451 3360 famuli,
475 3279 582 3345 stetim
600 3279 640 3344 ed
655 3279 820 3346 ecclesiam
835 3285 1008 3364 currentes,
1031 3279 1225 3366 baptismum
1241 3281 1415 3367 postulunt,
1440 3291 1503 3350 stu·

331 3392 398 3477 pidi
428 3413 488 3478 que
517 3395 697 3460 occiderent
725 3395 896 3462 referentes
920 3433 962 3442 -
986 3400 1018 3463 et
1047 3397 1246 3464 credentibus
1275 3397 1403 3481 quidem
1428 3397 1503 3465 fider

332 3512 425 3573 aucte
452 3515 501 3574 est
528 3530 567 3575 ex
595 3510 762 3594 miraculo,
792 3532 855 3577 non
878 3511 1042 3579 credentes
1066 3519 1187 3596 entem,
1218 3513 1300 3578 etsi
1324 3515 1381 3598 qui
1404 3514 1503 3580 adbuc

331 3622 507 3709 blasphemi
528 3632 755 3709 remanserant,
780 3626 819 3693 ed
843 3627 1032 3694 credendum
1057 3649 1096 3694 ex
1115 3647 1199 3714 penu
1214 3627 1346 3694 multute
1362 3630 1503 3698 mulieris

331 3739 448 3806 eruditi
471 3746 553 3806 sunt
588 3741 663 3807 Dies
687 3747 793 3808 autem
816 3742 991 3810 dominicus
1016 3748 1047 3809 et
1069 3743 1132 3810 alie
1154 3743 1397 3830 solempnitates
1418 3767 1504 3813 rere·

330 3855 451 3921 rectius
478 3855 638 3922 observari
666 3863 833 3943 ceperunt;
863 3880 920 3925 nos
949 3878 1072 3944 qnoque
1101 3859 1186 3945 ipsos
1215 3863 1248 3926 et
1276 3880 1405 3927 omnem
1435 3863 1504 3928 doe·

330 3973 446 4037 trinam
476 3979 632 4055 nostrum,
667 3973 816 4059 precipue
846 3980 949 4041 autem
978 3975 1179 4062 episcopum,
1210 3974 1348 4062 amplius
1377 3977 1503 4046 reveriti

329 4091 413 4152 sunt.

420 4202 472 4266 24.
502 4200 646 4287 Expletis
661 4207 767 4268 eutem
783 4202 849 4270 illic
863 4203 962 4271 ferme
978 4207 1207 4292 quinquaginta
1223 4207 1346 4292 diebus,
1368 4211 1502 4296 eccepfis

330 4315 450 4382 educe
472 4314 585 4399 legetis
608 4322 640 4382 et
660 4317 913 4402 conductoribus,
937 4320 977 4386 dc
999 4321 1069 4407 ipso
1094 4320 1315 4407 lemuribus,
1339 4323 1501 4391 oomizlac

328 4429 475 4496 videlicet
503 4437 536 4497 et
560 4429 625 4496 filio
652 4433 735 4515 eius,
763 4434 841 4500 viris
870 4434 1047 4518 honoretis,
1077 4455 1135 4522 per
1161 4436 1249 4504 lacus
1273 4443 1307 4506 et
1330 4441 1500 4508 refusiones
