3142 4850
330 346 453 394 neonus
478 346 556 393 vrrs
580 346 737 396 omovre.
773 348 838 394 me.
855 346 894 395 111
915 344 1021 395 20-22
1197 329 1260 394 681

96 528 207 572 mmai.
244 506 349 592 Erpa,
372 508 404 571 ei
424 508 599 573 coarcaltam
619 508 708 573 vobio
731 529 795 573 ecca
817 510 948 593 capitib,
973 511 1026 572 oia
1049 508 1351 592 pincenariorum

96 623 277 706 qcmatocicc
298 625 501 687 revertimini.

182 735 235 799 21.
271 733 324 801 Sic
344 736 442 818 igitur
463 742 544 802 nutu
557 735 619 802 Dei
640 741 766 803 cmsata
789 742 838 803 est
859 738 968 821 iniqua
990 734 1135 819 sacrilegi
1157 736 1263 820 ponti·

94 849 159 916 ficis
182 848 383 915 machinatio.
488 851 532 916 Et
559 870 668 917 servus
691 851 822 918 Domini
844 852 952 917 urbem
976 851 1073 935 Iulin,
1102 850 1264 916 duduma
1319 940 1322 946 Α

96 984 129 1030 so
150 971 234 1030 recte
255 963 329 1030 fidei
343 966 550 1032 sacramentis
565 966 738 1049 iniciatam,
762 965 849 1034 adiit.
886 966 1027 1050 Cumque
1042 984 1095 1032 eos
1111 964 1262 1031 doctrinis

95 1080 212 1167 pariter
234 1087 267 1146 et
289 1081 443 1166 exemplis
467 1081 500 1145 in
522 1080 660 1147 Domino
682 1083 892 1166 confortaret,
922 1081 1036 1147 mulier
1059 1080 1192 1165 quedam
1215 1080 1263 1145 lu·

96 1196 231 1262 minibus
252 1196 364 1262 orbata
387 1197 528 1278 vestigiis
550 1198 618 1263 eius
644 1198 857 1283 provolvitur,
888 1196 1135 1264 benedictionem
1164 1194 1203 1261 ub
1227 1214 1264 1260 eo

95 1314 127 1375 et
153 1310 326 1375 remedium
355 1312 512 1377 instanter
533 1310 719 1395 efflagitans.
765 1311 855 1390 Quod
884 1312 955 1398 pius
984 1310 1058 1378 Otto
1085 1310 1265 1377 ioculariter

96 1424 288 1510 suscipiens:
323 1428 406 1492 Eece
433 1427 479 1492 ait
506 1428 635 1493 eccleaia
664 1432 767 1494 sancti
795 1429 964 1493 Adclbcrti
990 1430 1131 1493 martirii
1159 1440 1263 1513 presto

96 1552 153 1617 αις
181 1542 259 1607 illac
285 1544 413 1607 credone
436 1542 508 1607 Deo
538 1556 566 1607 et
594 1547 711 1609 sanctia
734 1546 801 1609 cias
823 1566 930 1624 crerre,
960 1556 1150 1628 toapeneqce
1179 1564 1263 1607 canr-

91 1679 213 1741 paacm
235 1659 392 1723 accidiam
412 1661 554 1723 martiris
569 1657 687 1724 Christi
707 1660 855 1745 implora.
891 1657 1041 1724 Solebant
1064 1656 1148 1723 cuim
1171 1656 1265 1723 rudus

94 1768 197 1836 adbuc
218 1771 253 1837 in
274 1770 337 1838 tide
359 1771 496 1856 barbari,
525 1792 595 1839 cum
619 1772 747 1857 aliquod
769 1773 803 1839 in
826 1774 959 1840 ecclesie
980 1772 1154 1840 remedium
1176 1770 1266 1854 flagi-

94 1885 221 1969 tabant,
250 1905 402 1972 campcne
425 1907 554 1970 sonum,
583 1888 673 1972 quasi
695 1895 821 1955 sanctos
850 1909 907 1974 per
934 1888 994 1954 boc
1016 1888 1056 1953 ad
1079 1887 1265 1954 subvenien-

94 1999 169 2066 dum
193 2002 378 2086 excitantes,
403 2022 537 2069 movere.
572 2002 662 2080 Quod
684 2022 755 2071 cnm
777 2004 835 2071 illa
857 2002 1069 2090 simplicitatis
1091 2003 1266 2069 intentione

94 2116 226 2183 medens
249 2124 398 2185 exsecuto
423 2119 550 2203 fnisset,
579 2119 652 2185 ilico
679 2118 787 2185 lumen
815 2120 950 2205 recepit;
980 2126 1012 2186 et
1041 2118 1172 2184 exiliens
1195 2136 1266 2184 cum

94 2232 227 2315 madio,
256 2233 297 2300 ad
319 2254 445 2301 servum
469 2233 529 2301 Dei
551 2254 712 2318 regressa,
739 2254 799 2320 pro
828 2236 964 2302 sanitate
991 2240 1119 2320 recepta
1147 2234 1265 2317 gratiae

94 2348 160 2431 egit
180 2348 352 2415 inmensus.
389 2348 449 2415 cni
471 2348 540 2415 ille:
564 2351 641 2416 Noa
669 2352 767 2415 michi
788 2350 898 2438 'inquit
918 2354 973 2417 ced
995 2352 1065 2416 Deo
1096 2364 1124 2416 ct
1150 2353 1266 2417 coactio

95 2468 160 2530 ciac
181 2470 307 2550 pratici
329 2487 405 2552 aper
428 2479 457 2531 et
478 2470 513 2531 ia
528 2467 606 2550 fide,
630 2489 727 2552 qaam
742 2469 893 2547 didicisti,
918 2489 1016 2553 acque
1030 2470 1065 2531 ire
1079 2469 1179 2551 finem
1192 2489 1265 2553 per·

94 2602 238 2646 emerere
258 2603 323 2645 noa
345 2583 480 2646 deciam.
570 2579 647 2646 Post
668 2579 727 2647 bec
749 2581 840 2646 miles
864 2582 1002 2666 quidum,
1026 2581 1144 2648 habens
1166 2579 1267 2646 filium
1295 2664 1301 2676 .

93 2693 280 2779 lunaticum,
309 2715 400 2761 servo
423 2694 484 2761 Dei
507 2715 579 2762 eum
602 2696 751 2777 adduxit3
781 2696 876 2764 boves
900 2701 1045 2782 quotuor,
1074 2701 1110 2762 ut
1137 2697 1266 2762 sanitati

94 2830 228 2896 puerum
245 2812 436 2895 restitueret,
459 2810 583 2877 obtulit.
614 2809 684 2896 Qui,
703 2811 891 2878 humilitatis
907 2811 1011 2894 gratio
1025 2811 1082 2877 hec
1096 2811 1265 2895 refugiens,

86 2927 155 3015 aa:
190 2927 307 3008 Erras,
331 2929 433 3009 bomo,
456 2951 521 2992 aon
543 2941 588 2992 cet
609 2929 667 2992 boc
688 2949 808 3006 meumr
831 2931 886 2994 ced
906 2951 1001 3015 perpe
1024 2931 1067 2993 ad
1089 2929 1265 3008 tentorium,

94 3044 151 3108 obs·
183 3043 338 3128 reliqaiac
369 3055 550 3109 sanctorum
576 3045 698 3129 pocimo
727 3044 840 3124 tabeo,
874 3045 981 3130 ibique
1002 3043 1073 3110 Deo
1102 3057 1130 3109 et
1151 3045 1268 3110 coactio

95 3162 161 3224 ciac
183 3171 260 3225 vota
282 3171 338 3224 tac
358 3181 419 3245 pro
434 3160 507 3241 filio
523 3159 668 3223 credulae
691 3160 778 3244 offer,
802 3163 969 3246 etatlmque
990 3159 1112 3225 calcum
1126 3181 1196 3224 eum
1217 3181 1268 3224 re·

94 3277 205 3361 capies.
249 3272 310 3350 Qui
331 3291 467 3359 pergens
490 3291 560 3339 cum
589 3293 686 3359 puero
707 3274 801 3356 iecit,
830 3279 866 3340 ut
887 3274 996 3342 doctus
1019 3281 1103 3355 erut;
1132 3293 1269 3359 moxque

93 3386 195 3458 filium
219 3387 410 3454 incolumem
433 3389 501 3454 viro
524 3387 585 3455 Dei
607 3389 857 3472 gratulabundus
880 3390 1118 3476 representavit.

185 3505 242 3570 22.
277 3503 405 3570 Accidit
425 3509 499 3590 poet
520 3503 579 3570 bec
601 3504 634 3570 in
656 3504 737 3571 testo
761 3504 844 3570 beati
860 3504 1038 3589 Laurencii,
1061 3511 1098 3571 ut
1113 3505 1270 3590 presbiter
1285 3533 1343 3589 nug.
1354 3531 1383 3576 10

95 3619 228 3704 quidam
252 3639 291 3686 cx
314 3620 465 3684 comitatu
487 3620 533 3704 pii
557 3618 682 3686 Ottouis
704 3620 832 3686 nomine
847 3619 1007 3686 Bookeus⁰
1031 3621 1204 3708 preteriens
1223 3620 1270 3685 vi·

96 3735 187 3802 deret
209 3735 347 3801 rusticos
368 3733 402 3800 in
426 3754 501 3817 egro
523 3735 683 3802 frumenta
704 3740 869 3802 metentes.
909 3735 993 3814 Quos
1021 3736 1162 3802 modeste
1185 3747 1270 3801 corn·

95 3851 223 3937 pescuit
245 3849 368 3917 dicens:
392 3852 516 3932 Mirm,
541 3853 621 3936 quid
643 3852 760 3937 apitc‘c?
788 3851 893 3916 Hodie
909 3851 1026 3916 autolio
1042 3851 1108 3916 dice
1132 3865 1175 3917 eet
1197 3852 1270 3917 bea-

95 3969 214 4034 metui
236 3970 378 4032 urortirio
393 3967 575 4047 Luurmcii,
601 3970 659 4053 pai
679 3970 777 4032 coctae
802 3967 925 4031 eccleeie
940 3989 1061 4032 summa
1076 3969 1272 4032 veneratione

97 4085 290 4158 celebratam
324 4095 353 4149 ct
380 4105 436 4147 oce
470 4083 611 4167 infelices
645 4083 727 4147 bunc
754 4082 875 4147 violare
905 4085 1094 4169 precamits'c.
1135 4081 1180 4147 At
1206 4079 1270 4146 illi:

96 4199 174 4264 Non
197 4197 348 4282 inquiunt
370 4201 457 4263 omni
478 4211 615 4284 tenrpore
628 4199 805 4263 cabatizare
826 4220 992 4285 pessumae
998 4223 1009 4276 ‚-
1033 4200 1158 4284 etpedit
1180 4200 1272 4264 mom

95 4316 278 4380 aeceeoaria
292 4313 436 4381 censione
457 4317 574 4380 caetrae
592 4315 767 4399 aliquando
789 4315 964 4400 procidere.
1002 4311 1145 4379 Bockeus
1168 4319 1273 4379 autem

170 4468 192 4500 a.
216 4451 309 4499 Bokana
325 4455 355 4499 Ε.
