3142 4850
377 334 566 383 nsnsnonsn
588 334 870 384 nnunnnesnsns.
905 334 922 383 o
1172 318 1235 385 501

77 494 210 561 stedierit
232 514 251 559 s
274 492 481 561 Hildebrendi
505 495 636 579 eiusque
658 494 816 561 fautorum
840 495 975 562 insidiis.
1017 495 1130 561 Adhuc
1153 498 1405 567 erinnem.-

75 613 137 696 ipso
150 611 249 677 invito
264 630 442 693 regnamus.
477 609 521 677 Et
535 610 668 676 militem
684 616 828 676 nostrum
839 606 855 695 ¹,
876 631 968 696 quem
984 613 1052 697 ipse
1075 612 1236 697 periurum
1268 586 1335 638 ¹⁰⁸²
1353 585 1389 637 ³¹¹·

75 746 240 813 supernos
263 745 369 808 regem
393 724 561 808 ordinavit,
584 726 740 792 destruxit
763 722 945 792 Dominus¹.

154 841 312 925 Regnmm
336 861 410 925 ergo
426 860 482 906 vos
504 860 561 927 pro
577 841 649 925 tide,
673 862 767 927 quom
794 862 852 906 nvo
876 846 908 908 et
930 843 1014 927 patri
1030 849 1137 909 uestro
1153 842 1238 909 Hen-

74 958 133 1023 n'co
159 957 403 1044 imperatoribus
429 958 581 1023 servastis
615 963 648 1024 et
674 958 765 1024 nobis
794 976 920 1024 servare
948 957 1070 1025 dehetis
1098 964 1130 1025 et
1159 958 1238 1025 bene

73 1092 164 1157 usque
179 1073 220 1139 ed
231 1072 479 1139 Hildehreudum
495 1074 662 1140 servastis:
684 1080 721 1139 ut
734 1079 902 1160 pnternnm
917 1074 1068 1141 honorem
1084 1081 1237 1159 nostrum,

72 1188 155 1255 uobis
184 1208 204 1253 s
229 1188 319 1255 vohis
347 1188 567 1254 transmissum
603 1210 661 1275 per
688 1191 789 1274 petris
819 1184 975 1273 menum³,
1010 1211 1072 1256 non
1101 1194 1236 1276 negetis3

72 1310 137 1387 eut,
163 1304 192 1369 si
218 1323 334 1387 negare
357 1304 476 1386 vetitis,
507 1324 563 1370 our
585 1306 706 1387 negetis
729 1306 857 1385 diontis3
889 1324 959 1371 oum
989 1308 1092 1393 parati
1121 1300 1235 1375 eimusi

71 1439 189 1486 omnem
219 1420 372 1485 iustitium
401 1421 491 1486 vobis
518 1420 637 1505 faeere,
670 1441 796 1487 omnem
826 1421 976 1488 honorem
1006 1429 1114 1490 ennete
1143 1424 1237 1490 Petro

70 1556 192 1602 seruare
208 1541 240 1602 et
254 1535 411 1621 quoslibet
425 1542 640 1622 promerentes
654 1557 867 1604 remunerere.
903 1538 974 1603 Nou
991 1541 1132 1607 venimus
1149 1540 1236 1606 vobis

68 1672 243 1737 repugnare
265 1653 319 1719 sed
342 1672 399 1719 uos
422 1653 644 1738 impugnantes
665 1654 863 1739 impugnare.

152 1768 259 1835 Nolite
282 1767 400 1835 diutius
422 1766 585 1849 ecelesiam
610 1789 668 1854 per
690 1768 939 1835 Hildehrendnm
963 1770 1156 1857 opprimere,
1180 1792 1237 1838 no·

68 1882 121 1950 lite
134 1890 246 1951 eonius
259 1882 412 1950 iustitium
429 1904 535 1951 seeum
556 1904 707 1971 pugnare.
742 1884 816 1951 Fiet
837 1885 990 1951 discussio
1012 1886 1046 1951 in
1067 1893 1237 1973 conspeetu

68 1999 224 2081 ecelesiae.
257 1998 291 2067 Si
314 2000 431 2067 iustum
454 2000 512 2083 sit,
535 2004 572 2065 ut
594 2000 802 2086 apostolieum
826 2021 897 2067 eum
922 2000 1079 2086 habentis,
1102 2007 1138 2068 ut
1160 2024 1237 2089 upo-

67 2116 209 2183 stolioum
234 2116 402 2183 defendite.
444 2115 487 2181 Ut
508 2116 611 2182 iurem
634 2122 666 2183 et
687 2116 826 2183 latebras
855 2124 1038 2203 querentem
1063 2119 1160 2186 nolite
1184 2118 1237 2185 de·

66 2230 201 2299 tendere.
243 2230 325 2310 Quid
348 2238 397 2299 est
418 2251 476 2317 per
498 2231 672 2317 potentium
697 2233 843 2299 emittere
867 2234 1040 2300 iustitium?
1077 2234 1237 2321 Numquid

66 2346 135 2413 ideo
158 2348 228 2415 vult
250 2368 320 2415 esse
341 2349 499 2432 iniustior,
523 2348 598 2434 quie
620 2348 807 2415 sublimior?

150 2465 240 2532 Heee
262 2466 346 2531 enim
369 2471 444 2531 sunt
467 2465 563 2533 verbs
587 2465 671 2532 eius:
703 2486 737 2532 se
761 2485 779 2531 s
803 2467 928 2533 nemine
945 2441 1090 2534 'iudicari
1113 2467 1236 2535 dehere.

64 2579 106 2645 Et
126 2589 176 2647 est
198 2601 258 2648 sue
286 2580 459 2665 sententis,
490 2582 579 2666 qussi
610 2581 709 2648 diest:
742 2583 903 2669 Quicquid
929 2583 1017 2664 libet,
1048 2584 1127 2649 licet.
1175 2583 1238 2650 Sed

65 2694 139 2764 hese
160 2717 228 2762 non
252 2702 300 2764 est
314 2697 432 2763 Christi
455 2697 575 2780 reguis,
599 2697 652 2763 uhi
677 2697 807 2763 dieitur:
835 2699 1017 2780 Quimoior
1032 2713 1077 2764 ost
1092 2713 1236 2782 oestrum,

66 2817 122 2880 est
141 2827 245 2882 uester
266 2809 401 2880 seroue‘.

149 2930 305 3014 Ideoque,
334 2930 387 3014 qui
416 2949 452 2996 se
478 2953 601 2995 serenos
623 2951 784 2996 semorum
807 2929 874 2995 Det
899 2929 1058 3014 nominat,
1085 2929 1237 2996 iniustum

66 3048 120 3130 est,
142 3052 180 3113 ut
203 3065 314 3112 seruos
336 3044 397 3112 Dei
421 3065 478 3132 per
501 3046 676 3131 potentiam
700 3045 869 3131 opprimet.
911 3044 982 3112 Non
1009 3045 1126 3132 pudent
1148 3045 1237 3112 illum

65 3179 118 3244 pro
150 3162 314 3228 communi
344 3162 485 3228 omnium
514 3159 654 3227 fidelium
683 3162 853 3227 auferendo
884 3161 1032 3227 scandalo
1061 3161 1236 3246 humiliari3

66 3295 194 3360 quorum
220 3276 381 3343 communi
404 3277 582 3359 obedientie
604 3277 697 3344 debet
719 3277 863 3343 exultari.

150 3394 221 3477 Qui
242 3398 325 3459 enim
346 3395 611 3460 scandalizaverit
633 3393 737 3477 inquit
751 3392 907 3458 Dominus
930 3418 1028 3460 unum
1045 3397 1083 3461 do
1097 3397 1235 3482 persidis,

66 3514 174 3594 quiin
197 3533 250 3576 me
264 3513 404 3590 credunt,
429 3512 554 3596 expedit
576 3512 614 3589 ei,
639 3522 674 3575 ut
694 3511 908 3596 suspendatur
930 3512 1016 3576 mola
1037 3513 1180 3576 aunario
1203 3515 1238 3576 in

65 3627 138 3693 colle
160 3621 257 3693 εἰμι’.
292 3624 375 3692 Eeee
397 3623 504 3710 pusilli
527 3625 689 3707 et,mngni
712 3625 751 3691 de
775 3626 843 3692 eius
866 3626 1015 3692 semesis
1037 3624 1176 3690 elumant
1196 3630 1237 3708 et,

65 3747 98 3806 ut
118 3743 284 3810 suferetur
306 3740 347 3808 sb
369 3742 425 3825 eis,
448 3746 570 3824 rogent

150 3858 271 3925 Veniet
293 3876 368 3942 erge
390 3857 577 3943 intrepidus.
617 3855 652 3922 Si
674 3876 756 3944 pure
778 3860 826 3924 est
849 3858 916 3923 eius
942 3857 1147 3940 conscientie,
1177 3856 1238 3921 uti-

66 3992 122 4056 que
148 3973 303 4058 gaudebit
329 3973 361 4038 in
391 3973 529 4038 omnium
559 3973 754 4059 praesentim
783 3973 872 4057 quin,
902 3973 1053 4038 convictis
1082 3970 1237 4054 omnibus,

66 4089 121 4155 sihi
145 4091 209 4156 erit
224 4088 335 4172 gloria.
372 4088 483 4155 Certus
500 4089 556 4155 sit:
582 4090 656 4175 quin
670 4088 791 4155 nullum
808 4089 892 4154 vitae
907 4087 1035 4154 hebebit
1051 4087 1236 4174 perieulum,

66 4205 188 4272 etiamsi
212 4209 318 4271 vestro
341 4204 457 4271 iudicio
481 4210 513 4272 et
535 4225 690 4274 ennouum
717 4205 904 4273 austeritate
930 4203 1051 4291 privari
1074 4203 1167 4270 dehet
1188 4204 1238 4268 in-

134 4365 158 4420 1.
177 4361 338 4432 Rudoiium‚
355 4361 454 4418 ducem
472 4361 599 4418 Suevise.
672 4363 697 4418 2.
717 4363 788 4418 1080
805 4363 865 4419 Oet.
881 4363 921 4418 15.
994 4362 1020 4417 3.
1043 4361 1119 4416 Haeo
1136 4361 1172 4415 ud
1190 4377 1237 4416 en·

67 4467 128 4507 unm
147 4452 221 4508 1055
240 4456 364 4522 speoture
382 4451 476 4521 liquet.
548 4451 574 4506 1.
594 4450 637 4508 cf.
652 4451 805 4523 unusne,
824 4451 924 4508 26221.
996 4451 1022 4506 5.
1041 4449 1136 4506 Metth.
1150 4451 1192 4520 18,
1211 4453 1237 4506 6.
