3142 4850
364 308 488 357 seems
509 310 589 357 vrrs
612 309 770 357 eunome.
806 310 871 357 urs.
888 310 926 357 ιιι
948 306 983 359 uc
1196 292 1261 359 689

95 465 237 532 dicentis:
278 466 378 549 Quem
411 469 518 555 dilicit
545 470 720 550 Dominus,
757 464 923 556 oocuipiffl,
965 474 998 535 ei
1029 470 1062 534 in
1097 467 1159 534 alio
1193 469 1351 539 10001139

93 580 193 665 ipsum
216 579 387 647 Dominum
410 582 605 668 loquentem:
640 586 711 671 Eoo
735 606 814 671 quos
837 608 925 665 amo,
950 606 1050 671 oryuo
1074 599 1113 650 et·
1126 579 1261 671 coucy&

94 730 133 741 -
155 696 275 779 gratias
303 696 417 779 agebat
443 699 478 764 in
505 698 743 766 infirmitatibus
770 695 867 783 suis⁸,
902 718 1071 785 regemque
1098 698 1198 783 glorie
1228 701 1261 766 in

93 810 201 877 decom
223 832 281 877 sno
303 809 427 879 videre⁴
449 813 648 898 desiderans,
676 816 796 881 exitum
821 836 913 881 suum
937 814 1004 881 Deo
1028 834 1065 881 ac
1087 814 1178 883 beato
1201 814 1261 881 Mi-

93 924 189 991 chaeli
212 933 383 1012 sanctoque
405 929 537 995 Iohanni
560 929 719 1016 apostolo,
749 951 827 1015 quos
851 930 1003 1016 speciales
1027 930 1086 997 sibi
1110 936 1260 1016 patronos

93 1039 237 1139 elegerat,
252 1044 433 1110 cottidianis
450 1045 596 1131 suspiriis
612 1046 767 1113 attencius
782 1046 1032 1113 commendabat
1124 1046 1259 1113 Tantum

91 1176 163 1222 vero
184 1155 292 1225 lumen
314 1159 444 1226 ecclesie
468 1160 541 1225 dum
566 1160 753 1227 infirmando
777 1162 939 1227 obscurari
962 1162 1112 1248 cepisset,
1143 1160 1261 1227 Christi

90 1270 247 1358 fidelibus,
282 1275 369 1341 omui
399 1280 542 1362 tempore
570 1274 752 1342 dulcissimo
780 1276 848 1341 eius
880 1275 992 1344 affectu
1021 1284 1053 1343 ot
1082 1276 1261 1364 provisione

92 1389 252 1473 enutritis,
288 1390 531 1458 inestimabilem
563 1392 696 1459 meroris
731 1390 885 1478 fletusque
918 1392 1086 1475 caliginem
1118 1392 1260 1460 obduxit.

91 1502 150 1570 Sed
172 1504 246 1591 pius
268 1511 359 1590 pater
381 1505 516 1574 filiorum
541 1506 706 1591 lacrimas,
730 1514 883 1591 qnantum
907 1512 1046 1594 poterat,
1070 1507 1260 1574 consolando

90 1620 240 1703 tergebat
274 1620 438 1707 Tantaque
458 1623 575 1689 uirtute
599 1627 686 1689 artos
709 1623 819 1689 morbo
842 1622 1024 1691 fatiscentes
1046 1622 1173 1709 spiritui
1195 1643 1260 1690 scr-

89 1735 154 1802 vire
175 1736 327 1821 cogebat,
340 1741 386 1820 ut,
410 1743 544 1824 exceptu
565 1737 768 1805 dormicionis
791 1758 846 1805 sue
862 1738 923 1822 die,
947 1759 1010 1805 non
1033 1740 1113 1805 lecto
1134 1737 1261 1807 decum-

89 1850 189 1934 beret3
220 1853 276 1919 sed
298 1853 428 1919 cottidie
451 1853 583 1921 insede
610 1874 669 1920 sua
691 1853 848 1935 residens,
878 1852 1036 1921 interdum
1060 1873 1183 1939 quoque
1206 1853 1261 1921 ba-

88 1966 156 2034 culo
171 1973 371 2036 sustentante
384 1968 569 2054 procedens,
592 1969 724 2056 psalmis
744 1974 777 2035 et
792 1967 987 2035 orationibus
1002 1974 1138 2053 vacaret,
1163 1970 1261 2054 quod-

89 2101 147 2165 que
167 2102 278 2149 rarum
301 2088 359 2169 est,
383 2085 477 2151 etiam
501 2084 571 2152 oleo
592 2083 791 2151 infirmorum
812 2102 876 2151 uon
899 2084 1029 2153 iacendo
1045 2085 1101 2153 sed
1124 2083 1260 2151 sedendo

87 2205 325 2283 perungeretur.

173 2314 374 2383 Adveniente
396 2315 493 2399 igitur
514 2315 686 2382 festivitate
708 2314 923 2383 sacratissima
946 2315 1158 2401 apostolorum
1174 2315 1261 2383 Petri
1278 2338 1368 2385 neae

87 2434 118 2495 et
139 2429 247 2515 Pauli,
271 2451 402 2499 cernens
426 2431 510 2498 diem
533 2431 707 2499 vocationis
729 2433 863 2515 instare,
887 2431 1102 2516 Egilbertum,
1131 2432 1260 2499 maioris

86 2545 217 2614 ecclesie
239 2548 408 2631 decanum,
432 2550 484 2634 qui
509 2548 538 2614 ei
561 2547 593 2612 in
618 2549 802 2635 episcopatu
825 2544 1002 2630 successit⁵‚
1034 2553 1152 2614 evocat.
1191 2548 1260 2632 (lui,

86 2663 263 2730 astantibus
279 2664 434 2748 religiosis
450 2663 617 2729 abbatibus
635 2669 667 2730 et
689 2661 883 2749 presbiteris,
907 2662 1015 2729 omnia
1029 2683 1087 2728 sua
1101 2682 1260 2731 commen·

84 2776 174 2844 davit
200 2779 324 2845 dicens:
361 2780 465 2845 Hodie
492 2781 663 2846 natalicius
691 2782 759 2845 dies
794 2792 838 2845 est
866 2781 989 2845 domini
1014 2783 1077 2844 mei
1101 2783 1259 2866 pmnoipis

84 2895 301 2980 apostolorum
323 2897 416 2961 Petri
442 2909 471 2961 et
493 2897 607 2976 Pauli,
638 2899 704 2976 cui,
735 2917 844 2981 queso,
874 2917 923 2959 rus
947 2919 968 2959 u
990 2895 1061 2960 Deo
1084 2895 1182 2959 inubi
1202 2896 1259 2960 do-

83 3023 177 3076 natus
200 3011 317 3096 offerte,
342 3024 377 3077 ut
399 3015 467 3097 ipsu
489 3011 586 3076 osicbi
606 3014 738 3076 muuom
759 3014 853 3097 requi
867 3011 984 3076 celestis
1000 3013 1125 3096 aperire
1147 3023 1176 3076 sl
1190 3033 1260 3075 oum

25 3173 28 3177 .
83 3126 205 3212 colloca
227 3149 295 3207 suo,
319 3131 471 3213 moysstro
492 3130 633 3213 ossuum
647 3126 764 3208 Paulo,
789 3149 838 3192 ms
853 3127 930 3192 illuc
946 3129 1133 3211 quantocius
1148 3127 1259 3211 dique-

82 3252 135 3305 tur
156 3243 366 3308 introducere.
406 3243 527 3308 Locum
548 3245 751 3329 requietionis
773 3263 854 3322 mee,
878 3254 1013 3307 monum
1035 3242 1177 3308 uidelicet
1196 3265 1258 3328 pc·

82 3361 170 3423 coni
190 3361 257 3422 mei
276 3359 361 3424 beati
382 3359 549 3424 Michaelis
572 3358 764 3444 arclanqcli,
794 3359 889 3443 quusi
909 3360 1030 3424 cucero
1052 3380 1131 3438 mec,
1152 3357 1261 3442 fooetc

82 3483 110 3537 ct
131 3485 200 3538 tum
221 3477 258 3538 iu
280 3474 501 3559 spiritualibus
524 3495 621 3559 quam
643 3476 736 3539 mam
759 3473 984 3560 temporalibus
1013 3473 1172 3558 praefectui
1194 3476 1259 3538 ures

80 3591 115 3652 iu
137 3589 385 3655 consolationem
407 3591 597 3654 animemus
619 3591 807 3654 omnimodis
834 3588 1007 3672 iooiyilots.
1045 3587 1142 3654 Scitis
1166 3591 1257 3669 cuim,

81 3727 178 3790 pam
202 3708 353 3790 uniquus·
376 3717 405 3770 el
427 3707 527 3771 tenuas
552 3707 698 3790 omnique
718 3707 890 3770 monastice
903 3702 1067 3787 relsyicmis
1083 3707 1190 3789 oiqorc
1205 3705 1259 3769 de·

80 3824 208 3886 είίιιιιιιε
232 3821 284 3885 bic
307 3821 393 3886 locus
415 3844 436 3884 c
457 3843 507 3884 ms
528 3823 570 3886 sit
591 3822 744 3902 iuuencos,
768 3832 798 3886 et
812 3821 969 3904 quomodo
988 3831 1173 3904 cooperante
1188 3820 1259 3884 Deo

75 3957 137 4020 per
158 3938 372 4002 ministerium
393 3957 497 4001 mcum
518 3937 563 4001 cd
584 3947 705 4001 tontum
727 3934 906 4021 spiritualis
929 3935 991 3998 aits
1007 3934 1127 3999 culmen
1149 3935 1258 4020 prcu‘e·

80 4054 166 4131 cerat,
191 4065 230 4118 ut
244 4052 404 4138 epscaslum
419 4063 448 4118 ct
462 4073 586 4137 cemma
608 4053 748 4117 onmium
769 4053 805 4116 in
828 4049 886 4115 lunc
902 4052 1028 4136 recisus
1051 4051 1258 4115 monasterio·

152 4243 174 4275 ι.
200 4227 290 4284 exiguis
309 4225 332 4275 0.

150 4326 177 4378 1.
196 4323 375 4392 Prov.3,12.
519 4323 544 4377 2.
563 4321 651 4391 spos.
664 4322 690 4390 3,
706 4321 747 4375 19.
888 4321 913 4375 3.
938 4317 980 4376 Oi.
999 4321 1016 4374 2
1035 4317 1155 4375 Corinth.
1170 4319 1212 4390 12,
1231 4319 1256 4374 9.

78 4411 104 4466 t
122 4412 188 4468 lsai.
201 4413 249 4481 au,
264 4413 306 4466 l‘l.
465 4409 493 4464 5.
513 4409 703 4465 llus-1146.

121 4507 206 4559 rurs.
222 4509 369 4554 assuente-
378 4509 407 4550 v.
1010 4497 1045 4552 44
