3142 4850
191 500 260 553 noa

150 571 214 619 Febr.
223 595 243 603 -
251 571 291 616 lun

315 308 380 372 206
709 319 874 370 uniemur
897 319 1024 368 eonux.
1062 315 1113 367 113

315 481 479 566 batillos,
503 481 557 565 qui
580 480 661 546 vicio
684 500 742 545 suo
763 479 844 545 tales
868 483 973 562 erant,
1000 481 1037 542 ut
1059 497 1116 562 per
1139 495 1192 540 eos
1214 472 1300 539 mala
1321 470 1415 536 malis
1434 471 1482 534 in·

294 605 299 616 '
313 599 419 663 ferret
500 595 588 662 Dicit
601 594 687 660 Deus
709 615 768 681 per
782 595 986 681 prophetam:
1009 593 1130 658 Vocabo
1146 591 1186 656 ab
1202 589 1350 674 aquilum
1363 608 1484 652 seuam

313 735 415 778 meum
421 713 723 791 Nabuchodonosor,
737 711 912 796 quifaciat
926 731 1046 774 omnem
1057 707 1245 773 uoluntatem
1254 726 1366 768 mearm
1386 700 1483 778 Quam

312 828 524 909 voluntatem,
548 824 610 891 nisi
632 829 669 890 ut
690 830 856 911 peccantes
879 821 1094 908 disperderet?
1130 819 1222 885 Hune
1244 837 1372 885 servum
1395 835 1484 882 suum

313 942 400 1008 Deus
428 961 487 1028 pre
517 941 630 1006 merito
659 939 734 1005 talis
764 939 925 1006 servitutis
953 939 988 1003 in
1015 937 1125 1003 bovem
1154 933 1318 1001 convertit
1411 931 1485 998 Pec-

314 1058 399 1122 eanti
421 1055 525 1122 David
554 1057 600 1121 uit
621 1054 723 1121 Deus:
752 1057 835 1121 Ecce
863 1077 918 1140 epo
946 1056 1097 1118 inducam
1123 1051 1240 1115 malam
1268 1071 1365 1136 super
1393 1061 1422 1114 tc
1450 1049 1487 1112 dc
1560 1137 1562 1146 A

314 1175 407 1238 domo
430 1185 485 1237 raa
493 1167 511 1234 ¹.
546 1170 615 1236 Hoc
628 1170 748 1236 malum
771 1175 921 1236 executus
935 1167 1088 1250 Absalou,
1110 1166 1218 1250 fugate
1241 1170 1332 1251 patre
1348 1183 1417 1246 sue,
1440 1163 1487 1226 in-

314 1288 398 1354 vasit
419 1285 599 1352 Ierusalem.
642 1285 801 1370 Numquid
824 1305 882 1370 per
904 1284 963 1350 hoe
988 1283 1106 1349 meruit
1126 1281 1274 1347 celestem
1296 1277 1487 1344 Ierusalem?

315 1400 376 1468 Per
397 1401 528 1467 Yseiam
556 1401 633 1467 dicit
659 1399 763 1467 Dens:
801 1401 843 1466 Vc
872 1401 991 1480 Auem,
1022 1403 1114 1484 eirpa
1143 1411 1171 1462 ct
1202 1396 1331 1461 baculus
1357 1396 1487 1478 fiarent

314 1522 378 1582 mei
402 1522 485 1603 ipae,
515 1521 550 1583 irc
576 1540 676 1583 morra
704 1521 770 1582 eim
798 1519 976 1601 iudr'pmam'o
1004 1537 1090 1590 mea3
1119 1515 1163 1577 ad
1191 1523 1312 1598 perstem
1330 1511 1488 1595 fallacem
1561 1537 1562 1542 ¹

314 1636 437 1698 mittam
450 1633 542 1697 illum
565 1647 593 1698 et
607 1636 652 1697 acl
663 1632 819 1719 populum
831 1632 961 1716 furoris
976 1631 1039 1694 mei
1051 1627 1207 1694 mandabo
1225 1627 1285 1707 illi,
1309 1639 1345 1690 ut
1363 1626 1489 1709 auferat

314 1751 470 1834 praedam
493 1761 521 1812 et
542 1751 677 1833 diripiat
698 1741 819 1833 spolia'
843 1744 1027 1828 etreliqua.
1070 1743 1134 1810 Gur
1156 1741 1242 1808 Deus
1264 1741 1419 1806 intentat:
1450 1739 1491 1804 Vc

316 1864 430 1943 Aeser,
455 1862 509 1945 qui
531 1862 625 1944 mala,
649 1882 729 1946 quae
751 1861 836 1945 feeit,
864 1881 900 1926 eo
922 1859 1094 1925 mandante
1114 1857 1209 1924 feeit?
1304 1859 1349 1922 Ve
1370 1858 1490 1922 mundo

315 1979 355 2042 ao
383 1978 543 2042 scandalis
571 1976 649 2042 dicit
670 1975 773 2059 Dens3
802 2001 923 2042 meceeee
952 1989 1010 2055 cet,
1043 1989 1078 2039 ut
1098 1977 1226 2039 emieat
1253 1973 1430 2048 scandula5
1458 1994 1492 2035 ee

314 2106 418 2157 tamur
440 2091 577 2156 homiui·
598 2093 659 2173 illi,
682 2115 741 2180 per
763 2115 855 2179 quem
876 2092 1061 2157 scandalum
1082 2083 1192 2154 cenic'.
1222 2087 1291 2154 Hoo
1313 2085 1491 2151 ieronimus

315 2207 362 2272 sio
390 2207 534 2290 exponit:
565 2206 643 2272 (hcm
671 2231 792 2274 meceme
821 2211 946 2294 quiderm
968 2209 1024 2285 eit,
1054 2219 1091 2271 ut
1112 2209 1238 2270 ueniam
1259 2201 1434 2281 scaudala,
1458 2223 1493 2264 ne

315 2335 418 2387 tamen
440 2323 575 2403 homiui,
600 2326 671 2408 qui,
697 2327 782 2409 quod
803 2346 924 2389 aeceaee
947 2320 1010 2387 est*
1033 2333 1068 2386 ut
1090 2325 1142 2386 im
1165 2321 1281 2384 muodo
1302 2319 1378 2402 fiai,
1403 2320 1493 2403 sarit

315 2460 372 2504 ruo
394 2442 487 2518 vicio,
510 2452 547 2503 ut
565 2461 625 2524 per
645 2462 678 2504 ce
695 2436 803 2523 Μ’.

405 2552 487 2631 Quid
501 2553 610 2618 multis
625 2554 725 2638 opus?
758 2553 841 2620 Eece
865 2576 984 2641 opera
1005 2557 1133 2618 iuriae
1154 2553 1348 2629 miliciae,
1374 2549 1492 2633 quibus

315 2673 407 2755 pater
427 2668 538 2752 lilium,
562 2688 647 2755 papa
664 2669 808 2737 caelestis
832 2670 916 2753 regis
938 2668 1071 2734 militem
1093 2666 1206 2749 inbuit,
1230 2686 1287 2752 per
1310 2685 1370 2750 que
1387 2664 1494 2750 pessit

316 2786 551 2852 contendere
572 2787 621 2850 ad
646 2788 853 2851 caelestem
876 2786 1108 2850 Ierusalem:
1133 2780 1344 2867 impugnando
1369 2780 1495 2846 scilieet

316 2898 480 2966 eeclesiam
504 2898 574 2967 Dei.

408 3014 569 3083 Gratiae
583 3016 688 3099 inquit
707 3020 949 3103 prudentiae
963 3030 1053 3082 tuae
1067 3018 1236 3101 opimus,
1254 3014 1358 3099 quod
1371 3034 1494 3099 prae·

317 3144 467 3217 ceptum
491 3145 668 3197 nostrum
695 3136 736 3196 ia
759 3130 1034 3197 Cameracenei
1057 3132 1276 3218 parrochia
1307 3143 1495 3194 euocatus

317 3269 363 3311 or.
453 3244 561 3324 Qualis
589 3252 622 3311 et
650 3252 768 3331 quanta
797 3248 839 3312 sit
861 3247 994 3312 vestitus
1022 3250 1054 3312 et
1080 3244 1230 3311 contricio
1253 3243 1495 3311 Cameracensis

317 3360 482 3444 eeclesiae,
505 3362 576 3446 quis
599 3361 709 3429 recolit
730 3363 799 3428 sine
822 3362 949 3428 delere?
983 3361 1051 3443 Ego
1074 3360 1217 3445 quidem,
1241 3359 1307 3425 filia
1328 3358 1497 3427 Remmm

317 3476 481 3560 eeclesiae,
510 3476 715 3544 condolebam
737 3474 1017 3543 Cameracensibus
1040 3496 1098 3563 pro
1122 3474 1236 3542 affectu
1258 3476 1495 3559 germanitatis.

316 3591 520 3676 Naucrate,
544 3593 689 3659 audiens:
719 3592 776 3657 hee
800 3592 884 3658 mala
906 3593 951 3657 eis
974 3592 1084 3657 inferri
1106 3596 1275 3677 praecepto
1299 3591 1498 3677 apostolieae

318 3707 525 3790 auctoritatis,
548 3708 610 3772 iam
635 3707 771 3793 amplius
796 3707 895 3772 doleo.
931 3706 1011 3784 Quia
1032 3707 1128 3773 timeo
1153 3708 1248 3773 matri
1270 3726 1372 3788 meae,
1395 3726 1440 3771 ne
1464 3707 1497 3771 in

318 3844 387 3891 eam
410 3823 566 3891 redundet
592 3822 687 3905 illud,
716 3818 799 3907 quod
827 3822 914 3887 Deus
945 3822 1022 3887 dicit
1050 3842 1164 3906 peres
1187 3820 1316 3887 Ysaiee:
1347 3822 1407 3902 Vc,
1441 3826 1500 3908 qai

318 3942 457 4005 comdant
479 3940 558 4024 lepee
586 3941 715 4024 iniquae
722 3986 731 4019 ,
763 3952 792 4004 et
814 3938 980 4004 scribentes
1002 3916 1197 4004 intimem
1218 3941 1432 4023 scripserunt,
1464 3950 1499 4001 m

319 4058 533 4143 opprimerent
552 4057 587 4119 iu
608 4056 727 4120 iudicio
754 4076 911 4141 pauperae
941 4066 969 4119 et
995 4056 1060 4117 cim
1079 4054 1228 4139 facerent
1249 4074 1363 4118 causae
1387 4053 1498 4117 hunri-

389 4234 410 4267 ι.
433 4222 517 4280 οιιΒ.
609 4220 632 4267 b.
655 4222 733 4268 omV.
826 4235 846 4268 e.
869 4222 893 4268 in
910 4222 993 4268 ormB.
1087 4220 1110 4266 d.
1134 4220 1211 4266 venial
1226 4220 1256 4266 B.

391 4326 416 4378 1.
434 4325 532 4393 emg.
542 4326 585 4395 21,
599 4327 641 4380 21.
713 4327 739 4380 e.
758 4324 822 4380 nea
833 4326 875 4393 10,
888 4325 914 4379 5.
925 4327 951 4379 e.
1024 4320 1253 4392 3.Matrh.18,7.
1325 4322 1351 4377 r.
1371 4319 1415 4376 cf.
1431 4322 1498 4377 Hie

319 4411 427 4484 renymi
444 4416 589 4468 comment
608 4414 638 4468 in
654 4413 749 4469 lluttm
767 4414 800 4469 L.
813 4414 854 4469 111
871 4414 952 4484 e.18,
971 4410 1040 4483 Opp.
1054 4411 1258 4468 ed.Vallarsius
1272 4410 1364 4466 'LVII
1382 4410 1448 4465 138.
