3142 4850
347 283 413 348 334
731 300 900 351 unmurcr
919 301 1048 352 oonnx.
1086 299 1137 353 roo

276 479 330 534 590
347 460 444 543 beret,
468 460 495 525 si
518 461 662 526 reducis
685 462 909 528 conscientiam
932 481 997 528 non
1019 463 1160 546 haberet,
1184 483 1266 546 eum,
1294 463 1437 549 propheta
1454 467 1492 526 at-

280 553 329 600 ⁰⁰‘”
345 581 492 661 testante,
508 577 706 644 mendacium
723 583 858 644 mortem
873 579 999 644 animae
1013 575 1099 645 esse¹
1115 599 1178 645 non
1194 577 1359 645 dubitaret
1426 577 1493 655 Qua·
1562 606 1563 663 r

347 697 487 779 propter,
511 713 582 759 cum
605 691 807 779 pontificatus
829 695 1042 761 ministerium
1064 715 1127 761 non
1146 695 1249 762 solum
1270 695 1404 761 iussione
1424 694 1495 779 prin·

346 809 426 894 cipis
449 809 603 875 committi
627 808 687 875 sibi
710 829 774 876 non
796 812 955 876 recusavit
976 810 1033 877 sed
1056 811 1095 878 ab
1117 812 1189 898 ipso
1206 812 1301 877 etiam
1317 810 1495 876 commissum

346 925 407 990 sibi
430 945 499 990 esse
522 925 668 1008 asseruit,
694 926 814 991 iustum
836 932 869 992 et
890 929 1079 993 conueniens
1103 947 1172 993 esse
1193 927 1314 1011 liquido
1336 926 1496 992 munitatu

346 1041 393 1105 vit
415 1045 447 1106 et
469 1041 603 1126 posteris
618 1042 651 1106 in
668 1013 849 1126 exemplum
864 1044 1052 1108 servandum
1069 1043 1212 1128 reliquit:
1237 1063 1277 1108 ne
1292 1042 1420 1127 quilibet
1440 1039 1497 1106 aba
1562 1102 1563 1109 ,

346 1176 406 1240 que
434 1155 567 1222 Romani
596 1157 750 1243 principis
779 1157 861 1223 dono
894 1165 927 1226 et
959 1159 1116 1226 iussione·
1143 1159 1355 1224 ministerium
1384 1156 1499 1224 &mani

345 1271 546 1358 pontificatus
575 1278 757 1358 praesumat
789 1293 957 1341 assumere.
1050 1276 1160 1360 lnique
1182 1295 1256 1358 ergo
1287 1279 1320 1341 et
1341 1273 1500 1340 scismatico

347 1387 502 1472 ascendit,
532 1389 585 1473 qui
612 1387 756 1471 Gregorii
785 1389 930 1476 exemplo
960 1398 992 1458 ot
1019 1391 1154 1458 aliorum
1181 1396 1362 1457 sanctorum
1392 1385 1499 1476 pontii·
1562 1462 1563 1467 ἵ

346 1503 435 1569 euml
458 1505 644 1571 intronizari
666 1524 730 1570 non
753 1503 940 1571 studuerit“.

415 1619 543 1704 ¹„ldem
568 1625 599 1686 et
621 1621 717 1686 ceteri
739 1619 874 1686 Romani
900 1621 1063 1707 pontifices
1087 1627 1160 1689 ante
1181 1628 1214 1688 et
1236 1628 1308 1708 post
1330 1619 1500 1705 Gregoriun

345 1755 443 1820 usque
472 1736 512 1801 ad
535 1735 742 1802 Hildebrandi
764 1741 909 1822 tempora
931 1758 1112 1820 servavere3
1142 1744 1175 1805 et
1203 1759 1266 1804 non
1296 1739 1387 1824 prius
1408 1753 1500 1802 mose
1562 1716 1563 1783 ἶ

345 1853 518 1918 orationem
542 1852 701 1939 suscipere
731 1859 1028 1938 praesumpserunt,
1057 1875 1152 1939 quam
1179 1875 1213 1920 se
1241 1855 1422 1940 principum
1441 1870 1502 1917 con·

346 1988 473 2034 sensum
496 1972 528 2033 et
549 1967 721 2033 iussionem
744 1967 861 2034 habere
882 1969 1115 2036 intellexerunt.
1151 1970 1212 2048 Qui
1227 1991 1301 2036 uero
1319 1969 1412 2035 aliter
1426 1985 1502 2055 prac-

346 2089 563 2169 sumpserunt,
593 2088 648 2149 aut
670 2084 799 2149 omuino
822 2091 898 2150 sunt
919 2085 1046 2172 expulsi
1067 2092 1123 2152 aut
1144 2087 1199 2152 vix
1221 2087 1402 2152 interventu
1423 2085 1502 2150 mise

345 2200 509 2282 ricordiae‚
533 2199 708 2285 praemissa
730 2205 837 2266 tamen
860 2202 1206 2290 satisfactionarecipi
1229 2201 1443 2269 meruerunt“.

437 2315 528 2400 „Neo
557 2313 619 2380 alia
642 2314 681 2380 de
703 2335 799 2380 causa
821 2314 991 2399 Gregorius
1020 2322 1052 2383 et
1080 2318 1177 2383 ceteri
1199 2317 1332 2384 Romani
1357 2315 1504 2405 pontifices

346 2432 612 2499 consecrationem
635 2452 724 2498 suam
747 2452 847 2517 usque
871 2432 911 2498 ad
933 2453 1121 2500 consensum
1150 2440 1182 2501 et
1207 2435 1381 2501 iussionem
1405 2434 1506 2520 prinoi-

346 2569 422 2636 pum
445 2547 605 2615 distulisse
628 2548 774 2615 credendi
798 2554 882 2632 sunt,
905 2548 968 2615 nisi
992 2548 1067 2634 quia
1090 2570 1204 2635 equum
1227 2556 1261 2617 et
1279 2552 1462 2618 canonicum
1481 2552 1508 2613 et

346 2665 496 2732 ecclesiae
518 2666 729 2731 necessarium
753 2665 813 2731 hoc
834 2686 904 2733 ease
926 2664 1166 2732 intellexerunt:
1195 2670 1240 2750 ut,
1265 2688 1401 2752 quorum
1422 2668 1507 2733 dona·

345 2782 401 2847 riis
425 2802 462 2847 ac
484 2780 668 2847 tuitionibus
691 2779 835 2847 Romana
857 2782 990 2848 ecclesia
1012 2782 1114 2849 ditata
1135 2788 1169 2849 et
1190 2782 1362 2850 sublimata
1384 2783 1507 2867 uigebat,

346 2918 454 2965 eorum
478 2898 574 2963 etiam
600 2896 801 2984 providentia
830 2902 863 2963 et
883 2898 1023 2965 iussione
1044 2899 1099 2965 ille
1122 2904 1246 2964 tantum
1269 2904 1508 2979 consecraretur,

346 3014 400 3099 qui
428 3013 522 3079 rebus
552 3018 584 3079 et
611 3011 790 3078 hominibus
815 3014 961 3096 regendis
985 3014 1116 3081 idoneus
1138 3016 1184 3081 eis
1206 3017 1466 3102 comprobaretur
1483 3017 1510 3077 et

347 3129 436 3213 argui
458 3148 552 3215 posse
575 3129 776 3214 postmodum
791 3149 855 3194 non
870 3130 1040 3197 videretur.
1073 3130 1166 3214 Nam,
1190 3131 1217 3197 si
1239 3131 1299 3197 hoc
1319 3133 1464 3217 iniquum
1484 3130 1511 3195 ct

347 3246 516 3311 canonicae
538 3244 730 3310 institutioni
751 3246 945 3311 contrarium
969 3266 1039 3313 esse
1060 3246 1306 3330 intellexissent,
1328 3252 1397 3314 tam
1420 3244 1511 3313 suncti

347 3361 422 3445 uiri,
451 3362 559 3427 fauore
587 3365 642 3427 aut
668 3360 781 3426 timore
810 3361 915 3447 aliquo
939 3362 979 3428 de
1000 3363 1234 3429 consecratione
1260 3382 1319 3429 sua
1346 3364 1511 3431 iussionem

346 3476 524 3563 principum
542 3476 610 3543 sine
625 3476 719 3542 dubio
734 3496 799 3543 non
814 3483 1050 3564 expectassent3
1074 3478 1149 3570 quia
1164 3479 1341 3564 expectatio
1357 3480 1416 3545 illa
1429 3474 1513 3544 ualde

347 3614 399 3660 eos
423 3592 604 3661 ambitionis
628 3598 783 3676 argueret,
807 3613 899 3677 qnae,
922 3594 992 3680 ipso
1008 3592 1160 3677 Gregorio
1181 3599 1362 3679 attestante,
1387 3593 1513 3662 severis·

346 3708 427 3776 eima
450 3728 574 3795 semper
597 3728 752 3775 canonum
775 3707 971 3776 districtione
992 3709 1197 3797 dampnanda
1218 3708 1297 3777 est“.

275 3837 327 3891 687
438 3825 636 3911 „Antequam
654 3820 801 3907 Sergius¹
814 3843 901 3911 papa
921 3824 1099 3910 eligeretur,
1123 3826 1215 3892 electi
1230 3830 1306 3891 sunt
1319 3825 1513 3893 Theodorus·

347 3945 379 4007 et
392 3940 572 4007 Paschalisd
585 3940 620 4006 in
634 3940 835 4007 contentione
849 3940 1112 4009 dissentientium.
1148 3941 1210 4009 Sed
1232 3942 1304 4007 istis
1326 3941 1451 4009 duobus
1470 3941 1516 4006 in·

347 4058 447 4123 vicem
463 4055 687 4123 altercantibus
703 4056 877 4121 attendam
893 4058 1010 4142 eiectis,
1035 4059 1179 4143 quamvis
1193 4056 1295 4124 clerus
1318 4062 1351 4124 st
1373 4056 1514 4144 populus,

347 4193 494 4259 proceres
517 4173 611 4239 etiam
640 4177 672 4239 et
694 4170 855 4239 Romanae
877 4172 1013 4240 miliciae
1041 4174 1197 4241 exercitus
1224 4174 1257 4239 in
1287 4170 1515 4259 praenominati

419 4336 440 4369 a.
463 4322 622 4382 pmaceptoV.
699 4322 722 4369 b.
743 4321 944 4382 portuumve.
1024 4336 1044 4370 a
1063 4323 1254 4371 Theodorianai'.
1332 4325 1354 4371 d
1375 4323 1477 4371 Pnseulis
1491 4319 1515 4367 Ζ,

420 4417 444 4471 1.
463 4416 528 4486 Sap.
543 4419 566 4485 1,
581 4419 627 4471 11:
649 4431 695 4487 „ce
713 4422 815 4486 autem,
833 4418 908 4486 qnod
927 4419 1065 4488 mentitur,
1083 4419 1185 4474 oceidit
1202 4418 1348 4475 animam“.
1434 4418 1460 4472 2.
1478 4414 1498 4470 1.
