<?xml version="1.0" encoding="UTF-8"?>
<!DOCTYPE html PUBLIC "-//W3C//DTD XHTML 1.0 Transitional//EN"
    "http://www.w3.org/TR/xhtml1/DTD/xhtml1-transitional.dtd">
<html xmlns="http://www.w3.org/1999/xhtml" xml:lang="en" lang="en">
 <head>
  <title>
</title>
<meta http-equiv="Content-Type" content="text/html;charset=utf-8" />
  <meta name='ocr-system' content='tesseract 3.04.00' />
  <meta name='ocr-capabilities' content='ocr_page ocr_carea ocr_par ocr_line ocrx_word'/>
</head>
<body>
  <div class='ocr_page' id='page_1' title='image "./bibliothecareru06jaffgoog_0474.png"; bbox 0 0 3142 4850; ppageno 0'>
   <div class='ocr_carea' id='block_1_1' title="bbox 423 299 1247 365">
    <p class='ocr_par' dir='ltr' id='par_1_1' title="bbox 423 299 1247 365">
     <span class='ocr_line' id='line_1_1' title="bbox 423 299 1247 365; baseline 0 -3"><span class='ocrx_word' id='word_1_1' title='bbox 423 313 589 364; x_wconf 76' lang='lat' dir='ltr'><strong>unaneror</strong></span> <span class='ocrx_word' id='word_1_2' title='bbox 611 315 737 363; x_wconf 84' lang='lat' dir='ltr'><strong>coonx.</strong></span> <span class='ocrx_word' id='word_1_3' title='bbox 773 312 900 365; x_wconf 75' lang='lat' dir='ltr'><strong>asama</strong></span> <span class='ocrx_word' id='word_1_4' title='bbox 1181 299 1247 364; x_wconf 78' lang='lat'><strong>457</strong></span> 
     </span>
    </p>
   </div>
   <div class='ocr_carea' id='block_1_2' title="bbox 77 473 1252 3089">
    <p class='ocr_par' dir='ltr' id='par_1_2' title="bbox 79 473 1251 2411">
     <span class='ocr_line' id='line_1_2' title="bbox 90 473 1249 560; baseline 0.003 -21"><span class='ocrx_word' id='word_1_5' title='bbox 90 474 177 556; x_wconf 82' lang='lat' dir='ltr'><strong>dirce,</strong></span> <span class='ocrx_word' id='word_1_6' title='bbox 200 473 264 559; x_wconf 84' lang='lat' dir='ltr'><strong>qui,</strong></span> <span class='ocrx_word' id='word_1_7' title='bbox 288 493 358 541; x_wconf 86' lang='lat' dir='ltr'><strong>cum</strong></span> <span class='ocrx_word' id='word_1_8' title='bbox 385 474 570 560; x_wconf 74' lang='lat' dir='ltr'>negociandi</span> <span class='ocrx_word' id='word_1_9' title='bbox 593 494 689 542; x_wconf 80' lang='lat' dir='ltr'><strong>causa</strong></span> <span class='ocrx_word' id='word_1_10' title='bbox 710 475 743 542; x_wconf 91' lang='lat' dir='ltr'><strong>in</strong></span> <span class='ocrx_word' id='word_1_11' title='bbox 766 473 926 542; x_wconf 84' lang='lat' dir='ltr'><strong>Fresiam·</strong></span> <span class='ocrx_word' id='word_1_12' title='bbox 948 493 1048 560; x_wconf 85' lang='lat' dir='ltr'><strong>usque</strong></span> <span class='ocrx_word' id='word_1_13' title='bbox 1070 474 1249 542; x_wconf 86' lang='lat' dir='ltr'><strong>Traiectum</strong></span> 
     </span>
     <span class='ocr_line' id='line_1_3' title="bbox 91 589 1248 675; baseline 0.002 -21"><span class='ocrx_word' id='word_1_14' title='bbox 91 591 230 672; x_wconf 84' lang='lat' dir='ltr'><strong>uenisset,</strong></span> <span class='ocrx_word' id='word_1_15' title='bbox 254 589 334 656; x_wconf 63' lang='lat' dir='ltr'><strong>ieme</strong></span> <span class='ocrx_word' id='word_1_16' title='bbox 358 591 492 674; x_wconf 86' lang='lat' dir='ltr'><strong>quodam</strong></span> <span class='ocrx_word' id='word_1_17' title='bbox 516 591 567 658; x_wconf 88' lang='lat' dir='ltr'><strong>die</strong></span> <span class='ocrx_word' id='word_1_18' title='bbox 591 591 780 657; x_wconf 78' lang='lat' dir='ltr'>sedicionem</span> <span class='ocrx_word' id='word_1_19' title='bbox 805 591 989 675; x_wconf 84' lang='lat' dir='ltr'><strong>commorit,</strong></span> <span class='ocrx_word' id='word_1_20' title='bbox 1013 595 1046 658; x_wconf 86' lang='lat' dir='ltr'><strong>et</strong></span> <span class='ocrx_word' id='word_1_21' title='bbox 1067 590 1108 658; x_wconf 88' lang='lat' dir='ltr'><strong>ab</strong></span> <span class='ocrx_word' id='word_1_22' title='bbox 1130 591 1248 658; x_wconf 88' lang='lat' dir='ltr'><strong>decano</strong></span> 
     </span>
     <span class='ocr_line' id='line_1_4' title="bbox 90 704 1249 793; baseline 0.002 -23"><span class='ocrx_word' id='word_1_23' title='bbox 90 704 157 770; x_wconf 89' lang='lat' dir='ltr'><strong>cleri</strong></span> <span class='ocrx_word' id='word_1_24' title='bbox 178 705 262 771; x_wconf 91' lang='lat' dir='ltr'><strong>illius</strong></span> <span class='ocrx_word' id='word_1_25' title='bbox 287 707 326 772; x_wconf 87' lang='lat' dir='ltr'><strong>ad</strong></span> <span class='ocrx_word' id='word_1_26' title='bbox 345 705 595 773; x_wconf 72' lang='lat' dir='ltr'><strong>&#39;seusiactionem</strong></span> <span class='ocrx_word' id='word_1_27' title='bbox 619 713 795 791; x_wconf 82' lang='lat' dir='ltr'><strong>revocatus,</strong></span> <span class='ocrx_word' id='word_1_28' title='bbox 818 706 957 773; x_wconf 85' lang='lat' dir='ltr'><strong>bannum</strong></span> <span class='ocrx_word' id='word_1_29' title='bbox 975 707 1044 774; x_wconf 89' lang='lat' dir='ltr'><strong>eins</strong></span> <span class='ocrx_word' id='word_1_30' title='bbox 1058 707 1150 793; x_wconf 86' lang='lat' dir='ltr'><strong>parri</strong></span> <span class='ocrx_word' id='word_1_31' title='bbox 1173 707 1249 772; x_wconf 84' lang='lat' dir='ltr'><strong>esti·</strong></span> 
     </span>
     <span class='ocr_line' id='line_1_5' title="bbox 90 821 1247 907; baseline 0.001 -21"><span class='ocrx_word' id='word_1_32' title='bbox 90 841 171 886; x_wconf 91' lang='lat' dir='ltr'><strong>mans</strong></span> <span class='ocrx_word' id='word_1_33' title='bbox 193 821 351 903; x_wconf 77' lang='lat' dir='ltr'><strong>discessit,</strong></span> <span class='ocrx_word' id='word_1_34' title='bbox 383 827 416 888; x_wconf 87' lang='lat' dir='ltr'><strong>et</strong></span> <span class='ocrx_word' id='word_1_35' title='bbox 443 824 532 907; x_wconf 84' lang='lat' dir='ltr'><strong>quasi</strong></span> <span class='ocrx_word' id='word_1_36' title='bbox 561 843 627 888; x_wconf 88' lang='lat' dir='ltr'><strong>rem</strong></span> <span class='ocrx_word' id='word_1_37' title='bbox 656 843 718 888; x_wconf 90' lang='lat' dir='ltr'><strong>non</strong></span> <span class='ocrx_word' id='word_1_38' title='bbox 748 841 897 906; x_wconf 79' lang='lat' dir='ltr'><strong>magnam</strong></span> <span class='ocrx_word' id='word_1_39' title='bbox 925 821 1076 888; x_wconf 88' lang='lat' dir='ltr'><strong>oblivioni</strong></span> <span class='ocrx_word' id='word_1_40' title='bbox 1102 821 1247 903; x_wconf 80' lang='lat' dir='ltr'><strong>tradidit3</strong></span> 
     </span>
     <span class='ocr_line' id='line_1_6' title="bbox 89 909 1250 1024; baseline 0.001 -23"><span class='ocrx_word' id='word_1_41' title='bbox 89 909 169 1002; x_wconf 63' lang='lat' dir='ltr'><strong>ium*</strong></span> <span class='ocrx_word' id='word_1_42' title='bbox 190 956 254 1003; x_wconf 92' lang='lat' dir='ltr'><strong>non</strong></span> <span class='ocrx_word' id='word_1_43' title='bbox 277 936 506 1022; x_wconf 90' lang='lat' dir='ltr'><strong>postmultum</strong></span> <span class='ocrx_word' id='word_1_44' title='bbox 527 943 652 1024; x_wconf 88' lang='lat' dir='ltr'><strong>tempus</strong></span> <span class='ocrx_word' id='word_1_45' title='bbox 678 943 822 1003; x_wconf 85' lang='lat' dir='ltr'><strong>mortuus</strong></span> <span class='ocrx_word' id='word_1_46' title='bbox 845 944 893 1004; x_wconf 86' lang='lat' dir='ltr'><strong>est</strong></span> <span class='ocrx_word' id='word_1_47' title='bbox 915 943 948 1003; x_wconf 87' lang='lat' dir='ltr'><strong>et</strong></span> <span class='ocrx_word' id='word_1_48' title='bbox 969 938 1004 1003; x_wconf 91' lang='lat' dir='ltr'><strong>in</strong></span> <span class='ocrx_word' id='word_1_49' title='bbox 1025 957 1122 1004; x_wconf 83' lang='lat' dir='ltr'><strong>saxeo</strong></span> <span class='ocrx_word' id='word_1_50' title='bbox 1145 957 1250 1004; x_wconf 88' lang='lat' dir='ltr'><strong>sarco·</strong></span> 
     </span>
     <span class='ocr_line' id='line_1_7' title="bbox 88 1051 1250 1138; baseline 0.003 -22"><span class='ocrx_word' id='word_1_51' title='bbox 88 1051 182 1138; x_wconf 81' lang='lat' dir='ltr'><strong>pbago</strong></span> <span class='ocrx_word' id='word_1_52' title='bbox 205 1052 347 1138; x_wconf 88' lang='lat' dir='ltr'><strong>sepultus</strong></span> <span class='ocrx_word' id='word_1_53' title='bbox 372 1060 428 1119; x_wconf 80' lang='lat' dir='ltr'><strong>est.</strong></span> <span class='ocrx_word' id='word_1_54' title='bbox 465 1053 541 1118; x_wconf 86' lang='lat' dir='ltr'><strong>Post</strong></span> <span class='ocrx_word' id='word_1_55' title='bbox 563 1053 678 1118; x_wconf 87' lang='lat' dir='ltr'><strong>multos</strong></span> <span class='ocrx_word' id='word_1_56' title='bbox 695 1059 800 1119; x_wconf 89' lang='lat' dir='ltr'><strong>autem</strong></span> <span class='ocrx_word' id='word_1_57' title='bbox 815 1073 915 1118; x_wconf 88' lang='lat' dir='ltr'><strong>annos</strong></span> <span class='ocrx_word' id='word_1_58' title='bbox 932 1072 1022 1136; x_wconf 80' lang='lat' dir='ltr'><strong>uxor,</strong></span> <span class='ocrx_word' id='word_1_59' title='bbox 1044 1072 1115 1118; x_wconf 89' lang='lat' dir='ltr'><strong>cum</strong></span> <span class='ocrx_word' id='word_1_60' title='bbox 1133 1054 1250 1138; x_wconf 87' lang='lat' dir='ltr'><strong>etipsa</strong></span> 
     </span>
     <span class='ocr_line' id='line_1_8' title="bbox 89 1167 1250 1255; baseline 0.002 -23"><span class='ocrx_word' id='word_1_61' title='bbox 89 1167 261 1233; x_wconf 74' lang='lat' dir='ltr'><strong>aderitum</strong></span> <span class='ocrx_word' id='word_1_62' title='bbox 284 1170 522 1254; x_wconf 75' lang='lat' dir='ltr'><strong>propinquaret</strong></span> <span class='ocrx_word' id='word_1_63' title='bbox 545 1169 638 1255; x_wconf 89' lang='lat' dir='ltr'><strong>petiit</strong></span> <span class='ocrx_word' id='word_1_64' title='bbox 660 1189 680 1234; x_wconf 91' lang='lat' dir='ltr'><strong>a</strong></span> <span class='ocrx_word' id='word_1_65' title='bbox 702 1167 775 1234; x_wconf 91' lang='lat' dir='ltr'><strong>tiliis</strong></span> <span class='ocrx_word' id='word_1_66' title='bbox 798 1169 880 1252; x_wconf 85' lang='lat' dir='ltr'><strong>suis,</strong></span> <span class='ocrx_word' id='word_1_67' title='bbox 907 1172 944 1234; x_wconf 84' lang='lat' dir='ltr'><strong>ut</strong></span> <span class='ocrx_word' id='word_1_68' title='bbox 965 1169 999 1233; x_wconf 91' lang='lat' dir='ltr'><strong>in</strong></span> <span class='ocrx_word' id='word_1_69' title='bbox 1022 1167 1166 1254; x_wconf 86' lang='lat' dir='ltr'><strong>sepulcro</strong></span> <span class='ocrx_word' id='word_1_70' title='bbox 1190 1169 1250 1234; x_wconf 87' lang='lat' dir='ltr'><strong>viri</strong></span> 
     </span>
     <span class='ocr_line' id='line_1_9' title="bbox 87 1281 1249 1370; baseline 0.002 -23"><span class='ocrx_word' id='word_1_71' title='bbox 87 1283 131 1347; x_wconf 92' lang='lat' dir='ltr'><strong>sni</strong></span> <span class='ocrx_word' id='word_1_72' title='bbox 152 1283 276 1369; x_wconf 89' lang='lat' dir='ltr'><strong>sepeliri</strong></span> <span class='ocrx_word' id='word_1_73' title='bbox 300 1283 467 1349; x_wconf 80' lang='lat' dir='ltr'><strong>debuisset.</strong></span> <span class='ocrx_word' id='word_1_74' title='bbox 507 1281 583 1368; x_wconf 86' lang='lat' dir='ltr'><strong>Qui,</strong></span> <span class='ocrx_word' id='word_1_75' title='bbox 611 1285 693 1350; x_wconf 88' lang='lat' dir='ltr'><strong>sicut</strong></span> <span class='ocrx_word' id='word_1_76' title='bbox 723 1285 859 1350; x_wconf 88' lang='lat' dir='ltr'><strong>adiurati</strong></span> <span class='ocrx_word' id='word_1_77' title='bbox 887 1288 994 1366; x_wconf 80' lang='lat' dir='ltr'><strong>amnt,</strong></span> <span class='ocrx_word' id='word_1_78' title='bbox 1020 1283 1249 1370; x_wconf 80' lang='lat' dir='ltr'><strong>sarcophagum</strong></span> 
     </span>
     <span class='ocr_line' id='line_1_10' title="bbox 86 1397 1249 1486; baseline 0 -22"><span class='ocrx_word' id='word_1_79' title='bbox 86 1399 266 1484; x_wconf 83' lang='lat' dir='ltr'><strong>aperientes,</strong></span> <span class='ocrx_word' id='word_1_80' title='bbox 284 1401 372 1483; x_wconf 85' lang='lat' dir='ltr'><strong>aquis</strong></span> <span class='ocrx_word' id='word_1_81' title='bbox 387 1397 466 1464; x_wconf 89' lang='lat' dir='ltr'><strong>illud</strong></span> <span class='ocrx_word' id='word_1_82' title='bbox 480 1399 674 1466; x_wconf 85' lang='lat' dir='ltr'><strong>ferventibus</strong></span> <span class='ocrx_word' id='word_1_83' title='bbox 691 1398 975 1486; x_wconf 74' lang='lat' dir='ltr'><strong>spumantibusque</strong></span> <span class='ocrx_word' id='word_1_84' title='bbox 991 1399 1249 1484; x_wconf 80' lang='lat' dir='ltr'><strong>superficietenus</strong></span> 
     </span>
     <span class='ocr_line' id='line_1_11' title="bbox 84 1512 1248 1602; baseline 0.001 -24"><span class='ocrx_word' id='word_1_85' title='bbox 84 1512 205 1600; x_wconf 91' lang='lat' dir='ltr'><strong>plenum</strong></span> <span class='ocrx_word' id='word_1_86' title='bbox 222 1535 396 1602; x_wconf 80' lang='lat' dir='ltr'><strong>corpusque</strong></span> <span class='ocrx_word' id='word_1_87' title='bbox 411 1514 568 1597; x_wconf 80' lang='lat' dir='ltr'><strong>integrum</strong></span> <span class='ocrx_word' id='word_1_88' title='bbox 586 1519 780 1601; x_wconf 86' lang='lat' dir='ltr'><strong>repererunt.</strong></span> <span class='ocrx_word' id='word_1_89' title='bbox 816 1515 947 1582; x_wconf 84' lang='lat' dir='ltr'><strong>Iuvenes</strong></span> <span class='ocrx_word' id='word_1_90' title='bbox 964 1535 1038 1580; x_wconf 84' lang='lat' dir='ltr'><strong>vero</strong></span> <span class='ocrx_word' id='word_1_91' title='bbox 1054 1514 1248 1600; x_wconf 86' lang='lat' dir='ltr'><strong>deprehenso</strong></span> 
     </span>
     <span class='ocr_line' id='line_1_12' title="bbox 83 1628 1249 1715; baseline 0.002 -21"><span class='ocrx_word' id='word_1_92' title='bbox 83 1628 137 1695; x_wconf 90' lang='lat' dir='ltr'><strong>boc</strong></span> <span class='ocrx_word' id='word_1_93' title='bbox 160 1631 494 1696; x_wconf 75' lang='lat' dir='ltr'><strong>excommunicationis</strong></span> <span class='ocrx_word' id='word_1_94' title='bbox 517 1630 642 1712; x_wconf 82' lang='lat' dir='ltr'><strong>indicio,</strong></span> <span class='ocrx_word' id='word_1_95' title='bbox 672 1638 703 1697; x_wconf 90' lang='lat' dir='ltr'><strong>et</strong></span> <span class='ocrx_word' id='word_1_96' title='bbox 725 1631 888 1714; x_wconf 84' lang='lat' dir='ltr'><strong>mirantes,</strong></span> <span class='ocrx_word' id='word_1_97' title='bbox 916 1632 990 1715; x_wconf 86' lang='lat' dir='ltr'><strong>quia</strong></span> <span class='ocrx_word' id='word_1_98' title='bbox 1013 1632 1061 1696; x_wconf 87' lang='lat' dir='ltr'><strong>vir</strong></span> <span class='ocrx_word' id='word_1_99' title='bbox 1083 1630 1249 1714; x_wconf 81' lang='lat' dir='ltr'><strong>religiosus</strong></span> 
     </span>
     <span class='ocr_line' id='line_1_13' title="bbox 84 1745 1248 1833; baseline 0.003 -23"><span class='ocrx_word' id='word_1_100' title='bbox 84 1752 163 1829; x_wconf 88' lang='lat' dir='ltr'><strong>erat,</strong></span> <span class='ocrx_word' id='word_1_101' title='bbox 186 1754 339 1833; x_wconf 88' lang='lat' dir='ltr'><strong>ceperunt</strong></span> <span class='ocrx_word' id='word_1_102' title='bbox 362 1747 468 1811; x_wconf 90' lang='lat' dir='ltr'><strong>omnia</strong></span> <span class='ocrx_word' id='word_1_103' title='bbox 490 1746 575 1831; x_wconf 80' lang='lat' dir='ltr'><strong>loca,</strong></span> <span class='ocrx_word' id='word_1_104' title='bbox 599 1746 651 1812; x_wconf 90' lang='lat' dir='ltr'><strong>ubi</strong></span> <span class='ocrx_word' id='word_1_105' title='bbox 675 1747 744 1832; x_wconf 89' lang='lat' dir='ltr'><strong>ipse</strong></span> <span class='ocrx_word' id='word_1_106' title='bbox 768 1747 922 1828; x_wconf 82' lang='lat' dir='ltr'><strong>negotiari</strong></span> <span class='ocrx_word' id='word_1_107' title='bbox 945 1745 1076 1829; x_wconf 77' lang='lat' dir='ltr'><strong>solebat,</strong></span> <span class='ocrx_word' id='word_1_108' title='bbox 1100 1745 1248 1827; x_wconf 85' lang='lat' dir='ltr'><strong>circuiro;</strong></span> 
     </span>
     <span class='ocr_line' id='line_1_14' title="bbox 82 1859 1250 1948; baseline 0.002 -22"><span class='ocrx_word' id='word_1_109' title='bbox 82 1879 147 1927; x_wconf 89' lang='lat' dir='ltr'><strong>cum</strong></span> <span class='ocrx_word' id='word_1_110' title='bbox 172 1882 245 1928; x_wconf 90' lang='lat' dir='ltr'><strong>ecce</strong></span> <span class='ocrx_word' id='word_1_111' title='bbox 268 1861 444 1928; x_wconf 86' lang='lat' dir='ltr'><strong>Traiectum</strong></span> <span class='ocrx_word' id='word_1_112' title='bbox 470 1861 630 1930; x_wconf 85' lang='lat' dir='ltr'><strong>venientes</strong></span> <span class='ocrx_word' id='word_1_113' title='bbox 652 1882 721 1928; x_wconf 84' lang='lat' dir='ltr'><strong>rem</strong></span> <span class='ocrx_word' id='word_1_114' title='bbox 744 1868 966 1945; x_wconf 80' lang='lat' dir='ltr'><strong>cognoverunt</strong></span> <span class='ocrx_word' id='word_1_115' title='bbox 1001 1859 1045 1928; x_wconf 81' lang='lat' dir='ltr'><strong>nt</strong></span> <span class='ocrx_word' id='word_1_116' title='bbox 1073 1883 1131 1948; x_wconf 92' lang='lat' dir='ltr'><strong>pro</strong></span> <span class='ocrx_word' id='word_1_117' title='bbox 1160 1868 1250 1948; x_wconf 90' lang='lat' dir='ltr'><strong>patre</strong></span> 
     </span>
     <span class='ocr_line' id='line_1_15' title="bbox 81 1978 1249 2064; baseline 0.001 -22"><span class='ocrx_word' id='word_1_118' title='bbox 81 1979 307 2045; x_wconf 83' lang='lat' dir='ltr'><strong>satisfacientes</strong></span> <span class='ocrx_word' id='word_1_119' title='bbox 341 1984 434 2063; x_wconf 88' lang='lat' dir='ltr'><strong>atque</strong></span> <span class='ocrx_word' id='word_1_120' title='bbox 463 1978 714 2045; x_wconf 89' lang='lat' dir='ltr'><strong>communionem</strong></span> <span class='ocrx_word' id='word_1_121' title='bbox 749 1979 972 2064; x_wconf 86' lang='lat' dir='ltr'><strong>impetrantes,</strong></span> <span class='ocrx_word' id='word_1_122' title='bbox 1006 1979 1126 2044; x_wconf 87' lang='lat' dir='ltr'><strong>reversi</strong></span> <span class='ocrx_word' id='word_1_123' title='bbox 1159 1984 1249 2059; x_wconf 84' lang='lat' dir='ltr'><strong>sunt3</strong></span> 
     </span>
     <span class='ocr_line' id='line_1_16' title="bbox 80 2093 1251 2182; baseline 0.002 -24"><span class='ocrx_word' id='word_1_124' title='bbox 80 2101 250 2182; x_wconf 86' lang='lat' dir='ltr'><strong>apertoque</strong></span> <span class='ocrx_word' id='word_1_125' title='bbox 272 2093 403 2178; x_wconf 90' lang='lat' dir='ltr'><strong>tumulo,</strong></span> <span class='ocrx_word' id='word_1_126' title='bbox 428 2093 523 2160; x_wconf 88' lang='lat' dir='ltr'><strong>nichil</strong></span> <span class='ocrx_word' id='word_1_127' title='bbox 547 2099 673 2181; x_wconf 87' lang='lat' dir='ltr'><strong>praeter</strong></span> <span class='ocrx_word' id='word_1_128' title='bbox 691 2113 763 2158; x_wconf 90' lang='lat' dir='ltr'><strong>ossa</strong></span> <span class='ocrx_word' id='word_1_129' title='bbox 786 2099 818 2159; x_wconf 87' lang='lat' dir='ltr'><strong>et</strong></span> <span class='ocrx_word' id='word_1_130' title='bbox 832 2095 918 2159; x_wconf 86' lang='lat' dir='ltr'><strong>eines</strong></span> <span class='ocrx_word' id='word_1_131' title='bbox 936 2094 1134 2160; x_wconf 85' lang='lat' dir='ltr'><strong>invenerunt</strong></span> <span class='ocrx_word' id='word_1_132' title='bbox 1167 2093 1251 2160; x_wconf 86' lang='lat' dir='ltr'><strong>Ecce</strong></span> 
     </span>
     <span class='ocr_line' id='line_1_17' title="bbox 79 2206 1246 2298; baseline -0.001 -22"><span class='ocrx_word' id='word_1_133' title='bbox 79 2209 136 2276; x_wconf 86' lang='lat' dir='ltr'><strong>istc</strong></span> <span class='ocrx_word' id='word_1_134' title='bbox 159 2211 326 2298; x_wconf 88' lang='lat' dir='ltr'><strong>episcopus</strong></span> <span class='ocrx_word' id='word_1_135' title='bbox 350 2229 412 2276; x_wconf 89' lang='lat' dir='ltr'><strong>non</strong></span> <span class='ocrx_word' id='word_1_136' title='bbox 435 2209 496 2276; x_wconf 83' lang='lat' dir='ltr'><strong>luit</strong></span> <span class='ocrx_word' id='word_1_137' title='bbox 519 2216 551 2276; x_wconf 87' lang='lat' dir='ltr'><strong>et</strong></span> <span class='ocrx_word' id='word_1_138' title='bbox 573 2217 679 2276; x_wconf 88' lang='lat' dir='ltr'><strong>tamen</strong></span> <span class='ocrx_word' id='word_1_139' title='bbox 702 2230 815 2295; x_wconf 88' lang='lat' dir='ltr'><strong>corpus</strong></span> <span class='ocrx_word' id='word_1_140' title='bbox 839 2213 871 2274; x_wconf 91' lang='lat' dir='ltr'><strong>et</strong></span> <span class='ocrx_word' id='word_1_141' title='bbox 887 2209 1023 2274; x_wconf 87' lang='lat' dir='ltr'><strong>animam</strong></span> <span class='ocrx_word' id='word_1_142' title='bbox 1044 2206 1191 2294; x_wconf 87' lang='lat' dir='ltr'><strong>hominis,</strong></span> <span class='ocrx_word' id='word_1_143' title='bbox 1214 2209 1246 2275; x_wconf 92' lang='lat' dir='ltr'><strong>in</strong></span> 
     </span>
     <span class='ocr_line' id='line_1_18' title="bbox 79 2325 1242 2411; baseline 0 -19"><span class='ocrx_word' id='word_1_144' title='bbox 79 2333 183 2393; x_wconf 80' lang='lat' dir='ltr'><strong>aterum</strong></span> <span class='ocrx_word' id='word_1_145' title='bbox 205 2327 322 2393; x_wconf 90' lang='lat' dir='ltr'><strong>iudicio</strong></span> <span class='ocrx_word' id='word_1_146' title='bbox 338 2327 510 2409; x_wconf 87' lang='lat' dir='ltr'><strong>constituti,</strong></span> <span class='ocrx_word' id='word_1_147' title='bbox 533 2331 598 2392; x_wconf 89' lang='lat' dir='ltr'><strong>tam</strong></span> <span class='ocrx_word' id='word_1_148' title='bbox 619 2330 765 2411; x_wconf 88' lang='lat' dir='ltr'><strong>potenter</strong></span> <span class='ocrx_word' id='word_1_149' title='bbox 780 2345 874 2410; x_wconf 92' lang='lat' dir='ltr'><strong>quam</strong></span> <span class='ocrx_word' id='word_1_150' title='bbox 895 2325 1083 2392; x_wconf 88' lang='lat' dir='ltr'><strong>mirabiliter</strong></span> <span class='ocrx_word' id='word_1_151' title='bbox 1098 2325 1242 2393; x_wconf 83' lang='lat' dir='ltr'><strong>absoluit.</strong></span> 
     </span>
    </p>

    <p class='ocr_par' dir='ltr' id='par_1_3' title="bbox 77 2442 1252 3089">
     <span class='ocr_line' id='line_1_19' title="bbox 164 2442 1252 2529; baseline 0 -20"><span class='ocrx_word' id='word_1_152' title='bbox 164 2443 364 2529; x_wconf 87' lang='lat' dir='ltr'><strong>Resipiscite,</strong></span> <span class='ocrx_word' id='word_1_153' title='bbox 389 2444 512 2525; x_wconf 85' lang='lat' dir='ltr'><strong>fratres,</strong></span> <span class='ocrx_word' id='word_1_154' title='bbox 543 2449 574 2510; x_wconf 87' lang='lat' dir='ltr'><strong>et</strong></span> <span class='ocrx_word' id='word_1_155' title='bbox 597 2444 747 2509; x_wconf 89' lang='lat' dir='ltr'><strong>honorem</strong></span> <span class='ocrx_word' id='word_1_156' title='bbox 773 2448 911 2509; x_wconf 83' lang='lat' dir='ltr'><strong>vestrum</strong></span> <span class='ocrx_word' id='word_1_157' title='bbox 934 2442 1032 2508; x_wconf 88' lang='lat' dir='ltr'><strong>nolite</strong></span> <span class='ocrx_word' id='word_1_158' title='bbox 1056 2442 1188 2528; x_wconf 86' lang='lat' dir='ltr'><strong>deicere,</strong></span> <span class='ocrx_word' id='word_1_159' title='bbox 1219 2449 1252 2509; x_wconf 88' lang='lat' dir='ltr'><strong>et</strong></span> 
     </span>
     <span class='ocr_line' id='line_1_20' title="bbox 78 2556 1250 2652; baseline 0.001 -27"><span class='ocrx_word' id='word_1_160' title='bbox 78 2560 213 2645; x_wconf 85' lang='lat' dir='ltr'><strong>pretium</strong></span> <span class='ocrx_word' id='word_1_161' title='bbox 239 2559 387 2652; x_wconf 77' lang='lat' dir='ltr'><strong>dominici</strong></span> <span class='ocrx_word' id='word_1_162' title='bbox 412 2556 574 2641; x_wconf 81' lang='lat' dir='ltr'><strong>sanguinis</strong></span> <span class='ocrx_word' id='word_1_163' title='bbox 597 2558 630 2623; x_wconf 91' lang='lat' dir='ltr'><strong>in</strong></span> <span class='ocrx_word' id='word_1_164' title='bbox 647 2558 735 2625; x_wconf 89' lang='lat' dir='ltr'><strong>vobis</strong></span> <span class='ocrx_word' id='word_1_165' title='bbox 758 2559 856 2625; x_wconf 88' lang='lat' dir='ltr'><strong>nolite</strong></span> <span class='ocrx_word' id='word_1_166' title='bbox 880 2557 1051 2625; x_wconf 84' lang='lat' dir='ltr'><strong>exinanire.</strong></span> <span class='ocrx_word' id='word_1_167' title='bbox 1087 2558 1164 2643; x_wconf 86' lang='lat' dir='ltr'><strong>Hoc,</strong></span> <span class='ocrx_word' id='word_1_168' title='bbox 1186 2560 1250 2626; x_wconf 85' lang='lat' dir='ltr'><strong>fra·</strong></span> 
     </span>
     <span class='ocr_line' id='line_1_21' title="bbox 78 2674 1250 2759; baseline 0.002 -20"><span class='ocrx_word' id='word_1_169' title='bbox 78 2678 155 2758; x_wconf 87' lang='lat' dir='ltr'><strong>tres,</strong></span> <span class='ocrx_word' id='word_1_170' title='bbox 185 2674 310 2742; x_wconf 89' lang='lat' dir='ltr'><strong>colliria</strong></span> <span class='ocrx_word' id='word_1_171' title='bbox 333 2674 431 2739; x_wconf 90' lang='lat' dir='ltr'><strong>oculis</strong></span> <span class='ocrx_word' id='word_1_172' title='bbox 455 2675 568 2741; x_wconf 84' lang='lat' dir='ltr'><strong>vestris</strong></span> <span class='ocrx_word' id='word_1_173' title='bbox 591 2674 749 2757; x_wconf 79' lang='lat' dir='ltr'><strong>inungite3</strong></span> <span class='ocrx_word' id='word_1_174' title='bbox 774 2680 810 2740; x_wconf 92' lang='lat' dir='ltr'><strong>ut</strong></span> <span class='ocrx_word' id='word_1_175' title='bbox 836 2674 986 2739; x_wconf 89' lang='lat' dir='ltr'><strong>honorem</strong></span> <span class='ocrx_word' id='word_1_176' title='bbox 1011 2678 1167 2759; x_wconf 82' lang='lat' dir='ltr'><strong>vestrum,</strong></span> <span class='ocrx_word' id='word_1_177' title='bbox 1196 2676 1250 2759; x_wconf 90' lang='lat' dir='ltr'><strong>qui</strong></span> 
     </span>
     <span class='ocr_line' id='line_1_22' title="bbox 77 2788 1251 2874; baseline 0 -17"><span class='ocrx_word' id='word_1_178' title='bbox 77 2796 122 2857; x_wconf 88' lang='lat' dir='ltr'><strong>est</strong></span> <span class='ocrx_word' id='word_1_179' title='bbox 143 2792 177 2857; x_wconf 93' lang='lat' dir='ltr'><strong>in</strong></span> <span class='ocrx_word' id='word_1_180' title='bbox 194 2791 344 2873; x_wconf 88' lang='lat' dir='ltr'><strong>Domino,</strong></span> <span class='ocrx_word' id='word_1_181' title='bbox 368 2788 529 2855; x_wconf 90' lang='lat' dir='ltr'><strong>humiliter</strong></span> <span class='ocrx_word' id='word_1_182' title='bbox 551 2788 584 2854; x_wconf 92' lang='lat' dir='ltr'><strong>in</strong></span> <span class='ocrx_word' id='word_1_183' title='bbox 607 2791 781 2874; x_wconf 80' lang='lat' dir='ltr'><strong>gratiarum</strong></span> <span class='ocrx_word' id='word_1_184' title='bbox 806 2790 928 2855; x_wconf 89' lang='lat' dir='ltr'><strong>actione</strong></span> <span class='ocrx_word' id='word_1_185' title='bbox 947 2790 1123 2873; x_wconf 81' lang='lat' dir='ltr'><strong>agnoscatis</strong></span> <span class='ocrx_word' id='word_1_186' title='bbox 1146 2796 1188 2874; x_wconf 73' lang='lat' dir='ltr'><strong>ot,</strong></span> <span class='ocrx_word' id='word_1_187' title='bbox 1212 2790 1251 2857; x_wconf 89' lang='lat' dir='ltr'><strong>de</strong></span> 
     </span>
     <span class='ocr_line' id='line_1_23' title="bbox 77 2904 1251 2991; baseline 0.001 -20"><span class='ocrx_word' id='word_1_188' title='bbox 77 2907 193 2974; x_wconf 83' lang='lat' dir='ltr'><strong>virtute</strong></span> <span class='ocrx_word' id='word_1_189' title='bbox 216 2906 250 2973; x_wconf 93' lang='lat' dir='ltr'><strong>in</strong></span> <span class='ocrx_word' id='word_1_190' title='bbox 275 2908 423 2972; x_wconf 89' lang='lat' dir='ltr'><strong>virtutem</strong></span> <span class='ocrx_word' id='word_1_191' title='bbox 448 2911 567 2989; x_wconf 87' lang='lat' dir='ltr'><strong>euntes,</strong></span> <span class='ocrx_word' id='word_1_192' title='bbox 591 2904 693 2972; x_wconf 89' lang='lat' dir='ltr'><strong>Deum</strong></span> <span class='ocrx_word' id='word_1_193' title='bbox 718 2905 847 2973; x_wconf 87' lang='lat' dir='ltr'><strong>deornm</strong></span> <span class='ocrx_word' id='word_1_194' title='bbox 871 2906 905 2970; x_wconf 91' lang='lat' dir='ltr'><strong>in</strong></span> <span class='ocrx_word' id='word_1_195' title='bbox 929 2911 1057 2971; x_wconf 84' lang='lat' dir='ltr'><strong>aeterna</strong></span> <span class='ocrx_word' id='word_1_196' title='bbox 1073 2904 1158 2991; x_wconf 82' lang='lat' dir='ltr'><strong>Syon</strong></span> <span class='ocrx_word' id='word_1_197' title='bbox 1181 2906 1251 2973; x_wconf 83' lang='lat' dir='ltr'><strong>feli·</strong></span> 
     </span>
     <span class='ocr_line' id='line_1_24' title="bbox 77 3020 475 3089; baseline 0 -2"><span class='ocrx_word' id='word_1_198' title='bbox 77 3022 152 3089; x_wconf 85' lang='lat' dir='ltr'><strong>citer</strong></span> <span class='ocrx_word' id='word_1_199' title='bbox 174 3023 323 3089; x_wconf 85' lang='lat' dir='ltr'><strong>videatis.</strong></span> <span class='ocrx_word' id='word_1_200' title='bbox 356 3020 475 3089; x_wconf 86' lang='lat' dir='ltr'><strong>Valetc.</strong></span> 
     </span>
    </p>
   </div>
   <div class='ocr_carea' id='block_1_3' title="bbox 80 3232 1252 3317">
    <p class='ocr_par' dir='ltr' id='par_1_4' title="bbox 80 3232 1252 3317">
     <span class='ocr_line' id='line_1_25' title="bbox 80 3232 1252 3317; baseline 0 -15"><span class='ocrx_word' id='word_1_201' title='bbox 80 3233 164 3305; x_wconf 79' lang='lat'>269.</span> <span class='ocrx_word' id='word_1_202' title='bbox 186 3234 357 3302; x_wconf 75' lang='lat' dir='ltr'><strong>‘Versus</strong></span> <span class='ocrx_word' id='word_1_203' title='bbox 386 3234 430 3300; x_wconf 90' lang='lat' dir='ltr'><strong>de</strong></span> <span class='ocrx_word' id='word_1_204' title='bbox 459 3232 628 3300; x_wconf 88' lang='lat' dir='ltr'><strong>Romana</strong></span> <span class='ocrx_word' id='word_1_205' title='bbox 658 3235 850 3301; x_wconf 69' lang='lat' dir='ltr'><strong>eivitatet</strong></span> <span class='ocrx_word' id='word_1_206' title='bbox 1110 3234 1252 3317; x_wconf 74' lang='lat' dir='ltr'><strong>(Eleo)</strong></span> 
     </span>
    </p>
   </div>
   <div class='ocr_carea' id='block_1_4' title="bbox 205 3366 1116 4148">
    <p class='ocr_par' dir='ltr' id='par_1_5' title="bbox 205 3366 1116 4148">
     <span class='ocr_line' id='line_1_26' title="bbox 240 3366 1099 3455; baseline 0.001 -21"><span class='ocrx_word' id='word_1_207' title='bbox 240 3367 403 3434; x_wconf 88' lang='lat' dir='ltr'><strong>Nobilibus</strong></span> <span class='ocrx_word' id='word_1_208' title='bbox 428 3366 585 3452; x_wconf 87' lang='lat' dir='ltr'><strong>quondam</strong></span> <span class='ocrx_word' id='word_1_209' title='bbox 609 3368 714 3435; x_wconf 84' lang='lat' dir='ltr'><strong>lucras</strong></span> <span class='ocrx_word' id='word_1_210' title='bbox 737 3372 918 3434; x_wconf 86' lang='lat' dir='ltr'><strong>constructa</strong></span> <span class='ocrx_word' id='word_1_211' title='bbox 940 3368 1099 3455; x_wconf 81' lang='lat' dir='ltr'><strong>patronis3</strong></span> 
     </span>
     <span class='ocr_line' id='line_1_27' title="bbox 293 3482 1090 3569; baseline 0.003 -22"><span class='ocrx_word' id='word_1_212' title='bbox 293 3482 426 3569; x_wconf 85' lang='lat' dir='ltr'><strong>Subdita</strong></span> <span class='ocrx_word' id='word_1_213' title='bbox 447 3502 530 3547; x_wconf 91' lang='lat' dir='ltr'><strong>nune</strong></span> <span class='ocrx_word' id='word_1_214' title='bbox 554 3483 664 3566; x_wconf 86' lang='lat' dir='ltr'><strong>sorvis,</strong></span> <span class='ocrx_word' id='word_1_215' title='bbox 691 3483 762 3569; x_wconf 89' lang='lat' dir='ltr'><strong>hen,</strong></span> <span class='ocrx_word' id='word_1_216' title='bbox 786 3484 869 3549; x_wconf 89' lang='lat' dir='ltr'><strong>male</strong></span> <span class='ocrx_word' id='word_1_217' title='bbox 892 3484 993 3551; x_wconf 87' lang='lat' dir='ltr'><strong>Roma</strong></span> <span class='ocrx_word' id='word_1_218' title='bbox 1014 3485 1090 3550; x_wconf 87' lang='lat' dir='ltr'><strong>mis.</strong></span> 
     </span>
     <span class='ocr_line' id='line_1_28' title="bbox 239 3598 960 3686; baseline 0.001 -22"><span class='ocrx_word' id='word_1_219' title='bbox 239 3598 415 3666; x_wconf 87' lang='lat' dir='ltr'><strong>Deseruere</strong></span> <span class='ocrx_word' id='word_1_220' title='bbox 439 3598 484 3663; x_wconf 87' lang='lat' dir='ltr'><strong>tui</strong></span> <span class='ocrx_word' id='word_1_221' title='bbox 508 3602 539 3663; x_wconf 90' lang='lat' dir='ltr'><strong>te</strong></span> <span class='ocrx_word' id='word_1_222' title='bbox 562 3604 667 3665; x_wconf 84' lang='lat' dir='ltr'><strong>tanto·</strong></span> <span class='ocrx_word' id='word_1_223' title='bbox 689 3604 832 3686; x_wconf 89' lang='lat' dir='ltr'><strong>tempore</strong></span> <span class='ocrx_word' id='word_1_224' title='bbox 854 3620 960 3682; x_wconf 81' lang='lat' dir='ltr'><strong>reges3</strong></span> 
     </span>
     <span class='ocr_line' id='line_1_29' title="bbox 292 3712 1080 3799; baseline 0.001 -19"><span class='ocrx_word' id='word_1_225' title='bbox 292 3714 396 3781; x_wconf 82' lang='lat' dir='ltr'><strong>Cessit</strong></span> <span class='ocrx_word' id='word_1_226' title='bbox 418 3714 511 3780; x_wconf 84' lang='lat' dir='ltr'><strong>etad</strong></span> <span class='ocrx_word' id='word_1_227' title='bbox 535 3712 652 3779; x_wconf 85' lang='lat' dir='ltr'><strong>Grecos</strong></span> <span class='ocrx_word' id='word_1_228' title='bbox 674 3734 791 3781; x_wconf 89' lang='lat' dir='ltr'><strong>nomen</strong></span> <span class='ocrx_word' id='word_1_229' title='bbox 813 3714 974 3799; x_wconf 86' lang='lat' dir='ltr'><strong>bonosque</strong></span> <span class='ocrx_word' id='word_1_230' title='bbox 996 3721 1080 3781; x_wconf 89' lang='lat' dir='ltr'><strong>tuus.</strong></span> 
     </span>
     <span class='ocr_line' id='line_1_30' title="bbox 205 3826 1116 3915; baseline -0.003 -18"><span class='ocrx_word' id='word_1_231' title='bbox 205 3850 221 3897; x_wconf 84' lang='lat' dir='ltr'><strong>e</strong></span> <span class='ocrx_word' id='word_1_232' title='bbox 239 3827 530 3915; x_wconf 85' lang='lat' dir='ltr'><strong>Constantinopolis</strong></span> <span class='ocrx_word' id='word_1_233' title='bbox 552 3826 666 3896; x_wconf 87' lang='lat' dir='ltr'><strong>florens</strong></span> <span class='ocrx_word' id='word_1_234' title='bbox 689 3850 774 3897; x_wconf 83' lang='lat' dir='ltr'><strong>nova</strong></span> <span class='ocrx_word' id='word_1_235' title='bbox 794 3829 895 3896; x_wconf 86' lang='lat' dir='ltr'><strong>Roma</strong></span> <span class='ocrx_word' id='word_1_236' title='bbox 917 3834 1063 3911; x_wconf 66' lang='lat' dir='ltr'><strong>vocatum</strong></span> <span class='ocrx_word' id='word_1_237' title='bbox 1111 3865 1116 3873; x_wconf 91' lang='lat'>-</span> 
     </span>
     <span class='ocr_line' id='line_1_31' title="bbox 292 3944 1020 4031; baseline 0 -20"><span class='ocrx_word' id='word_1_238' title='bbox 292 3944 432 4012; x_wconf 86' lang='lat' dir='ltr'><strong>Moribus</strong></span> <span class='ocrx_word' id='word_1_239' title='bbox 456 3950 488 4011; x_wconf 94' lang='lat' dir='ltr'><strong>et</strong></span> <span class='ocrx_word' id='word_1_240' title='bbox 510 3946 620 4031; x_wconf 87' lang='lat' dir='ltr'><strong>muris,</strong></span> <span class='ocrx_word' id='word_1_241' title='bbox 643 3944 744 4013; x_wconf 85' lang='lat' dir='ltr'><strong>Roma</strong></span> <span class='ocrx_word' id='word_1_242' title='bbox 766 3952 901 4031; x_wconf 80' lang='lat' dir='ltr'><strong>vetusta,</strong></span> <span class='ocrx_word' id='word_1_243' title='bbox 924 3946 1020 4012; x_wconf 86' lang='lat' dir='ltr'><strong>cadis.</strong></span> 
     </span>
     <span class='ocr_line' id='line_1_32' title="bbox 240 4060 1096 4148; baseline -0.001 -21"><span class='ocrx_word' id='word_1_244' title='bbox 240 4060 379 4128; x_wconf 88' lang='lat' dir='ltr'><strong>Transiit</strong></span> <span class='ocrx_word' id='word_1_245' title='bbox 402 4062 580 4148; x_wconf 86' lang='lat' dir='ltr'><strong>imperium,</strong></span> <span class='ocrx_word' id='word_1_246' title='bbox 603 4063 782 4145; x_wconf 85' lang='lat' dir='ltr'><strong>mansitque</strong></span> <span class='ocrx_word' id='word_1_247' title='bbox 805 4061 954 4147; x_wconf 85' lang='lat' dir='ltr'><strong>snperbia</strong></span> <span class='ocrx_word' id='word_1_248' title='bbox 975 4068 1096 4142; x_wconf 76' lang='lat' dir='ltr'><strong>tecum3</strong></span> 
     </span>
    </p>
   </div>
   <div class='ocr_carea' id='block_1_5' title="bbox 81 4271 1253 4495">
    <p class='ocr_par' dir='ltr' id='par_1_6' title="bbox 81 4271 1253 4495">
     <span class='ocr_line' id='line_1_33' title="bbox 144 4271 1252 4333; baseline 0.001 -14"><span class='ocrx_word' id='word_1_249' title='bbox 144 4288 166 4319; x_wconf 80' lang='grc' dir='ltr'><strong>ι.</strong></span> <span class='ocrx_word' id='word_1_250' title='bbox 190 4272 288 4319; x_wconf 71' lang='lat' dir='ltr'><strong>frisiam</strong></span> <span class='ocrx_word' id='word_1_251' title='bbox 303 4272 335 4323; x_wconf 83' lang='lat' dir='ltr'><strong>B.</strong></span> <span class='ocrx_word' id='word_1_252' title='bbox 420 4272 442 4319; x_wconf 90' lang='lat' dir='ltr'><strong>b.</strong></span> <span class='ocrx_word' id='word_1_253' title='bbox 467 4272 542 4333; x_wconf 85' lang='lat' dir='ltr'><strong>quiV.</strong></span> <span class='ocrx_word' id='word_1_254' title='bbox 626 4288 645 4320; x_wconf 89' lang='lat' dir='ltr'><strong>c.</strong></span> <span class='ocrx_word' id='word_1_255' title='bbox 670 4288 698 4320; x_wconf 75' lang='lat' dir='ltr'><strong>es</strong></span> <span class='ocrx_word' id='word_1_256' title='bbox 716 4274 775 4330; x_wconf 79' lang='lat' dir='ltr'><strong>Vs,</strong></span> <span class='ocrx_word' id='word_1_257' title='bbox 798 4273 895 4333; x_wconf 65' lang='grc' dir='ltr'><strong>ΖΜ.</strong></span> <span class='ocrx_word' id='word_1_258' title='bbox 919 4271 1252 4331; x_wconf 72' lang='lat' dir='ltr'><strong>Adlibcietium(B)eodt·</strong></span> 
     </span>
     <span class='ocr_line' id='line_1_34' title="bbox 81 4351 1252 4415; baseline 0.001 -17"><span class='ocrx_word' id='word_1_259' title='bbox 81 4364 125 4397; x_wconf 72' lang='lat' dir='ltr'><strong>e·</strong></span> <span class='ocrx_word' id='word_1_260' title='bbox 146 4352 342 4413; x_wconf 60' lang='lat' dir='ltr'><strong>nemmem</strong></span> <span class='ocrx_word' id='word_1_261' title='bbox 358 4353 381 4399; x_wconf 82' lang='lat' dir='ltr'><strong>a</strong></span> <span class='ocrx_word' id='word_1_262' title='bbox 397 4353 435 4399; x_wconf 80' lang='lat'><strong>111</strong></span> <span class='ocrx_word' id='word_1_263' title='bbox 449 4354 490 4409; x_wconf 87' lang='lat'><em>11,·</em></span> <span class='ocrx_word' id='word_1_264' title='bbox 509 4368 530 4400; x_wconf 78' lang='lat' dir='ltr'><strong>e.</strong></span> <span class='ocrx_word' id='word_1_265' title='bbox 548 4354 634 4415; x_wconf 65' lang='lat' dir='ltr'><strong>pree</strong></span> <span class='ocrx_word' id='word_1_266' title='bbox 654 4360 700 4401; x_wconf 69' lang='lat' dir='ltr'><strong>see</strong></span> <span class='ocrx_word' id='word_1_267' title='bbox 712 4356 732 4401; x_wconf 91' lang='lat'><strong>1.</strong></span> <span class='ocrx_word' id='word_1_268' title='bbox 762 4351 846 4401; x_wconf 71' lang='lat' dir='ltr'><strong>susm</strong></span> <span class='ocrx_word' id='word_1_269' title='bbox 863 4352 934 4401; x_wconf 74' lang='lat' dir='ltr'><strong>suu</strong></span> <span class='ocrx_word' id='word_1_270' title='bbox 954 4353 981 4400; x_wconf 72' lang='lat' dir='ltr'><strong>a</strong></span> <span class='ocrx_word' id='word_1_271' title='bbox 999 4352 1095 4401; x_wconf 70' lang='lat' dir='ltr'><strong>remeo</strong></span> <span class='ocrx_word' id='word_1_272' title='bbox 1116 4353 1182 4401; x_wconf 74' lang='lat' dir='ltr'><strong>sees</strong></span> <span class='ocrx_word' id='word_1_273' title='bbox 1200 4369 1252 4415; x_wconf 70' lang='grc' dir='ltr'><strong>φρ.</strong></span> 
     </span>
     <span class='ocr_line' id='line_1_35' title="bbox 82 4426 1253 4495; baseline 0.004 -18"><span class='ocrx_word' id='word_1_274' title='bbox 82 4426 172 4494; x_wconf 66' lang='lat' dir='ltr'><strong>(uque</strong></span> <span class='ocrx_word' id='word_1_275' title='bbox 187 4432 311 4495; x_wconf 72' lang='lat' dir='ltr'><strong>Patrcloq.</strong></span> <span class='ocrx_word' id='word_1_276' title='bbox 327 4432 352 4481; x_wconf 81' lang='grc' dir='ltr'><strong>Τ.</strong></span> <span class='ocrx_word' id='word_1_277' title='bbox 366 4430 469 4491; x_wconf 73' lang='lat' dir='ltr'><strong>cml)</strong></span> <span class='ocrx_word' id='word_1_278' title='bbox 482 4448 508 4494; x_wconf 81' lang='lat' dir='ltr'><strong>p.</strong></span> <span class='ocrx_word' id='word_1_279' title='bbox 516 4435 585 4481; x_wconf 71' lang='lat'><em>1194.</em></span> <span class='ocrx_word' id='word_1_280' title='bbox 671 4433 693 4481; x_wconf 79' lang='lat' dir='ltr'><strong>(l.</strong></span> <span class='ocrx_word' id='word_1_281' title='bbox 718 4433 760 4480; x_wconf 81' lang='lat' dir='ltr'><strong>loc</strong></span> <span class='ocrx_word' id='word_1_282' title='bbox 777 4432 859 4482; x_wconf 70' lang='lat' dir='ltr'><strong>lenum</strong></span> <span class='ocrx_word' id='word_1_283' title='bbox 875 4448 918 4481; x_wconf 77' lang='lat' dir='ltr'><strong>oss.</strong></span> <span class='ocrx_word' id='word_1_284' title='bbox 929 4434 976 4481; x_wconf 87' lang='lat' dir='ltr'><strong>VB.</strong></span> <span class='ocrx_word' id='word_1_285' title='bbox 1060 4448 1081 4481; x_wconf 84' lang='lat' dir='ltr'><strong>e.</strong></span> <span class='ocrx_word' id='word_1_286' title='bbox 1104 4436 1168 4482; x_wconf 76' lang='lat' dir='ltr'><strong>toute</strong></span> <span class='ocrx_word' id='word_1_287' title='bbox 1183 4436 1208 4481; x_wconf 79' lang='lat' dir='ltr'><strong>te</strong></span> <span class='ocrx_word' id='word_1_288' title='bbox 1222 4436 1253 4482; x_wconf 88' lang='lat' dir='ltr'><strong>B.</strong></span> 
     </span>
    </p>
   </div>
   <div class='ocr_carea' id='block_1_6' title="bbox 0 0 1576 4850">
    <p class='ocr_par' dir='ltr' id='par_1_7' title="bbox 0 0 1576 4850">
     <span class='ocr_line' id='line_1_36' title="bbox 0 0 1576 4850; baseline 0 4"><span class='ocrx_word' id='word_1_289' title='bbox 0 0 1576 4850; x_wconf 95' lang='lat' dir='ltr'><strong> </strong></span> 
     </span>
    </p>
   </div>
  </div>
 </body>
</html>
