3142 4850
325 309 392 374 418
669 327 836 378 unnnmcr
857 327 986 377 oonux.
1020 325 1082 378 nae.
1094 325 1148 377 reo

238 499 492 573 uesperam,
522 485 697 572 disponetis
720 492 829 554 uostm
852 487 1000 554 oonsiliot
1030 491 1067 552 ut
1088 487 1220 553 nundus
1247 487 1348 553 bonus
1375 484 1482 550 litteras

326 601 554 687 archiepiscopi
568 603 667 668 vestri
687 607 720 669 et
737 603 827 669 ducis
849 621 913 668 una
933 621 1003 668 cum
1025 602 1141 668 litteris
1156 602 1271 669 vestrm
1288 601 1329 668 ad
1347 601 1483 666 domnum

325 713 552 802 apostolicum¹
573 717 705 800 deierat,
730 737 809 802 quae
832 737 941 785 omnes
963 699 1045 784 hauc
1067 737 1223 784 summam
1241 717 1408 804 peticionis
1422 735 1484 782 ooo·

325 833 464 915 tineent,
492 837 527 898 ut
549 833 641 900 detur
665 832 754 898 vobis
775 838 918 918 potestas
941 834 1138 919 expurgandi
1158 853 1217 899 ros
1238 833 1273 900 in
1294 833 1422 916 regione
1441 850 1484 896 ve

324 953 514 1016 suasorem
530 949 639 1015 eodem
655 948 793 1015 Iohanne
808 947 967 1015 cardinale
973 945 996 1032 ¹,
1019 950 1109 1016 cuine
1126 949 1319 1016 mentionem
1334 949 1370 1014 in
1382 946 1485 1013 litteris

325 1063 442 1130 vermis
464 1063 628 1130 habuistis.
719 1064 849 1130 iuterim
871 1065 918 1130 ita
941 1063 1029 1131 vobis
1051 1063 1225 1151 providete,
1246 1071 1293 1147 ut,
1316 1064 1350 1130 si
1371 1081 1486 1130 neeesse

326 1179 437 1263 merit,
461 1179 581 1244 intrare
604 1179 728 1246 ltaliam
751 1199 815 1246 non
838 1180 1000 1246 dubitetis.
1042 1180 1183 1267 Expedit
1203 1182 1287 1247 enim
1311 1179 1415 1263 vobis,
1440 1197 1487 1244 er·

326 1300 429 1362 boma
453 1294 561 1379 queris
583 1296 707 1382 perpeti
732 1315 827 1380 quam
849 1296 1066 1363 inobedientes
1088 1293 1252 1364 inveniri⁸.

329 1506 417 1577 240.
438 1508 685 1576 Commentarius
708 1509 866 1576 edecimata
888 1509 1038 1576 Amisa
1052 1510 1095 1576 II
1112 1515 1312 1597 antipopoe'.
1363 1507 1486 1587 (11333)

223 1651 292 1705 1130
416 1639 601 1708 innomine
624 1641 744 1708 domini
765 1643 867 1708 nostri
891 1643 962 1708 lesu
977 1642 1104 1708 Gbmsti.
1139 1643 1234 1708 Auno
1252 1640 1428 1708 dominicae
1448 1641 1489 1706 in·

203 1724 309 1772 mm*
326 1758 519 1824 carnationis
543 1759 629 1824 1130
651 1757 825 1825 indictione
847 1765 969 1842 octava,
993 1758 1111 1824 mensis
1126 1757 1292 1824 Februarii
1312 1757 1366 1822 die
1387 1761 1490 1842 quarta

327 1873 459 1956 decima,
482 1873 741 1939 convenientibus
757 1873 849 1940 nobis
864 1875 897 1939 in
913 1893 1021 1958 unum,
1045 1879 1081 1938 ut
1095 1875 1193 1939 moris
1207 1879 1266 1957 est,
1284 1873 1317 1938 id
1333 1876 1384 1939 est
1398 1891 1491 1938 sacer·

327 1987 453 2055 dotibus
477 1995 509 2054 et
531 1989 635 2056 levitis
660 1993 692 2056 et
713 1989 835 2074 reliquo
858 1989 943 2056 clero
968 1996 1001 2056 et
1022 1989 1163 2072 generali
1183 1989 1303 2055 milicia
1324 2008 1362 2055 ao
1384 1989 1491 2055 cidon

326 2103 552 2171 universitate*
576 2111 608 2170 et
636 2112 749 2172 cuncte
776 2105 983 2189 generalitate
1008 2107 1102 2171 istius
1130 2105 1240 2171 aDeo
1268 2103 1492 2171 conservandae

326 2217 488 2286 Romanam
516 2221 620 2304 urbis,
648 2221 682 2286 in
710 2239 880 2307 personam
904 2222 1011 2288 domni
1033 2221 1164 2305 Ptetri),
1193 2221 1286 2287 huius
1308 2219 1493 2306 apostolicae

329 2335 414 2402 sedis
436 2333 596 2401 Romanae
620 2335 769 2403 eeclesiae
792 2335 961 2403 cardinalis
983 2337 1152 2424 presbiteri
1174 2336 1258 2404 tituli
1280 2335 1411 2420 balino,
1434 2334 1494 2400 Deo

329 2457 517 2539 cooperante
540 2458 572 2518 et
587 2453 750 2521 beatorum
766 2453 980 2539 apostolorum
996 2454 1231 2537 intercessione,
1255 2452 1397 2519 cucurrit
1409 2458 1495 2537 atque

329 2568 488 2635 consensit
510 2568 631 2635 electio.
677 2568 773 2635 Cuius
796 2569 957 2635 decretum
981 2569 1198 2655 sollempniter
1219 2570 1372 2636 facientes
1394 2574 1429 2634 et
1447 2568 1495 2634 do

328 2685 447 2752 sideria
475 2685 615 2751 cordium
640 2683 723 2751 cirea
746 2686 814 2751 eius
837 2685 1022 2751 electionem
1045 2704 1196 2751 manuum
1219 2685 1497 2770 subscriptionibus

329 2800 562 2885 confirmantes,
585 2800 770 2887 profitemur
792 2802 896 2887 ipsum
920 2800 988 2867 Deo
1011 2800 1180 2867 amabilem
1201 2805 1347 2867 nostrum
1369 2799 1497 2867 electum

329 2920 451 2983 costum
475 2916 625 3003 pudicum
648 2916 788 2983 sobrium
811 2937 848 2983 ao
864 2916 1032 3000 benignum
1056 2922 1089 2982 et
1107 2917 1254 2983 omnibus
1275 2917 1340 3002 piis
1355 2917 1499 3002 operibus
1560 2946 1562 2953 ·

328 3036 492 3098 *assuetum
515 3037 609 3118 atque
633 3033 826 3099 orthodoxae
848 3032 923 3099 fidei
945 3038 978 3099 et
1000 3040 1182 3102 sanctorum
1204 3037 1333 3118 patrum
1355 3033 1500 3099 aradios·

329 3168 407 3214 num
442 3148 639 3215 defensorem
674 3154 706 3215 et
737 3149 946 3217 fortissimum
981 3150 1224 3215 observatorem.
1271 3148 1366 3216 Hunc
1399 3151 1501 3232 itaque

331 3282 450 3347 omnes,
473 3270 583 3350 utpote
605 3269 676 3337 tam,
694 3264 899 3331 mitissimum
921 3271 1049 3349 amque
1064 3263 1133 3330 Deo
1147 3264 1289 3349 dignum,
1312 3265 1502 3333 unanimiter

331 3378 421 3446 uobis
437 3378 588 3463 elegimus
611 3380 645 3445 in
669 3386 828 3467 pastorem
845 3385 940 3465 atque
962 3380 1153 3466 pontificem.
1189 3380 1280 3447 Unde
1294 3381 1334 3447 ob
1350 3382 1421 3447 eius
1435 3380 1505 3466 piae

329 3497 578 3563 conversationis
601 3496 852 3580 magnitudinem
873 3498 1035 3562 inmensas
1050 3494 1245 3582 redemptori
1259 3503 1370 3564 nostro
1385 3495 1506 3580 gratias

331 3617 364 3678 et
377 3611 486 3679 laudes
502 3612 677 3695 referimus,
695 3630 833 3679 consona
843 3590 914 3679 cuin
926 3612 1084 3698 propheta
1092 3618 1243 3679 canentes
1254 3631 1347 3679 voce:
1364 3612 1507 3699 maeno

332 3752 373 3810 ee,
398 3732 524 3795 dominc
546 3728 635 3795 Deua
657 3742 776 3811 noeto,
800 3750 980 3815 magnaque
1000 3732 1102 3794 virtue
1123 3725 1205 3795 tud.
1249 3730 1329 3811 Quoi
1352 3733 1439 3795 euim
1462 3729 1507 3793 lo·

332 3858 443 3932 poetar
464 3848 621 3933 potentior
644 3858 724 3926 tuae,
748 3846 898 3926 Domine,
922 3860 952 3912 ct
974 3847 1101 3910 cuddae
1114 3846 1219 3930 faciet
1241 3847 1352 3911 modu
1374 3848 1507 3911 elem·

403 4000 424 4033 a
448 4000 478 4033 eo
493 3986 683 4041 Vnt-idio,
701 3984 724 4032 Ζ
737 4000 762 4046 p.
774 3988 918 4034 arr-312.
1025 3984 1049 4031 b.
1072 3986 1245 4033 universalitate
1260 3986 1285 4032 V.

404 4083 428 4136 1.
448 4080 598 4137 Honorium
611 4081 646 4135 11.
717 4082 743 4135 2.
762 4079 884 4138 Iohanne
897 4081 1028 4150 episcopo
1040 4080 1167 4136 Ostiensi.
1196 4081 1235 4149 (le
1252 4081 1282 4135 in
1294 4079 1427 4136 Canonici
1436 4075 1508 4132 wi*

332 4169 506 4239 regradeneis
525 4168 729 4227 continuatione
742 4168 868 4237 memes
885 4168 958 4225 lion.
971 4168 1063 4225 Germ.
1076 4168 1177 4225 SS.lX
1192 4170 1253 4239 134,
1271 4168 1307 4224 ad
1323 4170 1392 4225 1129
1407 4176 1506 4235 perp*

332 4272 390 4311 rum
411 4257 639 4329 „Tuscolanensie
657 4257 820 4326 episeopus*
839 4260 974 4325 vocatur.)
1063 4259 1089 4313 3.
1113 4258 1156 4313 De
1174 4258 1338 4328 purgatione
1356 4248 1509 4311 lleinbnrdi

332 4344 442 4401 demum
461 4360 532 4403 auno
545 4347 613 4402 1131
632 4344 707 4401 iacta
724 4344 759 4401 of.
773 4346 881 4402 Gontiu.
895 4347 1013 4403 Cosmus
1030 4346 1066 4402 ad
1080 4348 1149 4403 1131
1167 4348 1185 4402 1.
1197 4347 1216 4401 1.
1234 4360 1261 4415 p.
1274 4346 1335 4401 131.
1415 4343 1445 4397 4.
1464 4334 1508 4394 Gi·

332 4432 377 4488 Pe.
393 4434 452 4504 146,
469 4436 496 4490 d.
