3142 4850
370 350 551 399 nsasorrm
572 352 754 400 proceeds,
789 352 885 400 Lm.1
908 350 950 402 aa.
965 352 999 403 es
1202 337 1222 400 t
1226 336 1268 401 33
1374 374 1380 392 ·

99 508 272 595 episeopus,
297 509 385 575 cuins
408 510 561 577 memoria
583 531 708 597 semper
723 512 756 577 in
772 511 988 579 benedictione
1003 512 1074 596 sit·,
1099 512 1139 579 ad
1161 530 1437 596 regem1131-1139

98 625 271 710 predictam
294 624 414 710 Belem,
439 646 586 710 maguum
610 626 894 713 elemosinatorem,
920 647 991 694 cum
1014 627 1129 695 litteris
1153 648 1190 694 ac
1213 627 1268 694 do-

98 742 194 807 nariis
217 762 288 808 eum
312 740 443 808 direxit:
473 762 586 828 parere
609 744 769 810 amicicias
794 749 826 811 et
848 744 992 809 notitiam
1023 744 1268 829 societatemque

98 876 133 922 ac
154 857 345 943 parilitatem
362 859 538 923 studiorum
555 860 587 925 in
604 860 751 945 operibus
768 860 995 944 misericordie,
1020 861 1190 927 accendere
1212 860 1267 926 bo-

97 972 213 1039 minem
228 978 370 1039 sanctum
395 973 435 1040 ad
453 972 644 1041 desiderium
666 975 772 1041 future
792 976 1031 1063 expectationis,
1055 976 1094 1042 ad
1117 976 1266 1060 gaudium

96 1094 203 1155 eterne
225 1090 290 1155 uite
313 1094 406 1175 atque
430 1089 642 1156 beatitudiuis.
679 1089 756 1157 Bela
781 1112 865 1175 ergo,
890 1096 1017 1178 accepto
1041 1092 1154 1158 nuncio
1178 1090 1268 1157 audi·

96 1204 198 1291 tisque
219 1205 334 1272 litteris
358 1206 513 1291 episcopi,
543 1206 702 1292 spirituali
731 1208 834 1291 gratia
865 1214 896 1274 et
918 1208 1026 1273 diviua
1054 1206 1267 1274 consolatione

96 1318 208 1405 plenis,
230 1320 397 1387 letificatus
420 1327 468 1389 est
483 1320 584 1387 valde.
619 1322 725 1408 Atque
748 1322 781 1389 in
797 1323 968 1390 festivitate
991 1323 1130 1410 paschali
1147 1360 1188 1369 —
1207 1342 1267 1407 que

97 1436 179 1522 apud
201 1436 345 1520 Ungaros
376 1438 470 1503 etiam
501 1441 631 1524 propter
653 1439 753 1524 ipsius
780 1447 865 1507 terre
894 1441 1066 1506 maximam
1089 1439 1265 1508 ubertatem

1 1537 3 1544 ¹
95 1551 196 1618 multa
217 1553 381 1640 epularum
405 1553 552 1638 largitate
566 1553 731 1639 splendide
755 1574 792 1621 ac
805 1555 938 1623 delicate
953 1555 1104 1621 celebrari
1128 1555 1208 1622 solet
1223 1590 1262 1601 -
1314 1616 1316 1619 .
1423 1549 1427 1559 ’

95 1668 260 1752 magnifice
287 1669 399 1736 habuit
424 1670 555 1735 nuncios
583 1668 724 1752 Ottonis3
754 1670 852 1737 vitam
881 1672 964 1755 eius,
995 1672 1264 1739 conversationem

94 1788 212 1851 statum
236 1790 268 1851 et
290 1805 387 1871 opera
409 1784 518 1852 crebm
541 1786 747 1870 interrogans.
788 1786 982 1872 Miraturque
1005 1787 1119 1872 omnia,
1144 1808 1204 1872 que
1227 1788 1266 1853 de

93 1899 148 1966 illo
171 1901 308 1983 audivit3
332 1922 446 1985 magne
468 1901 611 1968 felicitati
630 1902 817 1988 asscribens,
841 1903 924 1989 quod
947 1904 1020 1970 talis
1036 1904 1096 1969 riri
1120 1903 1266 1970 notitiam

93 2036 150 2102 per
172 2017 303 2083 nuncios
326 2017 409 2084 dona
437 2022 469 2083 et
497 2017 620 2084 litteras
648 2018 791 2105 accipere
813 2021 990 2086 meruisset.
1032 2019 1265 2086 Consummatis
1306 2006 1312 2023 '

93 2152 168 2216 crgo
192 2132 312 2217 diebus,
336 2154 407 2200 cum
430 2141 556 2219 tempus
580 2139 664 2200 esset
685 2134 865 2202 dimittendi
888 2135 1019 2220 legatos,
1048 2136 1149 2201 multa
1172 2135 1266 2203 devo·

91 2249 178 2315 tione
201 2249 301 2316 sacris
323 2250 518 2316 orationibus
545 2249 629 2317 beati
652 2251 713 2316 viri
735 2272 792 2318 rex
822 2272 891 2319 sese
914 2251 1153 2337 commendans,
1184 2251 1267 2318 dona

91 2364 297 2453 multiplicat,
322 2386 398 2434 vasa
426 2386 522 2434 aurea
550 2371 582 2434 et
606 2372 754 2451 argentea
783 2372 816 2435 et
838 2374 941 2436 restes
969 2369 1129 2456 preciosas
1157 2367 1265 2454 mittit,

91 2481 224 2568 insuper
239 2483 350 2567 viginti
373 2483 471 2550 libras
494 2484 614 2550 excocti
639 2485 724 2566 auri3
748 2485 928 2572 specialiter
949 2485 1127 2569 obsecrans,
1152 2489 1187 2550 ut
1209 2486 1266 2550 bas

90 2597 125 2663 in
148 2598 272 2684 aliquos
294 2599 418 2666 divinos
443 2621 517 2666 usus
545 2599 578 2665 in
601 2600 851 2667 recordationem
880 2602 927 2666 sui
956 2601 1132 2686 expendere
1156 2600 1266 2682 digua·

90 2719 188 2780 retur.
281 2713 458 2802 Episcopus
481 2737 571 2801 ergo,
602 2717 738 2804 acceptis
762 2716 853 2783 donis
876 2722 908 2783 et
931 2737 1023 2800 auro,
1052 2714 1097 2782 nil
1125 2720 1265 2782 meratus

90 2829 190 2897 Beato
209 2829 376 2899 ldicbabeli
400 2831 458 2898 hoo
481 2832 606 2919 optulit,
629 2834 731 2898 crucis
753 2834 848 2898 decus
871 2833 903 2898 in
928 2833 1054 2898 nomine
1076 2827 1266 2898 Salvatoris¹

90 2945 130 3014 de
153 2946 214 3014 hoc
236 2945 304 3014 lieri
321 2948 492 3030 mandons3
516 2948 667 3034 additque
682 2949 721 3015 de
737 2969 793 3016 suo
810 2949 878 3014 auri
895 2949 1101 3034 quantitatem
1126 2953 1158 3014 et
1179 2967 1266 3032 gem-

90 3083 169 3130 mas.
206 3063 250 3129 Et
273 3064 426 3130 clusorem
448 3064 636 3149 conducens,
658 3065 793 3150 insigne,
817 3069 973 3131 trecentas
998 3065 1121 3148 argenti
1143 3084 1265 3130 marcas

88 3179 274 3264 valiturum,
299 3180 338 3246 ad
362 3179 511 3248 bonorem
528 3179 589 3247 Dei
612 3186 645 3248 et
666 3181 835 3248 utilitatem
860 3181 989 3248 ecclesie
1011 3179 1183 3246 fabricatus
1206 3185 1264 3247 est

180 3298 236 3362 38.
266 3295 328 3362 Sed
345 3296 418 3382 quia
433 3295 517 3364 beati
533 3295 608 3363 Bele
622 3297 771 3381 Ungarici
788 3298 870 3381 regis
887 3298 1005 3362 mentio
1022 3295 1141 3380 incidit,
1166 3316 1266 3383 pauca

87 3411 128 3478 de
150 3411 220 3478 iilia
243 3412 310 3478 eius
329 3411 458 3499 Sophia,
482 3412 598 3498 quein
623 3413 784 3500 proposito
804 3413 995 3496 virginitatis
1018 3412 1076 3479 sub
1100 3433 1188 3479 sacro
1212 3434 1266 3480 ve·

87 3526 208 3595 lamine
237 3529 320 3595 inter
342 3535 467 3595 sanctas
492 3529 628 3612 virgines
651 3528 880 3594 Admuntensis
909 3529 1094 3594 monasterii
1124 3527 1265 3596 laudabi-

86 3641 161 3711 liter
185 3643 302 3728 degit',
333 3645 373 3710 ad
401 3644 628 3711 edificationem
651 3665 782 3712 narrare
808 3645 967 3732 incipiam.
1059 3644 1126 3711 Heo
1149 3646 1264 3712 etenim

88 3766 162 3828 ante
186 3781 288 3826 annos
311 3760 434 3828 nubiles
464 3760 563 3847 petita
593 3766 641 3828 est
666 3761 699 3827 in
724 3761 959 3827 matrimonium
984 3760 1133 3828 Heinrico
1156 3781 1264 3847 puero,

87 3877 333 3945 Teutonicorum
358 3875 441 3959 regis
465 3871 621 3942 Gunradi’
642 3876 707 3943 filio
734 3876 953 3962 primogenito.
995 3875 1072 3943 Bela
1095 3897 1169 3960 ergo
1193 3897 1264 3944 cum

86 4013 164 4080 sepe
186 3998 318 4075 rogatus
341 3992 468 4057 tandem
492 3987 719 4077 acquievisset⁸
740 3991 823 4058 banc
845 3991 892 4057 illi
911 3991 997 4075 dare,
1021 3997 1053 4058 et
1075 3992 1183 4059 nuncii
1206 4012 1263 4078 pro
1293 4010 1362 4064 1139

156 4122 179 4154 a.
203 4107 235 4154 In
251 4105 316 4153 codd
333 4105 429 4165 (NBR)
445 4106 502 4154 baec
517 4106 553 4154 ito
568 4105 669 4168 scorsum
683 4113 750 4154 uret.-
770 4109 846 4153 certus
862 4108 938 4166 itaque
955 4107 983 4153 de
1000 4107 1151 4154 abenuuitate
1168 4119 1194 4154 ss
1210 4120 1263 4167 pru·
1281 4082 1331 4130 ¹¹²²
1343 4084 1371 4130 ¹¹

86 4189 166 4235 dantia
181 4185 276 4234 Budelll
293 4187 331 4247 epi
347 4185 405 4247 (epo
420 4185 470 4244 lt),
491 4187 557 4233 onina
573 4187 681 4234 memoria
696 4200 788 4246 semper
803 4187 826 4232 in
842 4186 1000 4232 benedictione
1017 4187 1060 4242 sit,
1082 4187 1121 4246 qai
1142 4186 1171 4233 ad
1188 4186 1263 4232 omnia

86 4269 164 4316 studia
179 4267 338 4314 misericordie
354 4265 448 4312 sedulas
464 4266 486 4311 ei
502 4266 606 4312 minister
621 4267 676 4312 erat.
776 4265 800 4311 b.
825 4265 894 4323 elegit
909 4265 940 4320 Ν,
957 4265 1020 4323 degit
1036 4265 1088 4312 BR.

160 4346 185 4400 1.
205 4343 308 4398 dehac
321 4357 418 4412 ,cruce
430 4341 596 4398 salvatoris“
611 4342 647 4397 cl.
659 4343 742 4397 etiam
754 4341 816 4397 Ebc
829 4342 841 4396 l
855 4343 888 4397 17
901 4357 985 4411 supra
1002 4358 1029 4412 p.
1044 4343 1105 4398 604.
1172 4344 1197 4397 2.
1217 4341 1264 4396 lll.

85 4435 112 4487 3.
131 4432 178 4488 die
188 4434 222 4487 11
234 4431 294 4486 luu.
306 4432 388 4502 11393
400 4447 428 4484 v.
440 4429 540 4486 librum
553 4445 656 4486 meum:
669 4429 834 4484 Gescbicbte
847 4429 896 4485 des
908 4429 1059 4486 deutschen
1072 4428 1172 4486 Reichs
1185 4435 1266 4486 untcr

87 4522 199 4578 οοιηι
211 4520 254 4576 ιιι
270 4535 298 4590 p.
310 4521 347 4573 ss
364 4535 391 4574 n.
404 4520 448 4574 ao.
