3142 4850
466 343 634 393 cucusum
655 343 783 393 couax.
818 339 854 394 es
1182 327 1244 394 181

76 499 134 571 93.
159 502 252 569 socii
278 503 354 568 tuti
374 503 661 590 Htaoeolpmeons
689 505 850 570 eeclesiam
873 505 1093 571 occidentales
1115 507 1246 571 unan-

158 631 222 698 tur,
246 633 282 685 ut
303 641 401 706 quam
419 621 556 707 plen‘me·
576 621 640 685 sibi
659 615 888 686 mouentum
1111 620 1246 702 (Esco)

23 814 27 822 .
159 751 430 818 ierosolimitanus
453 753 634 838 patriarcba
656 757 688 818 et
711 753 851 839 episcopi
875 758 940 818 tam
958 751 1050 820 Greci
1074 775 1168 839 quam
1184 753 1246 820 La·

70 867 127 933 tini
151 870 363 953 universaque
383 868 504 935 milicia
518 867 649 934 Domini
664 877 696 934 et
710 868 871 952 ecclesiae,
894 869 1080 936 occidentali
1096 870 1246 938 ecclesiae

71 984 268 1050 consorcium
292 983 436 1050 coelsmis
459 983 629 1050 Ierusalem
652 991 685 1051 et
706 984 755 1050 sui
778 984 896 1050 laboris
919 985 1106 1070 portionem.

158 1097 314 1177 Quoniam
339 1099 489 1166 ecclesiae
512 1102 706 1166 incremento
721 1120 777 1166 uos
801 1099 937 1183 gaudere
958 1100 1041 1166 nonb
1063 1101 1245 1184 ignoramus

73 1219 101 1280 et
122 1213 277 1281 sollicitos
300 1213 341 1280 ad
364 1214 521 1280 audienda
543 1221 609 1281 tam
633 1215 766 1281 adversa
790 1235 884 1299 quam
908 1235 1060 1302 prospera
1078 1217 1245 1302 oredimus,

74 1329 325 1417 amplificationis
348 1343 460 1396 causa‘
483 1331 529 1396 sic
551 1329 760 1397 notificamus.
802 1329 980 1397 innotescat
1001 1331 1099 1414 igitur
1122 1331 1247 1399 caritati

72 1451 212 1513 ammae:
242 1446 344 1513 Deum
373 1448 406 1512 in
433 1447 599 1529 sexaginta
621 1445 850 1532 principalibus
874 1447 1054 1513 civitatibus
1078 1453 1109 1514 et
1132 1449 1165 1514 in
1189 1448 1246 1514 du·

73 1565 169 1630 motis
193 1564 307 1630 castris
330 1581 406 1628 suae
429 1561 579 1628 ecclesiae
601 1561 825 1648 triumphasse,
849 1569 914 1628 tam
933 1563 966 1628 in
982 1561 1135 1630 Romania
1151 1585 1245 1649 quam

74 1678 228 1765 iuSyria3
253 1685 286 1745 et
306 1699 365 1745 noa
387 1679 503 1745 habere
526 1677 628 1744 adhuc
651 1677 690 1744 de
710 1677 852 1743 loricatis
868 1681 994 1745 centum
1006 1679 1097 1745 milia
1121 1683 1246 1766 praeter

74 1795 193 1880 vulgus,
218 1795 345 1860 amissis
367 1801 474 1860 tamon
498 1793 606 1859 multis
628 1793 661 1858 in
686 1793 797 1880 primis
820 1792 957 1879 praeliis.

157 1909 223 1976 Sed
247 1909 424 1995 quidhoc?
456 1907 539 1987 Quid
562 1927 642 1973 unus
666 1910 700 1974 in
722 1905 831 1975 mille?
866 1907 927 1975 Ubi
949 1929 1008 1974 noa
1027 1909 1178 1976 habemus
1194 1931 1245 1976 co·

75 2027 189 2109 mitem,
215 2025 322 2091 hostes
345 2025 556 2110 quadraginta
575 2045 681 2107 reges3
706 2023 759 2089 ubi
774 2029 924 2108 turmam,
948 2025 1053 2091 hostes
1068 2025 1243 2109 legioncm3

76 2139 204 2208 abinoe
228 2139 377 2224 militem,
407 2143 469 2228 ipsi
492 2141 620 2222 ducem3
650 2139 704 2205 ubi
726 2137 882 2225 peditem,
911 2139 974 2226 ipsi
997 2141 1161 2223 comitem3
1191 2141 1245 2208 ubi

75 2275 126 2322 nos
148 2264 302 2341 castrum,
324 2259 388 2344 ipsi
409 2277 553 2340 regnum.
633 2255 698 2321 Nos
722 2261 838 2338 autem,
862 2274 925 2320 non
949 2253 1057 2321 contisi
1080 2255 1113 2322 in
1137 2256 1245 2323 multi·

75 2374 175 2441 tudine
192 2394 252 2442 nec
273 2375 411 2462 propriis
427 2373 547 2441 viribus
563 2392 620 2439 nec
643 2371 897 2458 praesumptione
914 2371 1029 2457 aliqua,
1054 2373 1108 2440 sod
1126 2373 1244 2460 clipeod

76 2488 185 2559 cumei
217 2497 251 2557 et
279 2491 405 2558 iusticia
431 2490 582 2577 protecti,
613 2486 765 2570 Georgio·
789 2494 820 2553 et
843 2486 1005 2554 Theodoro
1028 2495 1061 2555 et
1082 2488 1245 2557 Demetrio

77 2610 105 2670 et
124 2612 234 2674 sancto
248 2604 357 2673 Blasio
379 2607 534 2673 militibus
550 2604 668 2672 Christi
689 2624 746 2669 nos
763 2622 836 2670 vere
852 2604 1085 2689 comitantibus,
1108 2606 1245 2672 hostium

77 2740 183 2790 mneos
208 2724 315 2790 securi
337 2730 541 2811 penetramus
565 2723 597 2788 et
620 2719 856 2807 penetravimus
881 2721 967 2786 etin
992 2720 1128 2807 quinque
1151 2742 1245 2805 gone-

77 2838 187 2905 ralibus
211 2840 305 2908 belbs
328 2839 557 2925 campestribus
580 2835 648 2903 Deo
672 2836 816 2904 vincente
840 2836 980 2902 vicimus.

158 2954 222 3023 Sed
252 2954 328 3041 quid
354 2954 469 3043 plura?
506 2952 557 3019 Ex
586 2956 676 3040 parte
698 2951 759 3018 Dei
789 2931 820 3018 ot
843 2958 952 3019 nostra
974 2972 1031 3037 ego
1056 2952 1245 3038 apostolicus

75 3070 253 3155 patriarcba
275 3078 307 3137 et
331 3070 472 3157 episcopi
495 3070 659 3154 omnisque
683 3066 759 3132 ordo
777 3066 907 3135 Domini
930 3066 1151 3155 praecipiendo
1175 3088 1245 3134 ora·

76 3204 140 3251 mus
161 3192 329 3271 materque
353 3192 463 3253 nostra
479 3183 654 3272 spiritualis
670 3182 802 3249 ecclesia
817 3184 948 3250 clamat:
974 3184 1087 3268 uenite,
1110 3182 1167 3251 filii
1182 3184 1245 3250 mei

76 3298 286 3387 dilectissimi,
315 3302 421 3369 venite
445 3301 485 3367 ad
507 3320 575 3383 me,
604 3298 754 3384 suscipite
777 3318 924 3365 coronam
950 3300 988 3367 ab
1011 3300 1245 3383 insurgentibus

76 3412 143 3481 tiliis
164 3418 360 3504 ydolatriae,
390 3418 429 3484 ab
451 3418 547 3483 inicio
569 3416 679 3481 mundi
704 3415 792 3482 vobis
816 3414 1093 3501 praedestinatam.
1133 3414 1245 3481 Venite

77 3550 143 3614 ergo
165 3532 341 3599 militatum
362 3534 398 3599 in
413 3530 542 3599 Domini
565 3531 684 3597 milicia
703 3531 743 3597 ad
766 3530 899 3597 eundem
916 3530 1030 3616 locum,
1054 3532 1164 3617 inquo
1181 3530 1245 3597 Do-

76 3647 173 3714 minus
197 3648 359 3732 militavit,
382 3648 415 3714 iu
439 3668 501 3733 quo
516 3644 662 3713 Christus
684 3666 798 3733 passus
822 3652 870 3712 est
888 3664 945 3733 pro
961 3644 1067 3729 nobis3
1092 3644 1180 3712 robis
1196 3666 1246 3713 re·

76 3758 215 3847 inquens
240 3762 433 3851 exemplum,
460 3770 496 3830 ut
518 3762 695 3848 sequamini
720 3762 853 3845 vestigia
875 3764 952 3827 eius.
998 3762 1159 3847 Numquid
1183 3782 1245 3827 non

77 3872 155 3944 Deus
182 3879 338 3946 innocens
360 3901 419 3966 pro
440 3880 532 3946 nobis
553 3886 697 3945 mortuus
721 3876 789 3944 esti
830 3874 1002 3944 ldoriamur
1025 3898 1098 3961 ergo
1122 3882 1155 3942 et
1176 3896 1245 3959 nos,

78 3989 198 4080 siopns
222 3994 280 4078 sit,
303 4015 361 4080 pro
376 3994 443 4062 Deo
465 3995 563 4061 immo
586 4014 645 4080 pro
666 3993 772 4075 nobis3
797 3998 843 4077 ut,
867 3992 1030 4059 moriendo
1046 3991 1173 4076 mundo,
1198 3990 1245 4057 vi·

141 4200 162 4234 ι
184 4204 214 4237 a
230 4190 254 4239 u
266 4188 344 4245 rose,
360 4191 382 4236 2
389 4190 484 4251 pras,
500 4190 524 4237 a
539 4189 674 4237 ace-or.
700 4188 740 4235 aa
755 4186 805 4235 eoa
818 4188 946 4249 scema
960 4186 1082 4235 esuum
1097 4187 1206 4235 aaron
1223 4194 1245 4235 c
1314 4174 1320 4181 '

83 4266 176 4316 Duum
194 4269 293 4317 Tim
304 4268 444 4317 atr-ara.
536 4270 559 4315 b.
583 4267 676 4314 dubium
692 4266 746 4313 add
761 4266 805 4315 VZ.
898 4282 917 4313 c.
943 4281 1012 4315 causa
1027 4267 1146 4327 posterior
1160 4281 1245 4315 munus

83 4346 355 4396 miscenam<
431 4348 455 4395 d.
477 4346 595 4409 elypeoV.
673 4362 693 4393 e.
717 4346 858 4393 GaorioVZ.

148 4450 416 4510 adumaticum
434 4466 497 4507 osse
512 4451 584 4507 hano
602 4450 754 4522 epistolam,
778 4450 889 4506 minime
908 4446 1018 4506 difficile
1036 4449 1175 4506 intellectu
1193 4454 1244 4505 eat
