3142 4850
329 289 396 355 640
587 307 712 356 nsours
732 307 813 355 vrrs
836 305 994 356 orneris.
1030 308 1097 355 nm
1112 307 1139 354 11
1163 305 1204 356 rs.
1218 303 1251 355 re

243 481 312 536 1124
328 463 437 531 uitatis
460 465 493 530 in
511 465 711 532 veneratione
729 465 904 532 beatissimi
919 463 1134 550 apostolorum
1157 463 1311 551 principis
1333 461 1490 546 euffiuvie

329 577 456 664 illicque
478 578 584 646 sedem
609 579 820 665 episcopalem
847 581 968 647 statuit

421 696 471 760 16.
508 693 570 760 Sed
593 694 646 780 pio
662 695 800 778 doctore,
823 715 883 781 pro
897 695 1054 761 continuis
1070 695 1247 761 animarum
1268 693 1365 762 lucris
1379 713 1493 760 moran

329 809 395 876 illic
416 810 562 893 faciente,
585 810 699 877 devota
721 811 826 894 gregis
849 811 899 876 sui
921 809 1102 894 multitudo,
1124 830 1189 876 non
1207 809 1309 876 solum
1329 810 1364 875 in
1378 808 1494 876 Baben

329 925 474 1009 bergensi
497 926 566 992 loco
590 926 645 992 sed
669 925 755 992 etin
778 924 922 1010 pluribus
944 925 1083 992 cenobiis
1107 930 1141 990 et
1162 925 1338 1011 parrochiis
1360 924 1495 1006 rodesto,

328 1040 503 1107 incredibili
528 1040 738 1106 sollicitudine
767 1045 801 1106 et
821 1059 944 1106 merore
971 1060 1030 1126 pro
1051 1039 1234 1124 longiturna
1255 1039 1339 1106 tanti
1365 1040 1495 1125 pasturis

330 1155 473 1222 absentia
488 1155 660 1239 angebatur
676 1160 717 1238 et,
741 1162 777 1220 ut
799 1162 977 1240 reportaret
990 1154 1092 1238 illum,
1116 1154 1217 1222 modis
1232 1155 1379 1222 omnibus
1395 1155 1494 1222 instat

330 1269 419 1337 Unde
434 1269 546 1337 crebre
569 1271 609 1336 ad
624 1291 696 1336 eum
719 1270 819 1336 missa
840 1269 998 1355 legatione
1018 1289 1129 1356 preces
1151 1270 1307 1356 precibus,
1332 1275 1409 1336 vota
1422 1270 1494 1335 rot‘u

329 1373 559 1469 congeminant.
596 1384 659 1452 Sed
681 1392 713 1452 et
735 1385 865 1468 litteris,
894 1385 1023 1452 filialem
1045 1384 1236 1452 testantibus
1257 1405 1417 1469 amorem,
1444 1403 1494 1470 pro

328 1501 433 1568 reditu
456 1501 523 1567 eius
546 1505 690 1584 satagere
712 1520 776 1566 non
798 1499 962 1582 desinunt3
992 1521 1125 1586 quarum
1153 1501 1206 1567 hie
1228 1497 1341 1567 unam¹
1362 1500 1494 1566 inserere

329 1616 458 1700 dignum
475 1615 600 1682 videtur
622 1621 687 1681 tam
711 1635 768 1700 pro
792 1615 842 1682 sui
857 1614 1022 1683 duloedine
1044 1637 1139 1700 quam
1162 1616 1259 1682 etium
1281 1635 1341 1702 pro
1363 1614 1494 1681 auctoris

330 1731 396 1798 eius
419 1731 470 1817 pie
493 1730 644 1797 memorie
660 1727 830 1813 Wignaudi
853 1730 976 1798 abbatis
998 1736 1153 1817 perpetua
1173 1730 1413 1798 recordatione·
1435 1729 1494 1808 Qu

321 1847 363 1914 in
385 1847 469 1913 hune
491 1867 526 1913 se
548 1845 676 1912 modum
699 1845 832 1912 hubent:

208 1973 276 2026 1121
421 1962 578 2046 „Domino
601 1966 633 2026 et
655 1961 740 2045 patri
763 1960 932 2026 karissimo
961 1961 1013 2046 pio
1036 1959 1145 2028 Ottoui
1168 1961 1316 2047 episcopo
1339 1980 1378 2026 ac
1399 1960 1494 2044 gentis

162 2045 533 2144 1’θ”ὃψωῖΡοιικπειήοω
569 2075 710 2161 apostolo
738 2074 936 2159 Wignaudus
962 2075 1178 2142 Tharissensis
1206 2075 1328 2142 cenobii
1357 2076 1495 2162 proruet

329 2190 477 2274 indignus
493 2190 640 2257 devotum
663 2192 697 2258 iu
720 2191 866 2257 omnibus
888 2190 1057 2257 servicium
1078 2196 1112 2256 et
1134 2191 1312 2257 orationum
1335 2189 1495 2277 spirituale

330 2305 479 2372 debitum.
570 2305 758 2374 Benedictus
781 2306 878 2389 Dens,
901 2311 992 2391 pater
1014 2305 1312 2389 misericordiarum,
1340 2311 1434 2391 pater
1453 2304 1496 2370 lu·

330 2420 467 2505 minum,
502 2421 571 2506 qui,
608 2442 647 2488 ex
677 2428 766 2489 utero
795 2422 937 2489 formans
968 2442 1023 2488 ros
1052 2442 1176 2488 servum
1205 2418 1295 2505 sibi¹,
1333 2421 1442 2489 dedit·
1467 2421 1496 2487 in

329 2536 431 2604 lucem
459 2536 616 2620 gentium,
649 2542 684 2603 ut
710 2537 796 2603 salus
824 2538 892 2603 eius
919 2538 954 2602 in
976 2538 1127 2605 extremis
1153 2533 1256 2604 terre³
1278 2558 1336 2624 per
1358 2557 1418 2603 vos
1446 2557 1497 2602 an·

330 2653 533 2719 nunciaretur
562 2672 599 2719 oc
626 2651 746 2720 lumine
773 2650 847 2719 fidei
874 2653 1042 2719 tenebrose
1063 2653 1227 2735 gentilium
1250 2652 1347 2718 corda
1368 2652 1497 2718 irradia-

328 2774 448 2835 rentur.
494 2768 585 2834 Unde
618 2774 728 2835 sancta
759 2772 863 2835 mater
896 2767 1029 2835 ecclesia
1054 2787 1136 2833 noro
1166 2766 1304 2833 liliorum
1332 2776 1497 2851 augmento

330 2882 424 2966 digne
452 2882 584 2965 letatur,
613 2882 688 2949 dum
717 2902 773 2969 per
795 2883 1007 2949 ministerium
1031 2887 1171 2949 vestrum
1195 2882 1296 2949 multa
1317 2883 1409 2949 milia
1431 2885 1497 2950 bar·

330 2996 405 3065 bere
428 2999 569 3065 nacionis
591 3016 681 3065 sacro
704 2998 895 3084 baptismate
909 3003 1117 3065 renascuntur
1132 3004 1174 3082 et,
1198 2998 1321 3065 abiecta
1334 2999 1497 3085 ydolorum

329 3112 463 3197 culture,
487 3112 655 3181 destructis
670 3113 819 3197 delubris,
843 3113 1031 3181 reeuffieotis
1049 3113 1200 3197 ecclesiis,
1215 3134 1308 3180 verus
1322 3114 1413 3181 Deus
1429 3114 1498 3181 ado·

329 3233 418 3294 ratur
440 3233 473 3295 et
494 3228 616 3296 colitur.
707 3229 793 3314 Ergo
814 3236 888 3316 post
909 3228 1106 3313 euangelium
1130 3228 1242 3295 alienis
1265 3230 1497 3310 annunciatum,

329 3348 403 3429 post
423 3345 504 3410 tanti
527 3344 694 3411 ministerii
716 3366 796 3431 opus
820 3351 1083 3428 consummatum,
1106 3346 1171 3411 iam
1194 3345 1235 3411 ad
1257 3346 1406 3432 proprias
1429 3363 1498 3411 ores

329 3460 500 3526 revertenti
527 3460 648 3545 pastori
675 3479 752 3544 grex
781 3460 883 3527 omnis
911 3460 1100 3528 letabundus
1122 3462 1275 3544 occurrit,
1303 3460 1409 3528 clerus
1432 3480 1497 3528 oum

329 3574 456 3660 populo,
481 3594 518 3640 ao
540 3574 692 3658 singulari
707 3575 823 3659 gaudie
846 3576 1070 3643 monachorum
1093 3576 1253 3660 processio
1267 3582 1393 3661 patrem
1410 3596 1498 3643 suun

330 3690 472 3775 suscipit
494 3691 661 3757 concinens
683 3691 716 3757 in
739 3690 838 3758 iubilo
861 3691 964 3757 cordis
987 3697 1020 3759 et
1041 3710 1118 3758 voce
1139 3691 1360 3758 exultationis:
1384 3694 1498 3759 Reuer-

329 3818 401 3886 tere,
425 3820 586 3887 revetere,
611 3807 803 3884 sunamitem
826 3820 987 3888 reuertere,
1010 3820 1172 3889 ramere,
1195 3821 1230 3877 ut
1249 3811 1432 3873 mecum:
1447 3804 1497 3873 te‘.

329 3918 397 4007 Ego
420 3925 536 4004 autem,
559 3920 672 3987 horum
695 3921 836 3987 omnium
859 3921 1008 3989 minimus
1031 3922 1087 3989 sed
1109 3920 1184 3988 fidei
1206 3927 1239 3988 et
1251 3920 1434 3988 dilectionis
1455 3922 1499 3987 in·

401 4041 527 4091 munao.

401 4129 426 4184 1.
444 4128 520 4183 Haec
533 4128 681 4199 Wignundi
699 4130 830 4199 epistola,
854 4129 889 4185 ab
907 4130 1003 4187 libone
1024 4129 1060 4185 ad
1079 4145 1180 4184 aunum
1200 4130 1271 4185 1124
1292 4144 1437 4200 perperam
1459 4142 1496 4182 re

329 4217 399 4285 late,
422 4216 525 4285 scriptu
548 4221 591 4271 est
608 4231 680 4272 auno
701 4219 778 4272 1127.
807 4215 848 4272 ef.
867 4217 1031 4273 Geschiohte
1049 4218 1099 4273 des
1117 4217 1269 4273 deutschen
1286 4218 1405 4273 Reiebes
1422 4222 1496 4272 unter

328 4304 432 4360 Lothar
448 4304 511 4360 dem
530 4304 651 4360 Saobsen
669 4322 695 4375 p.
709 4306 744 4361 60
762 4322 790 4361 u.
803 4305 846 4374 24,
864 4308 898 4360 61
917 4322 943 4360 u.
956 4307 1001 4361 32.
1091 4308 1117 4361 2.
1135 4306 1256 4376 Isai.49,
1273 4308 1302 4361 b.
1391 4306 1419 4361 3.
1436 4302 1493 4359 lsai.

328 4391 373 4461 49,
392 4394 417 4449 6.
523 4393 550 4447 4.
569 4393 743 4462 Oant.6,12.
820 4448 824 4455 ,
