3142 4850
385 318 564 367 usaeoaor
586 318 768 367 ursaceus.
803 320 871 367 um
886 320 926 367 111
949 316 982 367 ra
1205 302 1270 366 813

96 475 187 559 mati,
210 474 317 542 hastas
332 475 447 544 lerant
478 478 561 556 Quas
577 478 651 545 dum
668 478 708 545 ad
724 477 903 545 iaciendum
917 478 1054 563 vibrant,
1078 484 1150 545 acto
1165 478 1271 562 rigent
1288 494 1358 547 um

95 592 131 657 iu
153 592 238 677 ips03
267 593 444 678 mirumque
468 594 564 679 dictu,
589 614 647 662 nec
670 594 777 661 hastas
800 594 904 662 iacere
925 616 984 662 neo
1006 594 1171 662 demittere
1193 594 1270 662 dex-

95 712 163 775 tras
186 707 237 775 rel
265 708 304 775 de
333 708 401 775 loco
425 711 545 778 moveri
575 714 729 796 poterant.
767 709 901 777 Stabant
923 710 1021 794 igitur
1043 716 1079 776 ut
1101 709 1270 776 simulacra

95 823 290 908 immobiles,
323 823 467 892 fidelibus
496 832 528 894 et
555 826 711 909 religiosis
741 826 817 892 faeti
847 817 1071 912 spectaculum.
1112 825 1271 911 Quotquot

96 940 180 1008 enim
206 946 296 1009 erant
318 940 459 1008 infideles
484 947 515 1008 ct
538 942 678 1026 maligni,
703 942 757 1028 qui
781 942 876 1009 elide
899 942 1124 1008 christianismi
1146 942 1269 1008 defece-

95 1063 169 1123 rant
191 1061 238 1141 et,
267 1057 301 1123 in
329 1057 514 1125 infidelitate
542 1078 600 1125 sus
627 1057 780 1143 pertinaci
804 1058 964 1125 dementia
986 1065 1123 1142 stantes,
1154 1058 1269 1144 impias

95 1192 209 1239 manus
232 1178 342 1239 contra
364 1193 490 1241 servum
506 1174 565 1241 Dei
588 1173 780 1257 levaverant,
805 1174 864 1240 hec
886 1194 969 1261 pena
984 1179 1049 1240 mm
1065 1174 1120 1239 diu
1142 1172 1270 1241 multati

96 1288 239 1372 stabant,
268 1308 429 1374 quousque
454 1290 487 1355 in
512 1309 569 1355 sua
591 1288 653 1355 fide
675 1289 749 1355 boni
772 1288 975 1357 firmarentur
996 1295 1029 1357 et
1050 1289 1098 1355 illi
1122 1310 1141 1355 a
1164 1290 1269 1375 pravi-

95 1408 161 1471 tate
189 1404 293 1471 cordis
323 1426 381 1491 par
409 1412 522 1492 pedam
548 1404 687 1492 corporis
711 1405 952 1490 corrigerentur.
1043 1405 1124 1471 Nam
1148 1410 1181 1471 et
1203 1407 1270 1492 epi·

95 1538 210 1607 scopus
226 1527 353 1608 arrepta
368 1522 512 1589 miraculi
527 1521 705 1589 occasione:
723 1521 856 1588 Cercitis
872 1521 976 1608 inquit
988 1522 1123 1607 fratres,
1149 1536 1268 1609 quanta

95 1640 292 1725 capuanae
307 1639 450 1704 Domini.
481 1637 576 1719 Certe,
600 1651 635 1704 at
651 1642 749 1720 uideo,
775 1642 926 1705 divinitas
943 1640 1036 1725 liqatc'
1050 1642 1130 1704 esca.
1163 1638 1270 1719 Qaarc

94 1776 159 1819 noa
190 1756 293 1821 iacias
323 1754 450 1821 hastas?
491 1754 598 1837 Quare
624 1776 688 1820 aaa
711 1757 872 1821 dammae
900 1756 1047 1821 deaceae?
1087 1754 1269 1837 Quamdiu

94 1874 129 1935 ia
152 1872 211 1937 tec
235 1874 308 1937 aisa
331 1871 549 1958 apparebitis?
587 1868 637 1935 llli
661 1874 782 1954 autem,
813 1870 920 1936 nescio
944 1891 984 1935 au
1007 1890 1064 1957 pre
1086 1869 1269 1936 confusione

96 1990 152 2051 aut
173 2005 231 2072 pre
254 1990 392 2073 stupore,
417 1986 513 2052 nichil
536 1985 778 2071 respondebant.
815 1985 903 2052 Tunc
923 1986 993 2053 iller
1021 1988 1074 2053 Ea
1096 1986 1200 2071 inquit
1221 1989 1271 2051 dii

95 2106 200 2182 sesni,
224 2126 284 2189 pro
301 2124 435 2189 quoiam
450 2104 602 2189 relacione
617 2106 752 2184 certatis,
776 2104 1055 2189 aquicinensem,
1076 2103 1269 2169 aaailicataa

94 2218 192 2285 eodm.
230 2217 296 2285 scd
318 2232 346 2285 et
368 2222 425 2285 iste
448 2231 545 2284 cester
567 2219 773 2285 tumultuosas
796 2221 942 2285 sacerdos
963 2222 1083 2285 invocet
1096 2242 1182 2285 aeae
1195 2221 1269 2285 deos

94 2356 168 2399 scos
191 2358 374 2421 saperem,
402 2336 453 2401 det
476 2335 651 2415 consiliam,
676 2336 727 2400 dut
749 2335 915 2401 asadiam.
957 2335 999 2402 Si
1020 2337 1099 2421 qaid
1119 2338 1216 2416 auoit
1241 2338 1271 2399 si

95 2453 175 2538 qaid
199 2465 316 2540 potest,
346 2455 413 2518 iam
441 2466 561 2539 tempas
589 2465 641 2517 cat.
739 2449 796 2517 llle
819 2471 894 2517 vero
921 2451 1127 2518 iamdudum
1154 2456 1269 2518 euentu

94 2587 202 2634 rerum
235 2567 341 2635 stabat
374 2569 542 2651 attonitus,
578 2567 642 2633 iam
676 2565 808 2632 ulterius
841 2587 900 2633 neo
927 2567 1043 2633 mutire
1072 2585 1267 2652 presumens.

94 2681 236 2769 Cumque
265 2683 385 2767 ingenti
415 2703 532 2770 pavore
560 2701 668 2748 omnes
697 2681 841 2766 silerent,
872 2681 1038 2768 episcopus
1065 2683 1268 2749 miseratione

93 2803 213 2866 tactus:
241 2798 371 2869 Gratias
394 2799 498 2884 iuquit
520 2801 592 2881 tibi,
617 2802 741 2866 domine
765 2799 837 2866 lesa
860 2800 994 2881 caresta,
1020 2803 1076 2885 qai
1095 2803 1269 2886 potentiam

83 2917 292 3001 fortitudinis
316 2930 375 2998 tue,
401 2941 470 2982 cam
493 2931 612 3002 tempas
636 2928 689 2997 est,
713 2917 758 2981 ad
779 2918 939 2982 terreadoa
961 2917 1160 2980 advocacias
1182 2927 1211 2981 at
1225 2917 1270 2980 ud

90 3035 300 3120 proteymdos
328 3055 432 3099 ceram
461 3046 530 3099 taos
554 3053 693 3098 caerem
715 3031 805 3098 solea.
842 3031 909 3098 seu
930 3035 1007 3118 quia
1027 3035 1102 3118 pias
1126 3044 1153 3097 et
1175 3035 1268 3097 mise·

90 3152 194 3215 cicera
210 3171 252 3230 es,
277 3153 402 3236 maceca
416 3171 565 3236 aoqamas
580 3151 759 3234 qaorcaae
773 3151 838 3212 siae
852 3150 1018 3214 temeritati
1029 3148 1146 3234 papali
1159 3148 1268 3224 daiam

92 3279 123 3332 ct
150 3287 242 3331 mam
270 3289 438 3353 corporum
461 3287 604 3345 sacram,
635 3285 697 3349 qao
722 3278 751 3329 te
774 3265 892 3349 liquata
912 3266 1034 3351 privati
1054 3277 1144 3345 caat,
1175 3264 1268 3330 solita

91 3381 160 3448 illis
182 3385 383 3448 miseratione
405 3383 539 3448 sestace.
575 3378 642 3456 Quo
664 3378 748 3444 dicto
764 3379 928 3463 crucisque
943 3379 1033 3462 signo
1049 3379 1089 3444 ad
1105 3399 1158 3446 eos
1172 3379 1268 3462 tacto,

90 3495 223 3564 affectus
247 3496 421 3563 orationem
444 3517 518 3562 mox
541 3494 701 3561 insecutus
717 3498 774 3560 est.
808 3493 852 3561 Et
865 3493 1072 3578 subiungens:
1096 3497 1149 3562 Ea
1164 3495 1270 3579 iuquit

90 3613 262 3700 episcopus
290 3617 321 3678 si
348 3615 460 3679 aadirc
489 3613 635 3680 dactcaas
662 3613 824 3690 actuosa,
854 3613 973 3696 tanaitc
994 3612 1103 3677 saltem
1125 3625 1155 3677 ct
1176 3634 1268 3676 sassa

88 3733 164 3816 ipso
188 3730 338 3816 probate:
369 3741 490 3814 qaaata
517 3732 559 3794 sit
585 3729 804 3794 misericordia
831 3726 899 3792 Dei
923 3730 1040 3808 nostri,
1076 3740 1195 3814 qaaata
1225 3731 1267 3793 sit

89 3847 207 3911 acidas
229 3846 321 3929 fidei,
349 3867 445 3930 qaam
466 3847 666 3930 predicamus
688 3843 785 3908 eoba.
820 3840 865 3908 lat
887 3840 1010 3925 lougius
1033 3841 1072 3908 de
1095 3842 1211 3909 iudicio
1234 3849 1267 3910 et

89 3959 309 4028 misericordia
324 3958 386 4026 Dei
408 3962 441 4026 et
463 3959 501 4025 de
524 3958 680 4046 presentis
695 3958 759 4024 vite
778 3956 899 4023 incerto
922 3962 955 4024 et
968 3957 1008 4024 de
1029 3959 1266 4044 perseuerantia

89 4081 272 4142 eternorum
302 4074 456 4161 profunde
482 4073 663 4160 disputans,
693 4072 880 4140 conterritos
902 4071 936 4138 in
959 4071 1046 4159 Syon
1069 4071 1265 4160 peccatores¹

89 4189 244 4272 erudivit3
279 4190 470 4275 tandemque
503 4188 711 4256 medicamine
745 4187 895 4254 salutaris
924 4187 1041 4274 eloquii
1068 4187 1263 4274 aliquantum

88 4305 324 4372 mansuefactos
352 4305 529 4386 benedixit3
558 4309 591 4372 et
613 4311 714 4373 cetum
739 4303 869 4372 dimisit.
892 4303 1106 4401 *Descendens
1127 4325 1203 4371 vero
1225 4304 1265 4371 de

165 4435 384 4505 amma
