3142 4850
427 341 593 392 unsusror
616 339 743 390 oonux.
779 337 871 396 tero
1170 323 1235 389 155

73 505 194 584 nento',
222 499 285 586 tili,
312 501 461 587 quonium
484 521 656 588 pauperem
678 500 778 570 ritum
800 503 955 587 gerimus,
983 500 1113 570 hebebis
1134 500 1238 570 multe
1254 513 1346 570 lose?

75 616 154 700 tone,
177 617 204 684 si
226 618 371 684 timueris
393 615 498 684 Deum
507 613 524 684 ¹.

151 731 231 799 Sunt
253 739 359 799 eutem
381 732 455 816 ulio,
476 752 541 799 non
563 732 676 798 modo⁵
699 733 839 800 cumulos
861 731 1125 816 commendando,
1155 751 1237 817 quoe

72 847 130 915 Deo
157 848 344 935 disponente
374 867 524 936 praesens
551 847 675 931 legatus
703 849 809 916 verbis
831 850 901 916 euri
923 853 1043 916 secrete
1063 847 1233 915 intimabit

73 961 159 1042 Quem
185 984 355 1051 precemur
377 964 508 1031 honeste
530 964 690 1049 remittes,
718 976 797 1048 quo·
821 965 851 1032 ei
873 965 1072 1051 oportunitas
1094 965 1235 1030 seourius

73 1079 223 1148 denotabit
244 1082 320 1164 iter,
350 1079 555 1166 quantotiusd
580 1080 711 1166 poteris.
802 1079 966 1148 Gloriosus
987 1079 1074 1149 Deus
1096 1083 1234 1148 mentem

71 1199 148 1262 trem
170 1201 266 1281 utque
288 1201 359 1264 tuos
382 1195 549 1284 prevideat
569 1199 668 1262 estus.

73 1405 126 1478 76.
146 1409 318 1476 Beuum
334 1410 358 1476 I
361 1410 391 1476 V
413 1414 588 1498 inperator
610 1409 809 1478 Harooicum
838 1409 1111 1497 archipiscopum
1138 1411 1234 1498 Map-

149 1525 372 1612 deturpensem
393 1526 554 1606 tutator,
584 1537 621 1592 ut
640 1525 739 1609 fidem
761 1525 825 1590 eibi
843 1538 1007 1612 proestare
1026 1539 1149 1613 perpet.
1183 1525 1236 1592 De

143 1645 327 1729 praepositi
348 1643 513 1708 cuiusdam
535 1641 680 1724 imfimo
702 1643 823 1707 addin
1100 1640 1140 1721 (E
1159 1641 1235 1721 190)

147 1773 331 1842 Heinrieus‘
346 1773 407 1844 Dei
421 1777 525 1859 grstia
538 1773 752 1842 Romanorum
770 1773 944 1860 imperator
959 1778 1112 1858 augustus
1126 1773 1236 1856 Htert·
1256 1783 1346 1838 1089?

70 1890 152 1974 uiso)
173 1890 440 1976 magdeburgensi
463 1891 700 1978 arehiepieoopo
722 1889 860 1974 gretiam
881 1894 914 1958 et
935 1909 1028 1960 omne
1051 1890 1177 1960 bonum.

147 2005 306 2074 Laborem
334 2013 425 2074 tunm
454 2011 487 2074 et
514 2007 651 2076 studium
676 2007 761 2074 eires
789 2005 939 2074 honorem
966 2010 1111 2074 nostrum
1139 2025 1236 2094 quem

69 2122 235 2190 maximum
264 2143 334 2190 esse
362 2123 550 2192 audivimus.
585 2122 721 2211 Ideoque
750 2121 862 2204 dignus
891 2121 951 2190 tibi
979 2123 1114 2207 pretium
1141 2126 1237 2208 prout

69 2237 177 2306 iustum
199 2243 261 2322 est,
285 2239 467 2321 referimus3
491 2257 575 2306 nune
590 2238 717 2325 quidem
732 2237 843 2325 paneis
858 2237 975 2323 verbis,
996 2238 1106 2306 multis
1129 2243 1236 2308 eutem

70 2353 165 2440 nous,
194 2374 270 2422 oum
293 2353 361 2422 Deo
390 2360 547 2422 annuente
570 2354 610 2421 od
633 2359 665 2422 te
687 2353 877 2422 venerimus.
913 2354 961 2420 Tu
988 2359 1128 2439 tentum,
1155 2355 1238 2422 siout

70 2472 188 2557 cepisti,
211 2472 342 2539 interim
365 2484 423 2558 pro
447 2471 616 2539 obtinendo
638 2470 729 2539 nobis
756 2471 847 2555 regni
869 2470 988 2539 honore
1009 2470 1044 2537 in
1065 2470 1116 2539 his
1137 2473 1237 2559 porti-

70 2586 121 2655 bus
145 2590 189 2659 sis
218 2587 385 2657 sollicitus.
420 2587 486 2657 Noe
515 2588 615 2672 enim,
650 2587 704 2671 qui
733 2586 903 2675 speeielem
930 2586 991 2653 tibi
1017 2604 1095 2673 pree
1122 2588 1237 2657 esteris

70 2700 153 2771 idem
177 2704 344 2788 hebemus,
366 2703 513 2791 proxime
535 2702 659 2789 quundu
683 2724 702 2769 e
723 2708 755 2771 te
771 2702 984 2788 discessimus,
1006 2703 1238 2773 omniunostru

70 2824 134 2887 uo
159 2819 237 2888 fidei
265 2820 491 2889 eemmieimus.
527 2818 616 2897 Quod
645 2819 719 2904 quie
745 2816 881 2887 fideliter
907 2838 984 2903 erge
1004 2837 1062 2886 noe
1084 2818 1237 2888 noenu

70 2934 247 3021 obsemnsti,
271 2942 304 3004 et
326 2935 429 3005 adhue
450 2940 483 3003 te
506 2939 763 3003 eonserreturum
790 2935 946 3003 versertur
970 2935 1138 3003 eredimus.
1171 2934 1237 3005 Fuo

70 3049 156 3134 igitur
176 3058 214 3120 ut
238 3052 339 3121 bonus
364 3072 401 3119 ue
423 3051 592 3134 discretum
617 3056 649 3119 et
670 3050 775 3135 fidem,
799 3070 894 3137 quom
915 3052 951 3119 in
972 3059 1005 3117 te
1019 3049 1144 3119 firmum
1166 3072 1236 3121 esse

70 3168 237 3252 sedimus,
265 3178 384 3253 usque⁸
412 3168 451 3235 ed
482 3167 578 3237 finem
607 3167 726 3255 perdne
752 3167 788 3235 in
815 3166 970 3236 omnibus.
1011 3166 1077 3235 Nos
1099 3188 1174 3236 vero
1201 3168 1236 3237 in

69 3280 128 3351 loeo
153 3284 263 3353 intimi
293 3284 386 3351 omisi
414 3290 446 3353 te
474 3282 644 3367 hobsmos3
674 3288 720 3368 et,
749 3282 956 3369 quodeunque
978 3282 1076 3351 hebet
1095 3285 1237 3370 perfeeto

70 3396 147 3484 ides,
169 3400 210 3468 de
233 3406 267 3467 te
290 3400 382 3467 nobis
404 3400 473 3467 fieri
496 3398 690 3469 confidimus.
730 3398 766 3467 In
795 3398 889 3467 huius
915 3400 1024 3487 iisque
1049 3399 1125 3469 fidei
1146 3403 1237 3469 testi·

70 3516 199 3583 nonium
229 3516 347 3583 iterum
374 3516 433 3583 tibi
460 3536 519 3585 nor
547 3520 580 3585 et
602 3516 709 3585 omniu
730 3520 842 3585 nostm
862 3517 1106 3602 summittimus,
1133 3521 1171 3585 ut
1190 3518 1237 3585 ito

72 3646 135 3713 ugus
154 3633 190 3699 in
213 3632 372 3716 omnibus,
395 3632 477 3701 sieut
500 3632 579 3701 bene
600 3632 659 3699 tibi
680 3630 876 3701 confidimus.

147 3744 342 3815 Beneficium
359 3752 464 3815 eutem
479 3746 518 3813 N.
535 3746 721 3835 praepositi,
743 3746 846 3817 fidelis
861 3748 973 3832 nostri,
997 3749 1081 3834 qued
1096 3753 1129 3817 et
1143 3755 1237 3819 untes

71 3860 121 3928 tibi
141 3864 370 3947 commisimus,
393 3864 508 3931 iterum
525 3862 583 3933 tibi
606 3864 848 3947 committimus3
870 3867 908 3931 ut
922 3864 963 3932 od
982 3863 1153 3933 utilitetem
1169 3866 1236 3932 sius

71 3974 139 4045 illud
159 3998 340 4064 conserves,
364 3985 396 4047 et
416 3979 474 4063 illi,
499 3980 552 4064 qui
575 3980 690 4049 iniuste
712 3984 810 4066 tenet,
833 4000 873 4049 eu
894 3986 1004 4049 nostro
1025 3986 1116 4067 purte
1137 3980 1236 4049 inter

130 4134 150 4168 ι
171 4120 410 4170 Memento—Deum
426 4120 522 4168 ΜΠ
592 4121 615 4169 t.
635 4121 717 4171 ornG.
789 4136 810 4170 o
829 4122 1078 4184 quo-itersz
1147 4123 1171 4170 s.
1190 4136 1237 4184 qur

73 4197 173 4249 denso,
246 4216 267 4249 o.
291 4200 410 4257 savos,
427 4200 635 4263 spuo-181,
655 4201 676 4251 C
689 4202 748 4263 too,
765 4204 790 4249 B
805 4205 864 4251 oto.
932 4202 949 4249 t.
971 4200 1081 4251 EZGB.
1151 4215 1173 4263 g.
1197 4216 1235 4250 us·

73 4288 110 4335 tw
122 4302 143 4312 -
155 4281 291 4329 euenum
306 4296 350 4327 om.
361 4280 390 4327 Β.

134 4367 157 4421 1.
174 4366 246 4423 Tob.
254 4368 283 4437 4,
295 4368 345 4423 23:
366 4382 531 4439 ,pauperem
544 4366 655 4439 quidem
668 4370 754 4427 vitum
772 4370 910 4442 gerinum
928 4368 976 4425 sed
995 4369 1082 4427 molto
1097 4367 1171 4425 buno
1187 4369 1236 4428 ho·

74 4448 194 4527 bebimus,
213 4456 238 4511 si
256 4457 426 4512 timuerimus
444 4454 561 4513 Deum“.
