3142 4850
400 338 579 384 mensorem
601 338 781 386 rusuoeus.
819 340 913 387 um.1
935 339 970 388 42
1207 326 1269 391 741

102 495 249 561 dolorem.
341 496 406 561 lem
430 498 513 563 enim
538 518 594 583 per
617 503 718 564 totum
741 498 881 565 triduum
906 499 1103 567 dormitionis
1123 502 1201 586 eius,
1225 502 1273 568 di·
1329 518 1397 572 1139

102 609 172 676 lecti
196 613 337 697 corporis
360 612 451 695 glebo
473 633 530 700 per
553 634 661 680 omnes
685 613 833 680 ecclesias
856 614 1056 699 circumlata,
1086 618 1151 701 iugi
1175 592 1442 683 seor·i-¹¹¹²¹'³⁰'¹⁰¹'²

102 726 169 791 ticio
193 728 420 813 indefessisque
443 727 637 795 orationibus
666 735 698 795 et
726 729 835 797 multis
866 730 1109 798 elemosinarum
1131 732 1271 816 largitio·

101 842 192 909 nibus
215 844 309 911 besto
336 845 405 911 eius
434 845 541 910 enims
563 844 631 910 Deo
661 845 765 911 diceto
795 852 826 913 et
853 847 1073 914 commendate
1099 849 1204 916 fueret
1232 850 1272 917 eb

102 957 253 1025 omnibus.
289 959 408 1038 Quurte
430 960 527 1043 igitur
550 960 615 1043 die,
646 960 698 1027 obi
723 961 763 1027 ed
785 961 889 1029 locum
914 968 1040 1029 ventum
1071 969 1119 1030 est
1146 965 1271 1051 tumuli,
1290 980 1356 1027 ms

102 1076 265 1162 episcopus
288 1076 591 1142 commendationem
615 1076 794 1162 celebravit,
818 1084 912 1163 etque
928 1080 1010 1145 inter
1025 1079 1192 1146 missorum
1210 1080 1272 1147 sol·

101 1189 247 1276 lempnie,
272 1211 332 1276 que
354 1212 413 1278 pro
437 1190 543 1259 dilecti
566 1192 666 1278 petris
690 1197 722 1259 et
745 1194 838 1260 enrici
856 1194 962 1260 enims
983 1194 1083 1261 multe
1098 1196 1271 1263 intentione

101 1306 229 1372 devotus
253 1306 376 1390 egebat,
401 1307 440 1372 ed
465 1312 636 1374 merentem
660 1314 692 1373 et
713 1308 873 1392 lugentem
898 1328 1066 1377 conversus
1095 1311 1272 1379 multitudi-

100 1442 187 1506 nem,
216 1422 343 1489 brerem
366 1422 507 1508 quidem,
537 1423 591 1489 sed
622 1425 723 1508 gratie
747 1446 783 1491 oc
814 1424 988 1492 dulcedinis
1012 1425 1140 1511 plenum
1164 1427 1271 1494 intulit

100 1558 286 1623 sermonem,
310 1539 356 1605 ite
378 1538 501 1605 dicens:

186 1654 220 1704 Et
232 1653 292 1721 qnid
303 1653 383 1705 fieer¹
406 1654 473 1715 Quid
485 1653 534 1704 erit
545 1654 660 1705 consilii?
685 1654 785 1706 blortne
798 1666 837 1705 sst
849 1654 963 1717 Merthe;
982 1672 1041 1707 ecoe
1053 1656 1096 1709 ubi
1109 1658 1183 1709 lecet
1208 1658 1270 1720 Quis

99 1758 158 1808 ergo
170 1742 314 1794 venientem
332 1743 459 1795 dominum
472 1742 556 1794 Iesum
573 1743 600 1793 iu
618 1742 665 1793 hoe
682 1744 787 1795 cestello
806 1744 895 1795 emodo
914 1744 1052 1811 suscipiet?
1080 1746 1204 1812 Equidem
1223 1747 1269 1797 de·

98 1831 184 1882 hrncte
201 1841 241 1882 est
257 1831 371 1893 blerthe,
395 1848 444 1898 que
463 1830 531 1882 illum
550 1833 678 1898 suscipere
696 1834 840 1894 censuerim
864 1832 982 1883 dehructe
1001 1842 1040 1884 est
1058 1834 1158 1901 hospite
1177 1836 1271 1887 domiui

98 1919 155 1971 Iesu
168 1920 269 1981 Christi,
288 1938 337 1987 que
350 1921 460 1971 uenienti
478 1920 617 1987 hospicium
630 1922 738 1988 prebuit,
757 1922 844 1972 eedem
863 1922 955 1987 posuit,
973 1938 1087 1973 mensem
1099 1924 1203 1990 aptavit,
1222 1941 1269 1976 ue·

98 2010 208 2060 oeeserie
225 2010 309 2061 omnis
326 2010 437 2076 benigne
455 2026 485 2060 ec
502 2010 640 2061 liberaliter
657 2010 815 2062 ministresit.
842 2010 967 2062 Defuncto
987 2020 1025 2062 est
1044 2012 1145 2077 inquom
1162 2030 1214 2064 uon
1226 2030 1268 2064 so-

97 2096 147 2147 lum
172 2098 288 2150 ministre
309 2107 335 2149 et
353 2100 454 2164 hospite
472 2098 578 2158 Christi,
603 2098 650 2148 sed
671 2098 784 2149 minister
803 2108 829 2150 et
853 2099 945 2165 hospes
964 2116 994 2150 ec
1012 2109 1142 2166 susceptor
1161 2101 1270 2153 omnium

97 2186 295 2240 christieuorum.
330 2188 364 2238 lit
383 2187 437 2254 quis
456 2188 534 2238 stebit
555 2187 581 2237 iu
601 2186 655 2237 loco
672 2196 758 2239 sencto
781 2188 854 2239 eius‘l
879 2188 933 2253 quis
952 2188 1024 2239 nobis
1043 2190 1122 2240 ricem
1139 2190 1270 2259 ministerii

97 2276 169 2327 huius
188 2276 319 2342 implebit?
347 2277 410 2341 quis,
438 2292 508 2341 rogo,
537 2286 597 2341 eget
615 2292 662 2341 pro
680 2293 719 2337 eo,
743 2292 792 2341 que
810 2275 858 2326 iste
877 2292 954 2341 egere
973 2278 1118 2329 consuerit?
1148 2277 1269 2329 Omnibus

95 2364 225 2430 gradibus,
244 2366 358 2416 omnibus
376 2365 514 2427 ordinibus,
533 2365 647 2416 omnibus
669 2364 783 2432 personis
796 2363 901 2415 ecclesie
914 2365 966 2416 vite
977 2366 1031 2417 eins
1043 2366 1111 2417 utilis
1123 2367 1178 2417 fuit.
1205 2366 1270 2417 Ecce

96 2453 229 2506 defunctus
247 2465 295 2516 est,
313 2466 342 2506 ut
359 2471 418 2506 rere
431 2455 521 2516 dicem,
540 2471 626 2505 sersus
645 2471 773 2504 seruorum
784 2453 841 2504 Dei.
870 2454 937 2515 Quid
953 2454 1050 2506 fecistis
1068 2454 1191 2516 monachi,
1210 2455 1270 2520 quid

94 2541 194 2595 fecistis
212 2542 304 2605 cleriei,
324 2545 384 2610 quid
402 2543 498 2594 societis
517 2559 643 2609 pauperes
661 2551 687 2592 et
705 2542 826 2593 mendici?
856 2543 917 2603 Quis
937 2542 1006 2593 robis
1028 2542 1142 2594 restituet
1164 2551 1270 2594 metrem

95 2636 224 2684 sestrem?
253 2633 303 2684 Ubi
321 2633 411 2684 emodo
429 2631 473 2684 ille
490 2641 605 2682 meteres
622 2633 708 2691 ubere,
727 2629 771 2680 ubi
789 2638 915 2680 meternes
934 2631 1038 2682 effectus
1057 2631 1184 2696 queretis‘l
1217 2632 1269 2682 Sed

94 2737 201 2787 querere
219 2721 312 2787 ubique
330 2721 450 2788 potestis3
468 2721 539 2772 vobis
557 2719 694 2771 denuncio:
712 2735 835 2784 nusquam
853 2718 993 2770 invenietis.
1025 2717 1070 2769 Sui
1088 2719 1207 2785 temporis
1225 2736 1267 2772 se·

93 2810 150 2860 cele
171 2841 202 2849 -
223 2810 380 2861 confidenter
397 2810 453 2860 dico
474 2840 504 2847 —
526 2809 594 2860 bunc
611 2807 704 2869 solum,
728 2808 795 2858 huuc
818 2823 895 2858 unum
914 2817 985 2858 teuto
1002 2806 1171 2859 misericordie
1190 2809 1269 2860 rhum

93 2897 246 2950 bebuerunt.
282 2899 317 2949 Ut
342 2899 410 2949 euim
437 2898 469 2949 de
492 2897 548 2948 eliis
566 2897 699 2948 virtutibus
718 2897 771 2947 eius
790 2905 900 2958 teooem,
928 2913 976 2962 que
1000 2897 1105 2962 plurime
1124 2896 1226 2950 luerunt
1243 2905 1269 2949 et

92 2986 169 3048 clere,
189 2988 215 3038 in
234 2986 404 3039 misericordie
420 2995 448 3037 et
465 2986 635 3038 misericordie
652 2986 770 3052 operibus
788 2993 873 3036 tentus
892 2994 955 3046 eret,
973 2993 1001 3035 ut
1013 2984 1106 3036 nullum
1119 2986 1219 3051 penitus
1238 3003 1269 3038 ex

92 3076 210 3128 omnibns
228 3075 303 3126 miehi
320 3075 387 3128 uotis
405 3076 429 3126 ei
447 3075 527 3126 susim
545 3075 680 3141 edequere.
707 3075 759 3125 Sed
771 3074 850 3140 qnid?
870 3073 943 3125 doleo
956 3074 1035 3125 vicem
1046 3075 1201 3136 miserorum,
1221 3075 1267 3126 do·

91 3164 133 3217 leo
152 3165 234 3216 ricem
251 3181 351 3226 comm,
375 3165 417 3230 qui
435 3164 461 3215 in
480 3164 532 3216 sois
549 3163 656 3214 miseriis
677 3163 710 3213 ed
728 3163 795 3213 hunc
819 3163 1004 3214 misericordem
1022 3163 1111 3230 fugere
1129 3179 1267 3216 consuere·

91 3263 164 3316 rent;
183 3253 267 3316 doleo,
285 3263 314 3304 ut
330 3269 416 3303 rerum
434 3253 524 3314 ieteer,
544 3252 623 3302 vicem
640 3251 742 3302 meimet
760 3251 849 3317 ipsius.
880 3251 914 3302 Ut
932 3251 998 3302 onim
1011 3252 1046 3303 ite
1058 3252 1148 3316 dicem,
1167 3269 1207 3305 me
1219 3254 1267 3305 mi·

91 3353 160 3394 seret
179 3343 244 3403 mei;
262 3342 401 3408 meritoque
420 3358 517 3392 merore
535 3342 677 3392 conturbor.
705 3339 813 3390 Multum
832 3341 897 3390 enim
916 3340 1028 3406 presidii,
1052 3341 1155 3392 multum
1176 3359 1266 3394 conso·

90 3431 194 3483 leticum
213 3430 239 3482 in
257 3431 306 3482 hoc
323 3431 403 3481 eurico
421 3429 529 3496 perdidi.
556 3429 604 3479 Hie
622 3429 703 3489 euim,
726 3428 752 3477 iu
770 3427 872 3478 ciritete
891 3427 946 3493 ipse
965 3430 1123 3491 commodus,
1147 3430 1267 3482 societate

89 3529 118 3570 et
135 3519 249 3570 amicitie
267 3528 417 3585 oportunus,
441 3535 560 3585 magnum
584 3517 658 3567 michi
683 3515 819 3582 presidium
838 3515 892 3568 luit.
924 3515 985 3566 (him
1003 3517 1050 3568 hoc
1071 3517 1220 3570 fiducialiter
1238 3534 1267 3569 ec

89 3617 144 3660 tute
163 3625 253 3660 omnes
272 3625 344 3660 cures
362 3624 441 3668 mess,
464 3607 548 3658 omuie
565 3607 672 3672 negocie
688 3621 746 3655 mee
763 3620 809 3655 seu
828 3603 931 3656 consilis
949 3605 1067 3670 pensiore
1084 3605 1265 3658 communicare

89 3699 215 3750 solebam.
248 3697 297 3748 Hic
314 3696 398 3757 michi,
417 3696 572 3746 utbreviter
590 3693 704 3754 dixerim,
722 3694 748 3742 in
767 3693 882 3744 omnibus
900 3693 1111 3760 oportunitatibus
1129 3695 1191 3746 meis
1209 3711 1263 3746 me·

89 3803 156 3853 gnus
176 3785 322 3838 sublevetur
339 3785 394 3835 fuit.
422 3783 474 3835 Sed
492 3785 526 3834 de
542 3800 584 3835 rue
602 3783 662 3848 quid
680 3782 753 3833 dico?
782 3781 848 3832 Nem
865 3782 914 3832 mei
927 3783 1033 3834 nominis
1046 3783 1116 3844 ordo,
1135 3783 1264 3833 universus

89 3875 212 3926 uidelicet
229 3874 291 3926 ordo
314 3871 480 3940 pontiticelis,
504 3873 552 3922 hoc
570 3872 704 3937 edempto¹
724 3887 848 3936 coepere,
871 3871 960 3922 merito
983 3871 1087 3937 lugebit.
1119 3871 1168 3922 Ilio
1193 3871 1265 3922 nobis

88 3981 208 4030 gemme,
232 3963 273 4014 hic
295 3962 415 4029 splendor
432 3961 487 4013 fuit.
521 3961 665 4012 Conventus
687 3968 787 4010 nostros
811 3958 837 4008 in
855 3958 966 4010 conciliis
984 3959 1037 4010 sire
1055 3961 1129 4010 curiis
1148 3961 1265 4012 virtutum
1342 4007 1345 4012 ,

88 4071 194 4105 suerum
213 4052 290 4103 rediis
308 4050 470 4104 collustrerit.
504 4050 534 4101 Iu
552 4050 613 4112 boc,
632 4057 660 4099 ut
677 4048 714 4099 ite
732 4047 826 4110 dmm,
846 4047 917 4113 quusi
935 4047 1028 4099 virenti
1045 4048 1122 4111 libro,
1141 4048 1265 4114 quomodo

88 4143 162 4194 nobis
182 4140 318 4205 visendum
341 4139 382 4190 vel
404 4139 464 4206 qnid
487 4139 614 4204 egendum
637 4145 718 4197 esset,
746 4135 891 4202 conspicere
916 4138 1049 4203 potuimus.
1082 4137 1176 4188 Sencte
1199 4137 1265 4188 enim

89 4229 219 4298 exempla,
239 4237 325 4281 seucte
343 4229 454 4280 actiones
473 4227 553 4293 magis
572 4226 689 4278 erudiunt
707 4243 781 4292 quem
799 4225 884 4276 verbe.
974 4225 1025 4277 Sed
1044 4225 1157 4278 doctrine
1175 4225 1230 4288 hec,
1250 4242 1264 4277 o

177 4397 184 4408 .
209 4362 254 4408 ede
270 4365 294 4408 to
310 4363 341 4409 N.

162 4377 190 4504 l.
210 4376 390 4504 Depconllcte
406 4446 458 4502 hee
475 4446 599 4502 credone
617 4444 651 4500 ci.
670 4461 753 4516 sopra
770 4461 797 4514 p.
814 4446 875 4501 699.
888 4447 949 4501 700.
