3142 4850
515 321 681 371 summor
703 321 833 371 coum.
867 319 885 372 a
1243 305 1286 372 19

326 491 564 550 salutationes
587 495 828 566 episcoporum
851 494 895 549 ad
917 500 1065 563 papam

174 611 313 684 specialis
329 619 482 672 reverentie
500 618 572 688 patri
591 617 632 674 .N.
651 619 738 688 prime
757 617 832 674 sedis
850 617 967 673 antistiti
985 615 1042 686 .ll.‚
1059 603 1237 686 lloguntinus
1256 617 1285 672 id

105 711 178 780 quod
197 717 243 766 est
262 711 315 767 Dei
332 715 429 784 gratia,
449 715 524 784 quod
541 715 613 786 patri
631 713 703 771 filius
720 715 796 786 quod
807 715 930 785 praelato
943 712 1094 769 subiectus.
1165 710 1285 784 Aposto-

105 807 155 862 lico
176 809 319 865 sacerdoti
336 815 366 866 et
383 812 531 884 universali
548 828 637 883 papae
656 813 698 868 il.
718 813 875 882 speculator
891 811 1069 882 ldoguntiuae
1087 811 1220 866 eeclesiae
1238 811 1285 867 de-

104 902 189 961 bitam
217 909 251 961 ut
277 909 350 978 patri
373 897 553 964 reverentiam
578 915 606 964 et
628 915 783 980 promptam
807 915 841 966 ut
861 895 939 965 tanto
961 907 1067 979 pastori
1091 907 1284 965 obedientiam.

105 1001 340 1060 Reverentissimo
358 1005 429 1076 patri
442 1011 470 1062 et
482 1007 657 1062 candissimo
668 1007 773 1077 primae
785 1006 860 1062 sedis
873 1007 989 1062 antistiti
1000 1004 1121 1061 debitam
1134 1009 1166 1060 ut
1177 1019 1285 1062 summo

106 1101 244 1156 sacerdoti
268 1099 466 1159 subiectionem
490 1109 519 1159 et
541 1103 665 1160 sedulam
684 1109 716 1160 ut
734 1108 812 1159 tanto
830 1103 902 1174 patri
920 1103 1103 1159 devotionem.
1173 1103 1284 1159 Domno

104 1195 266 1254 beatissimo
284 1204 315 1254 et
331 1216 397 1255 vere
415 1202 557 1272 apostolici
576 1201 701 1257 culminis
718 1201 823 1257 bonore
837 1201 989 1257 reverendo
1001 1200 1094 1256 debite
1107 1197 1284 1256 subiectionis

104 1297 288 1351 reverentiam
314 1302 343 1352 et
366 1299 521 1355 omnimode
540 1299 680 1354 servitutis
698 1297 884 1369 obsequelam.
955 1298 1030 1353 Patri
1046 1302 1155 1368 patrum
1174 1303 1283 1368 aposto

104 1391 156 1448 lieo
172 1399 202 1449 et
219 1393 373 1450 universali
390 1411 479 1466 papae
498 1395 539 1451 .N.
552 1395 684 1466 quidquid
703 1395 774 1451 lilius
792 1395 872 1466 patri,
891 1393 1023 1465 quidquid
1035 1392 1177 1450 menbrum
1190 1397 1282 1466 capiti,

105 1488 132 1544 id
154 1489 230 1560 quod
255 1495 300 1546 est
317 1491 370 1547 Dei
393 1495 483 1563 gratia
499 1497 529 1549 et
546 1497 659 1549 sanctem
677 1493 828 1562 apostolice
847 1491 921 1547 sedis
939 1491 1132 1548 archidiacono
1149 1497 1179 1547 ct
1196 1492 1283 1548 archi·

105 1587 268 1643 cancellario
293 1587 429 1644 saluternl
449 1595 478 1646 et
496 1590 649 1647 dssectionis
667 1589 803 1660 integram
821 1589 974 1644 veritatem.
1046 1588 1159 1646 Summo
1177 1593 1207 1645 et
1223 1591 1282 1645 uni·

105 1685 201 1740 sersali
226 1701 302 1756 pape
321 1685 413 1742 debite
432 1687 609 1744 subiectionis
627 1689 810 1744 reverentiam
829 1691 858 1741 et
876 1685 1031 1742 omnimode
1049 1687 1190 1742 semiustis
1208 1686 1282 1743 exbi-

104 1779 246 1838 bitionem.
313 1781 415 1840 Sancto
433 1791 542 1856 patrum
559 1785 634 1856 patri
651 1791 680 1840 et
697 1801 805 1841 summo
823 1785 980 1855 praesulum
999 1784 1127 1854 praesuli.
1193 1785 1282 1840 lisve-

105 1880 262 1935 rsntissimo
284 1881 357 1948 patri
381 1884 410 1935 et
433 1883 591 1939 sacerdocio
614 1884 701 1953 prime
724 1881 800 1938 sedis
818 1881 1002 1951 apostolicae·
1019 1879 1134 1937 infulato
1157 1881 1281 1937 sedulius

104 1973 291 2032 benivolentia
319 1979 478 2034 servitutem
505 1983 533 2034 et
559 1979 680 2035 debitam
707 1978 863 2035 obedientie
891 1977 1098 2033 subiectionem.
1173 1978 1281 2035 Domno

104 2073 256 2129 venerabili
282 2077 311 2129 et
333 2075 405 2145 patri
428 2077 455 2131 in
474 2075 583 2132 Christo
606 2076 716 2132 amabili
735 2075 792 2146 .N.‚
815 2075 844 2131 id
865 2075 939 2145 quod
958 2078 1001 2131 ast
1020 2076 1071 2132 Dei
1089 2075 1192 2146 gratia,
1217 2076 1281 2132 obe

104 2167 204 2225 dientic
230 2171 430 2227 subiectionem
455 2177 484 2228 et
506 2173 629 2230 sedulam
653 2172 778 2242 obsequii
797 2171 979 2228 devotionem.
1050 2173 1282 2229 Reverentissimo

104 2273 300 2323 sacrosanctae
317 2269 485 2338 apostolicae
503 2271 577 2326 sedis
594 2270 773 2341 gubernatori
791 2270 833 2326 ‚ll
852 2285 914 2324 cum
933 2270 1064 2339 singulari
1081 2269 1222 2325 servitutis
1234 2269 1280 2325 de·

103 2365 213 2420 votione
232 2367 343 2421 unicam
362 2367 390 2424 in
408 2368 535 2424 omnibus
553 2367 747 2425 obedientiam.
819 2367 928 2422 Donum
947 2367 1111 2439 apostolico,
1134 2381 1281 2439 praeroga·

103 2462 160 2517 tiva
183 2464 346 2519 meritorum
371 2470 400 2521 et
423 2481 527 2521 morum
547 2466 693 2522 sanctitate
710 2466 835 2521 Romarm
853 2464 928 2520 sedis
946 2466 1025 2535 apice
1043 2464 1179 2535 condigne
1197 2464 1282 2520 anbli-

104 2565 185 2631 mato‚
205 2561 240 2616 N.
254 2560 308 2617 Dei
326 2562 415 2633 gratia
428 2562 665 2633 Babsnbergensis
683 2564 788 2619 electus
806 2577 869 2618 enm
888 2563 962 2617 omni
980 2560 1151 2619 subiectione
1168 2562 1280 2633 spiritus

103 2659 243 2713 orationes
262 2656 455 2715 devotissimas
474 2666 503 2715 et
520 2661 666 2735 servicium
685 2666 741 2715 tam
760 2642 943 2715 voluntarium
962 2674 1045 2730 quam
1063 2658 1196 2715 debitum.

172 2755 250 2811 Patri
272 2770 306 2811 ac
328 2758 433 2826 pastori
456 2771 506 2814 suo
527 2772 610 2828 quam
633 2756 783 2814 venerabili
805 2762 863 2812 nm
887 2756 1061 2812 desiderabili
1085 2772 1153 2813 oves
1176 2770 1280 2827 pascue

104 2852 175 2922 eius,
195 2853 304 2908 scilieet
320 2854 409 2909 clerus
427 2859 462 2909 et
474 2856 599 2926 populus,
618 2870 698 2911 senes
717 2870 780 2910 eum
799 2850 959 2923 iunioribus,
977 2853 1078 2909 divites
1095 2869 1158 2909 cum
1176 2869 1279 2924 paupe·

103 2948 186 3018 ribus,
205 2950 330 3005 unanimi
347 2950 494 3008 devotione
512 2952 621 3008 sedulas
639 2952 788 3008 orationes.
859 2950 1091 3006 Reverentiasimo
1109 2950 1239 3021 episcopo
1250 2955 1280 3005 et

103 3046 131 3099 in
148 3045 252 3101 Christi
276 3047 396 3103 menbris
417 3048 498 3105 valde
517 3048 675 3105 honorando
693 3054 753 3104 tcta
770 3048 1010 3119 Babenbergenais
1027 3048 1205 3118 congregatio
1223 3062 1279 3103 ser·

103 3143 200 3198 vitium
218 3158 283 3199 cum
300 3152 436 3214 perpetua
453 3146 606 3202 orationum
625 3146 764 3201 instantia.

172 3241 208 3295 ll.
220 3240 275 3296 Dei
293 3240 384 3311 gratia
400 3257 449 3297 rex
466 3242 678 3314 archiepiscopis
696 3247 725 3299 et
742 3244 887 3314 episcopis,
906 3240 1109 3299 marchionibus
1127 3246 1157 3297 et
1173 3241 1278 3298 comiti·

13 3324 17 3331 ’
104 3336 155 3394 bns
177 3343 207 3394 et
231 3338 364 3409 cuiusque
388 3338 531 3410 dignitatis
549 3340 638 3396 ordini
655 3339 745 3395 bonae
764 3354 832 3396 suae
848 3341 999 3396 voluntatis
1017 3340 1165 3409 gloriosam
1183 3338 1278 3409 digna·

102 3438 215 3493 tionem.

1 3498 2 3507 ἵ
171 3535 339 3590 Beatissimo
358 3534 469 3590 domino
487 3539 516 3589 et
533 3535 641 3591 sincera
658 3536 772 3590 caritate
785 3534 925 3604 diligendo
936 3533 1116 3590 illeceleaiae
1128 3530 1278 3588 venerabili

1 3634 2 3713 j
103 3632 233 3703 episeopo
256 3630 405 3686 fraternam
429 3631 601 3688 dilectionem
624 3632 652 3687 in
675 3646 724 3701 eo,
752 3632 800 3701 qui
823 3632 897 3702 prior
919 3632 1016 3687 dilexit
1038 3646 1089 3686 nos
1114 3636 1144 3685 et
1165 3629 1279 3685 tradidit

1 3734 2 3803 l
104 3734 190 3784 semet
206 3729 300 3800 ipsum
317 3743 368 3799 pro
384 3728 473 3799 nobis,
491 3728 555 3785 Iesu
572 3728 681 3785 Christo
699 3728 810 3784 domino
828 3733 930 3785 noeto.
1002 3728 1118 3784 Dilectis
1129 3726 1157 3782 in
1169 3726 1278 3782 (lhrlsto

103 3824 220 3882 dominis
243 3832 273 3881 et
294 3824 424 3881 fratribus
447 3826 661 3896 archiepiscopis
679 3826 816 3897 episcopis
833 3825 950 3881 ducibus
969 3822 1171 3880 marchionibus
1194 3822 1278 3879 comi·
1315 3891 1322 3906 ι

1 3924 2 3951 ³
104 3921 177 3979 tubus
194 3923 366 3994 principibus
384 3924 490 3994 imperil
502 3924 627 3992 Romani,
646 3922 797 3978 maioribus
815 3928 844 3978 et
861 3922 1019 3992 minoribus,
1038 3922 1111 3977 clero
1129 3925 1158 3975 et
1175 3920 1277 3989 populo

104 4026 214 4077 amotae
233 4022 366 4077 eeclesiae
385 4020 536 4077 cultoribus
554 4020 605 4090 dl„
625 4019 678 4075 Dei
696 4018 826 4089 gratiald
837 4018 911 4089 quod
924 4025 975 4089 est,
993 4017 1141 4074 habraam
1153 4015 1277 4071 dilectio·

103 4132 174 4188 nem,
192 4116 314 4174 debitam
332 4118 494 4174 servltmem
513 4123 542 4173 et
558 4124 719 4191 perpetuam
736 4118 765 4173 in
783 4116 902 4172 Domino
920 4117 1046 4172 adetum.
1116 4112 1236 4169 Domino
1248 4117 1278 4168 et

102 4215 174 4282 patri
190 4214 349 4271 venerando
367 4230 430 4271 eum
447 4214 521 4271 fideli
540 4217 694 4272 orationum
711 4213 845 4270 instantia
862 4214 905 4271 ,lt
924 4212 1106 4270 devotissima
1122 4224 1156 4266 sc
1168 4224 1279 4281 semper

102 4316 199 4381 psrata
216 4312 342 4369 servicis.

171 4444 192 4477 a
214 4429 453 4479 hoclammuoaaV.
545 4430 568 4477 b.
593 4428 650 4477 aV.
743 4442 765 4477 e.
788 4430 868 4477 σιν.

1022 4512 1065 4568 2*
