3142 4850
293 284 359 350 120
689 301 857 350 numeror
878 301 1006 350 coonx.
1040 297 1077 350 uc

124 477 276 536 10741078
292 461 503 546 quorumlibet
526 460 772 547 disputationes,
797 462 941 546 quamuis
964 460 1188 528 catholicorum
1211 466 1245 525 et
1264 459 1473 526 laudatorum

292 578 447 660 virorum,
477 575 564 644 velut
592 577 766 662 scripturus
794 578 962 643 canonicus
990 577 1141 642 debemus
1173 574 1303 656 habere;
1337 581 1474 641 utnon

290 691 385 758 liceat
412 691 523 777 nobis,
552 692 641 758 solua
663 690 902 758 honorificentia
928 712 1009 776 quae
1029 691 1094 757 illis
1115 690 1262 772 debetur,
1289 689 1412 775 aliquid
1435 692 1473 756 in

292 825 400 874 eorum
430 807 557 892 scriptis
579 807 750 892 inprobare
772 812 868 892 atque
889 827 1055 893 respuere,
1084 807 1113 870 si
1138 805 1221 870 iorte
1241 805 1474 890 invenerimus,

291 921 375 1006 quod
398 921 490 988 aliter
511 922 678 1005 senserint,
703 940 797 1006 quam
821 923 938 988 ueritas
960 922 1086 1003 habeat,
1109 920 1216 986 divino
1235 920 1394 986 adiutorio
1418 919 1476 988 vel

292 1036 332 1102 ab
360 1036 431 1103 aliis
460 1036 621 1103 intellecta
648 1036 699 1102 vel
729 1037 872 1104 anobis.
962 1035 1046 1114 Quid
1074 1041 1181 1102 autem
1208 1035 1335 1102 veritati
1364 1037 1476 1119 magis

292 1152 484 1218 eontrarium
507 1153 644 1219 inveniri
673 1157 779 1238 potest
806 1171 900 1236 quom
930 1152 990 1217 hoc
1013 1187 1055 1198 ——
1078 1171 1150 1217 eum
1172 1151 1245 1236 ipsa
1265 1150 1399 1232 ueritas,
1433 1152 1478 1218 de

292 1265 484 1332 abstinentia
505 1267 651 1353 loquens,
675 1287 739 1334 non
761 1267 855 1333 unius
878 1267 1014 1333 hominis
1036 1266 1093 1332 sed
1114 1267 1254 1332 omnium
1277 1265 1388 1351 plane,
1414 1287 1479 1332 ex-

292 1389 384 1469 cepto
399 1401 530 1449 numero
545 1383 761 1469 professorum
776 1383 999 1466 continentiae,
1022 1382 1123 1448 dicat:
1149 1381 1215 1464 Qui
1227 1394 1330 1468 potest
1342 1405 1477 1468 capere,

292 1495 416 1587 capiet¹
438 1533 480 1546 ·-
504 1498 589 1582 quod
616 1498 686 1580 isti,
712 1498 820 1564 nescio
848 1499 931 1564 unde
958 1497 1117 1580 instigati,
1147 1497 1271 1563 dieunt:
1310 1497 1378 1579 Qui
1405 1522 1480 1564 noo

288 1628 393 1702 potest
414 1637 535 1701 capere,
561 1615 706 1699 fertatur
727 1615 931 1680 mathemate.

381 1727 463 1807 Quid
486 1749 560 1795 vero
582 1749 641 1814 pro
663 1727 845 1794 homiuibus
867 1727 936 1794 lieri
959 1733 1065 1814 potest
1081 1726 1238 1811 stolidius,
1262 1727 1339 1812 quid
1361 1727 1482 1797 divine

292 1844 507 1912 maledictioni
534 1843 719 1927 obligatius,
748 1863 844 1928 quam
867 1879 909 1890 -·-
940 1863 1010 1909 oum
1041 1843 1140 1928 aliqui
1166 1863 1292 1926 eorum,
1321 1843 1374 1909 vel
1403 1846 1482 1930 epi·

294 1962 381 2047 scopi
396 1960 545 2028 videlicet
556 1959 625 2026 vel·
645 1957 868 2042 archidiaconi,
891 1959 938 2025 ita
951 1959 1141 2045 praecipites
1156 1959 1222 2024 siut
1237 1958 1271 2024 in
1291 1958 1482 2044 libidinem,

292 2081 330 2142 ut
352 2095 454 2160 neque
476 2073 632 2140 adulteria
653 2093 754 2159 neque
776 2074 915 2140 incestus
938 2094 1040 2159 neque
1062 2073 1285 2156 masculorum,
1306 2073 1390 2159 proh
1414 2095 1483 2160 pu-

294 2191 369 2274 dor,
398 2190 599 2276 turpissimos
627 2190 731 2256 sciant
757 2190 927 2257 abhorrere
948 2189 1150 2256 concubitusb
1174 2225 1217 2235 —-
1241 2189 1341 2273 quod‘
1365 2191 1482 2256 casem

293 2305 478 2373 clericomm
508 2305 653 2388 coniugia
680 2304 759 2370 sior
794 2306 903 2372 dicunt
929 2306 1043 2388 fetere;
1078 2311 1111 2372 et
1143 2305 1184 2371 ab
1218 2305 1264 2372 eie
1296 2325 1361 2370 non
1397 2325 1485 2373 vere

292 2422 438 2492 iusticias
464 2419 671 2507 conpassione
704 2420 759 2488 sed
792 2421 873 2487 itlse
901 2422 1044 2489 iusticias
1077 2419 1301 2505 dedignatione
1327 2419 1484 2507 clericos,

293 2557 358 2605 non
380 2543 416 2605 ut
438 2546 622 2604 conservos·
644 2540 758 2620 rogent
780 2536 830 2603 rel
851 2543 1003 2605 moneant
1024 2538 1200 2621 continere,
1224 2536 1281 2604 sed
1302 2542 1340 2603 nt
1361 2558 1484 2607 servos

294 2654 426 2723 iubeant
447 2653 496 2721 uel
519 2657 634 2737 cogant
656 2654 823 2719 abstinere.

387 2768 439 2835 Ad
468 2768 557 2835 cuius
586 2768 727 2855 imperii,
756 2788 796 2835 ne
821 2766 925 2834 dicam
953 2768 1092 2851 consilii,
1124 2768 1378 2854 persuasionem‘
1406 2774 1485 2836 tam

300 2886 420 2953 latram
443 2890 572 2969 tamque
593 2888 718 2970 turpem
742 2884 881 2950 addunt⁸
895 2885 1139 2967 suggestionem,
1161 2890 1199 2950 ut
1215 2884 1338 2949 dicam:
1364 2886 1485 2953 Hone-

295 3001 393 3067 esest
409 3014 463 3081 eat,
483 3000 645 3086 placendos*
661 3002 825 3086 inplicari
838 3002 965 3080 occidte,
990 3022 1087 3086 qoam
1099 3040 1141 3051 -
1157 3004 1194 3065 io
1208 3002 1371 3067 domiuum
1385 3005 1486 3069 vide-

297 3117 368 3181 lieet
390 3118 579 3181 commentia
595 3152 637 3165 --
660 3138 730 3180 eom
755 3139 822 3181 ono
844 3117 944 3202 liquot
970 3130 1086 3203 aperte.
1125 3114 1214 3194 Quod
1242 3116 1386 3202 proiecto
1411 3138 1488 3186 non

298 3231 452 3313 dicerent,
473 3230 500 3295 si
523 3248 563 3295 cx
585 3228 640 3295 illo
664 3235 720 3296 aut
739 3230 774 3297 iu
796 3231 851 3297 illo
875 3237 990 3315 essent,
1013 3231 1067 3316 qui
1089 3251 1148 3317 per
1168 3232 1358 3318 prophetam
1379 3232 1486 3301 dicit:

305 3346 346 3411 Vc
366 3346 454 3409 vobo
476 3346 651 3426 Pdurr'eeis,
676 3350 734 3432 qui
756 3351 863 3413 omnia
876 3349 992 3432 fecitte
1010 3362 1146 3435 propter
1167 3349 1324 3425 toeniam
1354 3354 1389 3414 et
1419 3370 1488 3437 per

296 3458 508 3546 psalmistam:
535 3461 601 3543 Qui
614 3463 792 3528 tomandus
806 3464 942 3549 placeat,
967 3464 1093 3547 confusi
1105 3476 1188 3543 sunt
1213 3467 1367 3550 quonium
1383 3466 1487 3535 Deus

296 3579 415 3663 spreuit
437 3572 514 3641 σοι’.
549 3575 730 3663 Preposteri
752 3577 907 3661 homines,
931 3578 985 3662 qni
1007 3579 1097 3664 prius
1111 3578 1263 3645 deberent
1284 3580 1378 3646 nobis
1401 3602 1488 3668 per·

297 3690 439 3774 suadere,
461 3696 498 3757 ut
518 3692 553 3757 in
576 3698 746 3779 conspectu
770 3694 848 3776 eins,
871 3693 921 3759 cui
945 3694 1053 3759 omnia
1075 3694 1160 3759 nuda
1182 3700 1215 3760 et
1236 3700 1348 3780 aperta
1371 3695 1487 3784 sunt⁸,

298 3805 519 3873 erubescamus
546 3814 727 3894 peccatores
757 3827 945 3891 essequam
974 3810 1008 3875 in
1031 3816 1201 3895 conspectu
1229 3809 1394 3877 hominnm
1422 3814 1488 3882 ho-

297 3938 398 3987 mmes
421 3942 500 3988 esse.

385 4036 475 4103 Licet
502 4058 575 4121 ergo
604 4056 660 4104 sue
688 4039 803 4105 merito
832 4040 1000 4125 pravitatis
1034 4040 1157 4107 nullum
1189 4049 1373 4110 mereantur
1400 4065 1488 4115 con-

366 4226 386 4259 a.
411 4214 470 4260 etV.
537 4214 559 4261 b.
584 4214 740 4274 amplexusL.
809 4216 933 4264 aonaL.
1000 4218 1024 4263 d.
1047 4232 1126 4265 revera
1143 4218 1238 4267 aaut.
1308 4236 1330 4268 e.
1353 4225 1487 4274 κινού.

299 4291 316 4337 t.
339 4291 440 4337 ornVZ.
518 4306 540 4351 g.
564 4294 643 4340 oarV.
721 4294 745 4341 lu.
768 4296 886 4343 meliuaV.
964 4298 980 4343 i.
1002 4297 1143 4356 plurimisV.

372 4396 395 4453 1.
414 4394 564 4466 nattum,
579 4398 620 4451 12.
710 4400 736 4456 a.
755 4399 800 4457 Pa.
813 4400 857 4470 so,
871 4401 897 4459 e.
986 4401 1012 4454 e.
1030 4400 1113 4460 nen.
1125 4402 1153 4472 4,
1167 4403 1210 4460 ιιι.
