3142 4850
329 326 394 392 502
617 346 805 395 nrrsuousu
828 346 1108 395 nsusuuunnsus
1143 344 1169 397 s.
1183 343 1215 396 ιο

162 522 228 574 1081
240 534 318 573 ex.-
328 506 410 571 iuste
442 526 592 590 possessa
624 506 787 589 dignitate.
830 505 934 573 Niehil
968 508 1035 573 sine
1062 506 1167 589 vobis,
1202 505 1307 571 omniu
1339 506 1487 573 nobiseum

180 594 247 645 ¹⁰⁸²
265 593 301 645 ³¹³·
329 641 422 703 agere
444 622 549 707 parati
571 642 692 705 sumus,
719 622 826 689 sivos
849 627 973 688 tantum
995 622 1112 689 nostris
1136 622 1294 689 benefieiis
1318 623 1489 689 resistentes

328 755 391 802 uon
415 736 637 803 invenerimus.

418 851 469 917 Ad
493 852 640 919 ultimum
662 852 760 919 niebii
784 852 944 936 querimus
967 852 1029 919 uisi
1050 852 1203 919 iustitium
1226 854 1260 920 in
1274 854 1330 920 illo
1344 853 1423 936 loeo,
1443 854 1491 920 nbi

328 969 467 1033 maxime
490 968 581 1035 deoet
602 988 671 1035 esse
701 968 836 1035 iusticia.
878 967 977 1046 Quam
1002 970 1034 1034 in
1058 969 1147 1035 vobis
1175 970 1316 1036 invenire
1344 974 1491 1055 optamus,

329 1084 489 1150 inventam
513 1105 716 1151 remunerare
738 1083 807 1151 Deo
832 1085 972 1171 propitio
995 1083 1202 1151 decernimus.
1238 1084 1357 1151 Valete.

230 1394 233 1398 ¹
333 1411 393 1481 10.
418 1413 471 1479 De
493 1415 615 1499 syuodo
638 1414 894 1499 Bomberyeosi·.

225 1570 292 1623 roes
418 1546 512 1611 Anno
536 1546 711 1611 dominicae
732 1546 961 1612 insumationis
984 1543 1209 1629 MLXXXVII,
1235 1545 1410 1612 indictione
1431 1542 1493 1627 x1¹,

207 1645 312 1689 mm
328 1662 374 1729 XI
397 1661 467 1727 Kal.
489 1660 611 1747 Aprilis
634 1660 792 1727 celebrata
816 1666 865 1727 est
887 1660 1025 1746 synodus
1047 1662 1080 1727 in
1105 1660 1163 1727 buo
1177 1660 1430 1745 babenbergensi
1453 1678 1495 1727 er·

329 1778 426 1844 oiseis
449 1777 508 1843 sub
531 1776 646 1842 domno
668 1775 828 1843 Ruoberto
852 1777 987 1863 septimo
1015 1777 1108 1842 buius
1131 1777 1215 1845 sedis
1242 1778 1403 1864 episeopo.
1442 1774 1495 1842 Ubi

329 1895 413 1961 inter
440 1898 545 1959 cetera
573 1891 786 1958 emissiastiea
814 1893 945 1976 negocia
973 1892 1129 1977 universi,
1165 1894 1219 1977 qui
1248 1893 1371 1979 synodo
1400 1892 1495 1958 domni

330 2004 516 2075 Guntharii’
538 2011 730 2091 intererant,
758 2008 864 2076 uteriui
888 2008 1015 2093 quidem
1039 2028 1096 2094 per
1117 2014 1259 2075 sanctem
1283 2009 1494 2089 obedientiam,

330 2124 449 2191 iudices
472 2144 547 2191 vero
576 2126 734 2209 ceterique
760 2124 833 2190 iaiei
857 2126 1062 2191 sacramentis
1090 2126 1227 2210 astrioti,
1256 2144 1320 2190 uno
1349 2146 1406 2193 ore
1433 2144 1495 2211 pro·

330 2241 440 2308 testati
462 2247 551 2306 sunt:
581 2239 846 2325 quemadmodum
869 2242 1030 2307 novalium
1059 2241 1300 2325 decimationes,
1330 2242 1372 2309 de
1395 2240 1495 2327 quibus

330 2356 414 2422 inter
436 2362 577 2422 nostr-am
603 2361 634 2422 et
648 2354 944 2441 wirzeburgensem
968 2358 1126 2424 eontentio
1143 2363 1212 2424 erat
1233 2356 1411 2444 eeclesiam,
1434 2374 1495 2444 syn·

332 2473 418 2539 odali
441 2473 557 2538 iudieio
580 2473 638 2538 sub
664 2474 778 2540 domno
802 2472 977 2540 Guntburiu
1002 2475 1111 2559 quinto
1134 2473 1226 2540 buius
1250 2474 1334 2542 sedis
1360 2477 1495 2561 episeopo

331 2595 459 2656 nostrae
482 2589 681 2657 adiudicatae
703 2595 778 2655 sunt
800 2588 959 2656 eeclesiae.

419 2705 463 2772 Et
485 2705 544 2772 beo
571 2705 701 2770 nomina
728 2705 875 2788 testium,
908 2705 961 2788 qui
991 2707 1030 2772 ad
1058 2707 1243 2773 memorium
1271 2707 1496 2788 modernorum,

331 2822 408 2908 quid
431 2822 489 2888 sub
513 2822 628 2887 domno
644 2820 820 2887 Guntbario
836 2819 974 2886 viderint
989 2828 1021 2888 et
1044 2821 1211 2907 audierint,
1235 2825 1406 2909 protestari
1420 2827 1496 2890 sunt:

331 2938 489 3004 Adeibero
506 2937 654 3020 decanus,
677 2936 832 3020 Nenoher,
848 2937 964 3023 Eoobo,
981 2936 1142 3021 Adelbert,
1166 2938 1281 3024 Sigele,
1301 2919 1382 3025 ὕπο,
1406 2939 1497 3020 Hono,

331 3053 496 3121 Ruothart
532 3053 587 3119 Hii
610 3058 684 3118 sunt
702 3052 823 3119 cleriei:
846 3053 943 3138 Erbo,
959 3054 1107 3140 Aeseuin,
1120 3053 1240 3138 Volrat,
1256 3055 1431 3140 Frideriuh,
1446 3055 1498 3120 Ar·

331 3169 410 3252 nult,
432 3168 559 3252 Amolt,
584 3167 707 3235 Debuit.

421 3285 475 3351 Hii
499 3304 572 3350 vero
597 3283 718 3370 synodo
741 3283 861 3350 domini
885 3287 986 3352 nostri
1008 3285 1200 3368 R(u0berti):
1231 3285 1394 3356 Gebeburt
1419 3305 1500 3376 prae·

333 3402 465 3486 positus,
489 3398 599 3486 Poppo
622 3399 770 3483 decanus,
795 3399 904 3468 Tiemo
928 3401 1036 3485 abbas,
1060 3401 1201 3488 Kezeliu,
1225 3403 1395 3489 Eberburt,
1419 3403 1500 3471 Heri

332 3535 418 3599 mun,
441 3515 607 3599 Eberhard,
631 3515 801 3600 Adalbero,
825 3517 942 3602 Bruno,
965 3517 1086 3604 Puppe,
1115 3517 1232 3604 Brnno,
1256 3519 1386 3605 Ernest,
1413 3517 1501 3588 Adel-

333 3632 408 3698 bero
432 3632 579 3715 decanus,
608 3632 713 3716 Huno,
737 3631 893 3718 Meingou,
918 3633 1088 3718 Guntbere,
1112 3633 1252 3720 Rabodo,
1280 3633 1501 3716 Erubenbrebt,

332 3747 464 3830 Amolt3
499 3749 633 3816 domnus
662 3747 766 3833 Bodo,
802 3747 933 3816 Gozwin
963 3769 1085 3836 eomes,
1119 3749 1288 3819 Frederioh
1323 3753 1364 3820 de
1394 3749 1500 3832 Castel,

334 3863 466 3932 Gozwin
500 3864 539 3932 de
571 3866 732 3950 Anspero,
768 3864 910 3949 Adelolt,
945 3865 1119 3952 Walpodo,
1153 3865 1360 3954 Lamprehet,
1394 3867 1501 3948 Bruno,

333 3979 499 4048 Eberhart

407 4171 427 4202 u.
451 4156 575 4217 Deseripu'
590 4172 619 4204 ee
636 4157 685 4206 cod.
696 4158 812 4219 quondum
822 4159 998 4221 Bumberqensr',
1016 4175 1079 4208 uscue
1094 4161 1232 4210 Mouuccuri
1248 4160 1340 4219 (timei
1353 4163 1403 4221 ⁶0)
1418 4159 1501 4208 mbr·

336 4248 398 4280 suec.
409 4233 449 4281 11
458 4233 506 4294 sod
516 4239 539 4284 3.
564 4237 647 4286 Edidit
662 4237 790 4285 flantem
808 4235 876 4286 Odore.
889 4239 966 4288 Gom.
977 4241 1016 4286 111
1028 4241 1089 4288 206.

409 4341 435 4393 1.
454 4339 536 4396 immo
555 4341 590 4396 X.
681 4343 707 4397 2.
731 4340 776 4398 die
797 4343 830 4398 13
847 4342 999 4413 speruus
1017 4345 1144 4418 hubitaep
1162 4363 1189 4402 v.
1207 4361 1292 4420 supra
1307 4363 1333 4417 p.
1347 4347 1411 4402 497.

816 4479 1029 4490 *Ἦ
