3142 4850
463 313 629 364 unaunuor
651 315 779 366 oonnx.
816 314 868 368 ree
1187 304 1253 370 339

91 469 278 538 suetudinem
299 471 468 540 muniente
491 478 546 540 eut
568 473 688 542 oooulte
714 475 900 559 inpugnant
942 476 1075 544 Cenem
1096 497 1188 562 erqo,
1219 486 1255 545 ut

91 583 148 650 iarn
170 605 243 671 sepe
265 585 383 654 dietum
407 593 465 672 est,
489 588 572 673 quod
588 589 679 656 iuxta
693 609 814 656 morem
830 595 864 659 et
877 590 1036 658 deoretum
1053 593 1253 676 antiquitatis

90 717 141 764 neo
161 705 244 768 rem
266 721 325 768 nee
346 703 456 771 ordine
478 703 639 770 Romanae
661 703 745 770 sedis
769 704 893 772 eulmen
916 706 1073 790 aseendit,
1093 707 1156 790 qui
1176 725 1252 774 oon·

89 833 206 882 sensum
223 816 376 904 prinoipie
391 819 425 886 in
441 820 500 886 hoe
514 819 701 904 neglexerit,
716 825 783 886 tum
801 826 932 906 propter
943 819 1093 888 eeclesiae
1108 828 1252 890 sanotae·

88 949 189 1015 paoem
213 938 246 998 et
267 934 468 1002 oonoordianr
491 940 559 1000 tum
585 939 714 1020 propter
736 934 826 1018 regui
849 935 1151 1004 honorificentiam“.

167 1045 211 1114 Et
233 1046 291 1114 heo
312 1049 437 1134 quidem
463 1071 503 1116 ex
518 1050 659 1137 epieoopi
676 1046 848 1136 prsedieti¹
866 1055 1003 1120 owner
1026 1051 1199 1137 perstriuxi
1212 1053 1253 1122 de

86 1157 210 1228 Romani
235 1161 392 1248 pontitiois
416 1164 569 1232 electione
585 1169 617 1232 et
632 1166 867 1234 eoneeeratione
882 1166 1053 1234 seeundum
1068 1166 1253 1236 eanonioanu

86 1278 299 1346 austeritatem
322 1284 355 1346 ot
376 1279 574 1367 antiquitatis
593 1281 861 1349 eonsuetudinenr.
896 1281 997 1365 Nune,
1020 1282 1098 1366 quid
1120 1282 1165 1348 de
1188 1302 1252 1349 ex·

84 1395 434 1463 eornrnunioatione
456 1396 653 1482 prineipie
677 1396 710 1464 in
726 1396 836 1462 eodem
859 1395 978 1481 scripto
1000 1396 1054 1481 sit,
1077 1397 1250 1466 uideamus

168 1508 261 1592 „Non
276 1515 325 1578 est
339 1511 435 1594 enim,
456 1515 639 1594 utmagnus
655 1510 720 1578 Leo
735 1516 881 1594 nentur,
897 1510 997 1580 honor
1011 1511 1067 1578 ille
1080 1510 1250 1597 legitimus,

83 1623 132 1706 qui
153 1623 251 1690 fuerit
273 1629 383 1692 eontra
406 1626 531 1692 divinae
553 1626 632 1710 legis
661 1631 832 1713 praecepta
854 1631 886 1692 et
913 1631 1092 1692 sauctorum
1123 1632 1251 1712 petrum

83 1735 203 1804 deoreta
217 1739 361 1808 oollatus.
397 1740 606 1828 Quapropter,
630 1741 719 1808 ouius
735 1741 891 1808 ordinatio
907 1747 1019 1808 watra
1039 1741 1090 1808 ius
1111 1747 1145 1808 et
1166 1743 1251 1808 ordi-

81 1871 148 1920 noun
171 1855 358 1922 canonieurn
380 1856 465 1922 iaetu
486 1856 593 1940 tuerit,
616 1877 674 1922 neo
695 1859 767 1922 rata
782 1875 851 1922 esee
865 1875 924 1922 neo
938 1855 1022 1922 vires
1040 1855 1156 1924 habere
1171 1855 1251 1924 ulia·

82 1971 168 2036 tenen
190 1969 319 2056 poterit
341 1990 400 2038 neo
415 1971 444 2036 oi
460 1971 547 2038 velut
569 1969 831 2058 pseudopontifioi
854 1971 923 2038 iure
946 1969 1118 2057 pontificali
1142 1991 1251 2056 quem·

82 2101 171 2166 quum
194 2084 295 2168 ligare
319 2091 373 2152 aut
395 2085 517 2154 soluere
539 2087 666 2172 penitus
688 2084 827 2153 lioebit“.

164 2199 246 2266 item
269 2201 302 2266 iu
326 2200 434 2267 eodem
458 2207 612 2268 troetatu:

166 2315 281 2398 „Multi
296 2317 391 2400 enim,
413 2336 452 2383 ex
467 2336 529 2402 quo
545 2315 663 2383 Christi
678 2315 750 2399 iugo
766 2316 855 2398 regia
868 2315 950 2382 eollo
963 2336 999 2382 se
1016 2316 1249 2402 summiserunt

79 2428 347 2500 Hildebrandum⁵
369 2437 609 2518 praeeesseront
631 2431 764 2499 Romani
792 2430 973 2517 pontitioee,
1002 2452 1095 2501 neree
1122 2432 1196 2501 fidei
1218 2437 1252 2501 et

79 2544 238 2629 religionis
269 2548 447 2617 oonetantia
474 2548 725 2634 praeminentes,
756 2566 890 2632 quorum
917 2548 1113 2633 temporibus
1142 2548 1249 2633 plures

80 2681 115 2729 ex
128 2662 282 2731 Romanis
305 2664 501 2751 principibus
523 2663 557 2729 in
572 2662 704 2730 eoeleste
720 2662 865 2745 graviora
882 2682 1024 2760 quaeque
1038 2662 1249 2747 delinquendo

78 2780 316 2860 oommieerant;
340 2798 473 2864 quorum
496 2783 602 2845 temen
624 2777 783 2845 neminem
799 2798 933 2845 sensura
956 2776 1138 2862 pontificum
1154 2777 1249 2845 uerbo

79 2894 413 2963 excommunicationis
437 2912 626 2980 exsuperare
654 2898 920 2979 praesumpserat
961 2891 1070 2977 Neque
1091 2892 1152 2960 hoo
1178 2893 1249 2961 ideo

78 3013 179 3079 tamen
202 3011 408 3093 dimiserant,
433 3014 483 3091 nt,
514 3007 683 3075 humanam
707 3010 852 3076 amittere
875 3008 1009 3092 gratiam
1033 3007 1249 3093 formidantes,

78 3131 159 3193 reeta
180 3126 284 3195 libere
305 3125 393 3211 loqui
415 3124 685 3213 pertimescerent,
707 3123 786 3190 illud
802 3122 1019 3209 prophetioum
1035 3123 1248 3192 ineurrentes:

79 3262 163 3307 eones
191 3246 277 3309 muti
301 3264 366 3309 non
395 3241 530 3307 ualentes
559 3236 704 3323 lonoffl,
739 3239 795 3305 sed
826 3238 905 3306 illud
938 3238 1088 3325 apostoli,
1119 3237 1154 3305 id
1185 3243 1247 3305 est:

79 3362 180 3423 omnio
203 3360 250 3423 ad
273 3350 541 3441 edifficationem³,
567 3374 643 3440 pree
667 3354 764 3421 oeulis
787 3353 948 3421 habentes.
985 3353 1074 3420 Unde
1100 3354 1249 3437 deterior,

78 3468 104 3535 si
118 3472 208 3555 uirga
233 3477 400 3558 peoeantes
423 3471 626 3554 oorrigerent,
650 3469 833 3551 contingere
854 3488 948 3555 posse
969 3469 1136 3554 perspicue
1157 3488 1249 3555 pree-

80 3586 237 3669 uiderunt;
262 3588 354 3673 quusi
377 3606 455 3653 onus
479 3584 757 3671 superimpositum
781 3588 909 3671 portare
929 3585 1166 3652 convenientius
1180 3604 1250 3651 esee

78 3699 242 3769 duxerunt
284 3702 376 3771 Multi
399 3702 493 3770 etiam
518 3700 726 3787 imperotores
749 3720 813 3767 nou
835 3720 933 3787 parvo
956 3700 1083 3783 ingenio
1105 3699 1179 3782 igne
1199 3698 1250 3765 iu·

78 3817 154 3883 roris
175 3818 211 3885 in
234 3820 323 3906 ipsos
339 3818 434 3885 etiem
451 3816 609 3885 Romanos
625 3814 791 3903 pontitioes
807 3820 1010 3896 exarserunt;
1033 3835 1127 3900 quern
1143 3818 1250 3882 nmen

78 3929 136 4015 ipsi
157 3934 324 4019 pacienter
346 3933 475 4003 ferendo
499 3934 609 4021 pooiue
631 3950 727 4018 quum
752 3930 932 4000 uloisoendo
959 3930 1161 4013 exstinguere
1183 3934 1249 3995 etu-

79 4044 245 4115 duerunt“.

164 4163 254 4247 „Que
278 4164 361 4231 eninr
391 4170 423 4231 et
447 4170 565 4249 quante
587 4163 672 4229 male
693 4158 909 4246 Ludewious⁴‚
939 4167 1030 4247 pater
1053 4160 1248 4243 olorinorum,

147 4328 168 4359 a.
191 4330 237 4361 om.
251 4314 274 4361 Γ.
487 4314 509 4361 b.
533 4312 752 4374 Eiidepraudumi'.

148 4411 171 4463 1.
191 4406 327 4463 wioonn.
399 4408 616 4479 2.1sni.56,10.
688 4406 935 4477 3.1Gor.1t,2e.
1005 4404 1075 4459 4.11
1093 4404 1249 4474 menter.

978 4501 1037 4558 22}
