<?xml version="1.0" encoding="UTF-8"?>
<!DOCTYPE html PUBLIC "-//W3C//DTD XHTML 1.0 Transitional//EN"
    "http://www.w3.org/TR/xhtml1/DTD/xhtml1-transitional.dtd">
<html xmlns="http://www.w3.org/1999/xhtml" xml:lang="en" lang="en">
 <head>
  <title>
</title>
<meta http-equiv="Content-Type" content="text/html;charset=utf-8" />
  <meta name='ocr-system' content='tesseract 3.04.00' />
  <meta name='ocr-capabilities' content='ocr_page ocr_carea ocr_par ocr_line ocrx_word'/>
</head>
<body>
  <div class='ocr_page' id='page_1' title='image "./bibliothecareru06jaffgoog_0806.png"; bbox 0 0 3142 4850; ppageno 0'>
   <div class='ocr_carea' id='block_1_1' title="bbox 405 315 1279 381">
    <p class='ocr_par' dir='ltr' id='par_1_1' title="bbox 405 315 1279 381">
     <span class='ocr_line' id='line_1_1' title="bbox 405 315 1279 381; baseline -0.002 0"><span class='ocrx_word' id='word_1_1' title='bbox 405 333 584 381; x_wconf 83' lang='lat' dir='ltr'><strong>nsanoaor</strong></span> <span class='ocrx_word' id='word_1_2' title='bbox 607 334 789 381; x_wconf 73' lang='lat' dir='ltr'><strong>arenosos.</strong></span> <span class='ocrx_word' id='word_1_3' title='bbox 824 334 890 381; x_wconf 85' lang='lat' dir='ltr'><strong>ma.</strong></span> <span class='ocrx_word' id='word_1_4' title='bbox 907 335 945 381; x_wconf 90' lang='lat'><strong>111</strong></span> <span class='ocrx_word' id='word_1_5' title='bbox 967 332 984 381; x_wconf 82' lang='lat' dir='ltr'><strong>a</strong></span> <span class='ocrx_word' id='word_1_6' title='bbox 1216 315 1279 380; x_wconf 79' lang='lat'><strong>791</strong></span> 
     </span>
    </p>
   </div>
   <div class='ocr_carea' id='block_1_2' title="bbox 43 492 1423 4407">
    <p class='ocr_par' dir='ltr' id='par_1_2' title="bbox 108 492 1423 2556">
     <span class='ocr_line' id='line_1_2' title="bbox 109 492 1397 581; baseline 0.002 -20"><span class='ocrx_word' id='word_1_7' title='bbox 109 498 245 581; x_wconf 87' lang='lat' dir='ltr'><strong>pectore.</strong></span> <span class='ocrx_word' id='word_1_8' title='bbox 286 494 378 560; x_wconf 83' lang='lat' dir='ltr'><strong>Circa</strong></span> <span class='ocrx_word' id='word_1_9' title='bbox 406 494 570 561; x_wconf 78' lang='lat' dir='ltr'><strong>meridiem</strong></span> <span class='ocrx_word' id='word_1_10' title='bbox 595 514 673 560; x_wconf 90' lang='lat' dir='ltr'><strong>vero</strong></span> <span class='ocrx_word' id='word_1_11' title='bbox 691 492 865 561; x_wconf 88' lang='lat' dir='ltr'><strong>Leuticiam</strong></span> <span class='ocrx_word' id='word_1_12' title='bbox 889 512 1016 577; x_wconf 87' lang='lat' dir='ltr'><strong>quaqua</strong></span> <span class='ocrx_word' id='word_1_13' title='bbox 1039 513 1165 559; x_wconf 80' lang='lat' dir='ltr'><strong>versum</strong></span> <span class='ocrx_word' id='word_1_14' title='bbox 1188 494 1282 558; x_wconf 85' lang='lat' dir='ltr'><strong>fumi·</strong></span> <span class='ocrx_word' id='word_1_15' title='bbox 1328 509 1397 563; x_wconf 76' lang='lat'>1127</span> 
     </span>
     <span class='ocr_line' id='line_1_3' title="bbox 109 583 1423 697; baseline 0 -21"><span class='ocrx_word' id='word_1_16' title='bbox 109 630 184 694; x_wconf 83' lang='lat' dir='ltr'><strong>gare</strong></span> <span class='ocrx_word' id='word_1_17' title='bbox 200 611 392 697; x_wconf 75' lang='lat' dir='ltr'><strong>aspeximus,</strong></span> <span class='ocrx_word' id='word_1_18' title='bbox 414 611 538 694; x_wconf 81' lang='lat' dir='ltr'><strong>signum</strong></span> <span class='ocrx_word' id='word_1_19' title='bbox 555 611 661 677; x_wconf 90' lang='lat' dir='ltr'><strong>omnia</strong></span> <span class='ocrx_word' id='word_1_20' title='bbox 677 610 831 675; x_wconf 90' lang='lat' dir='ltr'><strong>vastantis</strong></span> <span class='ocrx_word' id='word_1_21' title='bbox 847 609 1012 675; x_wconf 83' lang='lat' dir='ltr'><strong>exercitus.</strong></span> <span class='ocrx_word' id='word_1_22' title='bbox 1048 608 1100 674; x_wconf 88' lang='lat' dir='ltr'><strong>Ad</strong></span> <span class='ocrx_word' id='word_1_23' title='bbox 1116 630 1282 697; x_wconf 86' lang='lat' dir='ltr'><strong>vesperum</strong></span> <span class='ocrx_word' id='word_1_24' title='bbox 1298 583 1353 642; x_wconf 55' lang='grc' dir='ltr'><strong>ΑΨ·</strong></span> <span class='ocrx_word' id='word_1_25' title='bbox 1370 583 1423 628; x_wconf 61' lang='lat'>⁵¹⁸⁵·</span> 
     </span>
     <span class='ocr_line' id='line_1_4' title="bbox 110 724 1282 812; baseline 0 -20"><span class='ocrx_word' id='word_1_26' title='bbox 110 732 215 793; x_wconf 89' lang='lat' dir='ltr'><strong>antem</strong></span> <span class='ocrx_word' id='word_1_27' title='bbox 240 746 311 793; x_wconf 89' lang='lat' dir='ltr'><strong>ecce</strong></span> <span class='ocrx_word' id='word_1_28' title='bbox 333 726 413 810; x_wconf 88' lang='lat' dir='ltr'><strong>dux,</strong></span> <span class='ocrx_word' id='word_1_29' title='bbox 441 727 505 793; x_wconf 85' lang='lat' dir='ltr'><strong>voti</strong></span> <span class='ocrx_word' id='word_1_30' title='bbox 530 745 673 812; x_wconf 89' lang='lat' dir='ltr'><strong>compos,</strong></span> <span class='ocrx_word' id='word_1_31' title='bbox 703 724 803 792; x_wconf 90' lang='lat' dir='ltr'><strong>multa</strong></span> <span class='ocrx_word' id='word_1_32' title='bbox 824 730 956 791; x_wconf 90' lang='lat' dir='ltr'><strong>onustus</strong></span> <span class='ocrx_word' id='word_1_33' title='bbox 977 725 1094 811; x_wconf 89' lang='lat' dir='ltr'><strong>preda,</strong></span> <span class='ocrx_word' id='word_1_34' title='bbox 1122 744 1193 792; x_wconf 90' lang='lat' dir='ltr'><strong>com</strong></span> <span class='ocrx_word' id='word_1_35' title='bbox 1216 728 1282 792; x_wconf 86' lang='lat' dir='ltr'><strong>suis</strong></span> 
     </span>
     <span class='ocr_line' id='line_1_5' title="bbox 110 838 1282 927; baseline 0 -19"><span class='ocrx_word' id='word_1_36' title='bbox 110 842 255 909; x_wconf 90' lang='lat' dir='ltr'><strong>omnibus</strong></span> <span class='ocrx_word' id='word_1_37' title='bbox 271 842 353 909; x_wconf 89' lang='lat' dir='ltr'><strong>letus</strong></span> <span class='ocrx_word' id='word_1_38' title='bbox 369 848 401 910; x_wconf 91' lang='lat' dir='ltr'><strong>at</strong></span> <span class='ocrx_word' id='word_1_39' title='bbox 418 842 583 908; x_wconf 73' lang='lat' dir='ltr'><strong>incolomis</strong></span> <span class='ocrx_word' id='word_1_40' title='bbox 599 842 768 908; x_wconf 88' lang='lat' dir='ltr'><strong>revertitur</strong></span> <span class='ocrx_word' id='word_1_41' title='bbox 778 838 794 905; x_wconf 88' lang='lat'><strong>¹.</strong></span> <span class='ocrx_word' id='word_1_42' title='bbox 827 841 926 907; x_wconf 93' lang='lat' dir='ltr'><strong>Nobis</strong></span> <span class='ocrx_word' id='word_1_43' title='bbox 941 861 1015 923; x_wconf 80' lang='lat' dir='ltr'><strong>ergo</strong></span> <span class='ocrx_word' id='word_1_44' title='bbox 1030 841 1282 927; x_wconf 76' lang='lat' dir='ltr'><strong>inspicientibus,</strong></span> 
     </span>
     <span class='ocr_line' id='line_1_6' title="bbox 109 956 1283 1045; baseline 0 -21"><span class='ocrx_word' id='word_1_45' title='bbox 109 957 294 1025; x_wconf 82' lang='lat' dir='ltr'><strong>dividebant</strong></span> <span class='ocrx_word' id='word_1_46' title='bbox 315 958 432 1045; x_wconf 89' lang='lat' dir='ltr'><strong>spolia,</strong></span> <span class='ocrx_word' id='word_1_47' title='bbox 463 964 566 1025; x_wconf 85' lang='lat' dir='ltr'><strong>restes</strong></span> <span class='ocrx_word' id='word_1_48' title='bbox 589 958 754 1044; x_wconf 88' lang='lat' dir='ltr'><strong>pecuniam</strong></span> <span class='ocrx_word' id='word_1_49' title='bbox 779 978 895 1044; x_wconf 88' lang='lat' dir='ltr'><strong>pecora</strong></span> <span class='ocrx_word' id='word_1_50' title='bbox 917 963 949 1024; x_wconf 93' lang='lat' dir='ltr'><strong>et</strong></span> <span class='ocrx_word' id='word_1_51' title='bbox 972 956 1066 1023; x_wconf 92' lang='lat' dir='ltr'><strong>aliam</strong></span> <span class='ocrx_word' id='word_1_52' title='bbox 1089 957 1207 1024; x_wconf 86' lang='lat' dir='ltr'><strong>diversi</strong></span> <span class='ocrx_word' id='word_1_53' title='bbox 1229 978 1283 1041; x_wconf 79' lang='lat' dir='ltr'><strong>ge·</strong></span> 
     </span>
     <span class='ocr_line' id='line_1_7' title="bbox 108 1074 1282 1159; baseline -0.001 -19"><span class='ocrx_word' id='word_1_54' title='bbox 108 1074 195 1141; x_wconf 90' lang='lat' dir='ltr'><strong>neris</strong></span> <span class='ocrx_word' id='word_1_55' title='bbox 211 1074 430 1141; x_wconf 78' lang='lat' dir='ltr'><strong>substantiam.</strong></span> <span class='ocrx_word' id='word_1_56' title='bbox 510 1074 661 1140; x_wconf 86' lang='lat' dir='ltr'><strong>Homines</strong></span> <span class='ocrx_word' id='word_1_57' title='bbox 677 1092 811 1158; x_wconf 86' lang='lat' dir='ltr'><strong>quoqne,</strong></span> <span class='ocrx_word' id='word_1_58' title='bbox 835 1092 913 1157; x_wconf 89' lang='lat' dir='ltr'><strong>quos</strong></span> <span class='ocrx_word' id='word_1_59' title='bbox 929 1074 1177 1159; x_wconf 82' lang='lat' dir='ltr'><strong>captivaverant,</strong></span> <span class='ocrx_word' id='word_1_60' title='bbox 1200 1074 1282 1141; x_wconf 88' lang='lat' dir='ltr'><strong>inter</strong></span> 
     </span>
     <span class='ocr_line' id='line_1_8' title="bbox 109 1188 1281 1273; baseline -0.002 -16"><span class='ocrx_word' id='word_1_61' title='bbox 109 1210 144 1257; x_wconf 89' lang='lat' dir='ltr'><strong>se</strong></span> <span class='ocrx_word' id='word_1_62' title='bbox 167 1188 407 1259; x_wconf 86' lang='lat' dir='ltr'><strong>distribuebant</strong></span> <span class='ocrx_word' id='word_1_63' title='bbox 442 1190 488 1257; x_wconf 94' lang='lat' dir='ltr'><strong>lbi</strong></span> <span class='ocrx_word' id='word_1_64' title='bbox 506 1210 579 1257; x_wconf 88' lang='lat' dir='ltr'><strong>vero</strong></span> <span class='ocrx_word' id='word_1_65' title='bbox 603 1188 693 1256; x_wconf 83' lang='lat' dir='ltr'><strong>fletus</strong></span> <span class='ocrx_word' id='word_1_66' title='bbox 718 1195 750 1255; x_wconf 91' lang='lat' dir='ltr'><strong>et</strong></span> <span class='ocrx_word' id='word_1_67' title='bbox 768 1189 905 1272; x_wconf 79' lang='lat' dir='ltr'><strong>gemitus</strong></span> <span class='ocrx_word' id='word_1_68' title='bbox 920 1194 953 1255; x_wconf 89' lang='lat' dir='ltr'><strong>et</strong></span> <span class='ocrx_word' id='word_1_69' title='bbox 967 1189 1091 1257; x_wconf 88' lang='lat' dir='ltr'><strong>dolores</strong></span> <span class='ocrx_word' id='word_1_70' title='bbox 1114 1190 1281 1273; x_wconf 85' lang='lat' dir='ltr'><strong>innumeri,</strong></span> 
     </span>
     <span class='ocr_line' id='line_1_9' title="bbox 108 1304 1283 1392; baseline 0 -21"><span class='ocrx_word' id='word_1_71' title='bbox 108 1325 182 1372; x_wconf 90' lang='lat' dir='ltr'><strong>cum</strong></span> <span class='ocrx_word' id='word_1_72' title='bbox 206 1306 246 1371; x_wconf 91' lang='lat' dir='ltr'><strong>ad</strong></span> <span class='ocrx_word' id='word_1_73' title='bbox 269 1306 409 1373; x_wconf 88' lang='lat' dir='ltr'><strong>diversos</strong></span> <span class='ocrx_word' id='word_1_74' title='bbox 433 1306 576 1373; x_wconf 93' lang='lat' dir='ltr'><strong>dominos</strong></span> <span class='ocrx_word' id='word_1_75' title='bbox 600 1325 658 1392; x_wconf 93' lang='lat' dir='ltr'><strong>pro</strong></span> <span class='ocrx_word' id='word_1_76' title='bbox 682 1304 809 1371; x_wconf 89' lang='lat' dir='ltr'><strong>racione</strong></span> <span class='ocrx_word' id='word_1_77' title='bbox 830 1305 996 1371; x_wconf 87' lang='lat' dir='ltr'><strong>divisionis</strong></span> <span class='ocrx_word' id='word_1_78' title='bbox 1011 1307 1060 1371; x_wconf 88' lang='lat' dir='ltr'><strong>vir</strong></span> <span class='ocrx_word' id='word_1_79' title='bbox 1076 1306 1115 1372; x_wconf 90' lang='lat' dir='ltr'><strong>ab</strong></span> <span class='ocrx_word' id='word_1_80' title='bbox 1130 1325 1229 1372; x_wconf 82' lang='lat' dir='ltr'><strong>uxore</strong></span> <span class='ocrx_word' id='word_1_81' title='bbox 1251 1309 1283 1371; x_wconf 93' lang='lat' dir='ltr'><strong>et</strong></span> 
     </span>
     <span class='ocr_line' id='line_1_10' title="bbox 110 1420 1280 1508; baseline 0 -21"><span class='ocrx_word' id='word_1_82' title='bbox 110 1442 190 1487; x_wconf 86' lang='lat' dir='ltr'><strong>uxor</strong></span> <span class='ocrx_word' id='word_1_83' title='bbox 213 1422 316 1488; x_wconf 85' lang='lat' dir='ltr'><strong>ariro</strong></span> <span class='ocrx_word' id='word_1_84' title='bbox 339 1427 371 1489; x_wconf 85' lang='lat' dir='ltr'><strong>et</strong></span> <span class='ocrx_word' id='word_1_85' title='bbox 392 1420 449 1487; x_wconf 88' lang='lat' dir='ltr'><strong>lilii</strong></span> <span class='ocrx_word' id='word_1_86' title='bbox 473 1443 492 1488; x_wconf 91' lang='lat' dir='ltr'><strong>a</strong></span> <span class='ocrx_word' id='word_1_87' title='bbox 515 1421 699 1508; x_wconf 88' lang='lat' dir='ltr'><strong>parentibus</strong></span> <span class='ocrx_word' id='word_1_88' title='bbox 723 1426 754 1487; x_wconf 91' lang='lat' dir='ltr'><strong>et</strong></span> <span class='ocrx_word' id='word_1_89' title='bbox 776 1428 923 1506; x_wconf 91' lang='lat' dir='ltr'><strong>parentes</strong></span> <span class='ocrx_word' id='word_1_90' title='bbox 938 1442 958 1488; x_wconf 94' lang='lat' dir='ltr'><strong>a</strong></span> <span class='ocrx_word' id='word_1_91' title='bbox 973 1421 1045 1489; x_wconf 87' lang='lat' dir='ltr'><strong>filiis</strong></span> <span class='ocrx_word' id='word_1_92' title='bbox 1067 1421 1280 1489; x_wconf 80' lang='lat' dir='ltr'><strong>discedebant</strong></span> 
     </span>
     <span class='ocr_line' id='line_1_11' title="bbox 108 1536 1282 1625; baseline -0.001 -22"><span class='ocrx_word' id='word_1_93' title='bbox 108 1536 153 1603; x_wconf 89' lang='lat' dir='ltr'><strong>Et</strong></span> <span class='ocrx_word' id='word_1_94' title='bbox 180 1539 323 1623; x_wconf 86' lang='lat' dir='ltr'><strong>quamuis</strong></span> <span class='ocrx_word' id='word_1_95' title='bbox 352 1539 468 1625; x_wconf 80' lang='lat' dir='ltr'><strong>pagani</strong></span> <span class='ocrx_word' id='word_1_96' title='bbox 497 1543 602 1605; x_wconf 88' lang='lat' dir='ltr'><strong>essent</strong></span> <span class='ocrx_word' id='word_1_97' title='bbox 625 1557 750 1620; x_wconf 89' lang='lat' dir='ltr'><strong>omnes,</strong></span> <span class='ocrx_word' id='word_1_98' title='bbox 778 1556 858 1621; x_wconf 88' lang='lat' dir='ltr'><strong>quos</strong></span> <span class='ocrx_word' id='word_1_99' title='bbox 881 1536 1058 1604; x_wconf 83' lang='lat' dir='ltr'><strong>huiusmodi</strong></span> <span class='ocrx_word' id='word_1_100' title='bbox 1083 1538 1212 1605; x_wconf 88' lang='lat' dir='ltr'><strong>miseria</strong></span> <span class='ocrx_word' id='word_1_101' title='bbox 1233 1537 1282 1603; x_wconf 93' lang='lat' dir='ltr'><strong>in·</strong></span> 
     </span>
     <span class='ocr_line' id='line_1_12' title="bbox 109 1652 1282 1741; baseline -0.001 -22"><span class='ocrx_word' id='word_1_102' title='bbox 109 1652 262 1739; x_wconf 78' lang='lat' dir='ltr'><strong>volverat,</strong></span> <span class='ocrx_word' id='word_1_103' title='bbox 285 1654 452 1741; x_wconf 88' lang='lat' dir='ltr'><strong>episcopus</strong></span> <span class='ocrx_word' id='word_1_104' title='bbox 474 1661 591 1737; x_wconf 73' lang='lat' dir='ltr'><strong>mmen,</strong></span> <span class='ocrx_word' id='word_1_105' title='bbox 615 1654 686 1738; x_wconf 90' lang='lat' dir='ltr'><strong>pius</strong></span> <span class='ocrx_word' id='word_1_106' title='bbox 710 1672 836 1738; x_wconf 87' lang='lat' dir='ltr'><strong>semper</strong></span> <span class='ocrx_word' id='word_1_107' title='bbox 858 1658 890 1720; x_wconf 88' lang='lat' dir='ltr'><strong>et</strong></span> <span class='ocrx_word' id='word_1_108' title='bbox 912 1653 1101 1738; x_wconf 78' lang='lat' dir='ltr'><strong>misericors,</strong></span> <span class='ocrx_word' id='word_1_109' title='bbox 1126 1653 1282 1720; x_wconf 91' lang='lat' dir='ltr'><strong>condicio-</strong></span> 
     </span>
     <span class='ocr_line' id='line_1_13' title="bbox 108 1769 1282 1857; baseline -0.001 -22"><span class='ocrx_word' id='word_1_110' title='bbox 108 1790 183 1836; x_wconf 87' lang='lat' dir='ltr'><strong>nem</strong></span> <span class='ocrx_word' id='word_1_111' title='bbox 205 1770 374 1837; x_wconf 84' lang='lat' dir='ltr'><strong>mireratus</strong></span> <span class='ocrx_word' id='word_1_112' title='bbox 390 1770 572 1853; x_wconf 89' lang='lat' dir='ltr'><strong>humanam,</strong></span> <span class='ocrx_word' id='word_1_113' title='bbox 595 1769 742 1835; x_wconf 87' lang='lat' dir='ltr'><strong>lacrimas</strong></span> <span class='ocrx_word' id='word_1_114' title='bbox 758 1774 866 1836; x_wconf 77' lang='lat' dir='ltr'><strong>tcnme</strong></span> <span class='ocrx_word' id='word_1_115' title='bbox 880 1790 944 1835; x_wconf 91' lang='lat' dir='ltr'><strong>non</strong></span> <span class='ocrx_word' id='word_1_116' title='bbox 960 1770 1073 1857; x_wconf 90' lang='lat' dir='ltr'><strong>potuit.</strong></span> <span class='ocrx_word' id='word_1_117' title='bbox 1108 1770 1182 1837; x_wconf 85' lang='lat' dir='ltr'><strong>Dux</strong></span> <span class='ocrx_word' id='word_1_118' title='bbox 1196 1788 1282 1853; x_wconf 88' lang='lat' dir='ltr'><strong>vero,</strong></span> 
     </span>
     <span class='ocr_line' id='line_1_14' title="bbox 109 1883 1284 1972; baseline -0.003 -19"><span class='ocrx_word' id='word_1_119' title='bbox 109 1890 143 1953; x_wconf 90' lang='lat' dir='ltr'><strong>et</strong></span> <span class='ocrx_word' id='word_1_120' title='bbox 166 1905 432 1953; x_wconf 80' lang='lat' dir='ltr'><strong>successurorum</strong></span> <span class='ocrx_word' id='word_1_121' title='bbox 450 1892 482 1953; x_wconf 91' lang='lat' dir='ltr'><strong>et</strong></span> <span class='ocrx_word' id='word_1_122' title='bbox 496 1886 535 1953; x_wconf 92' lang='lat' dir='ltr'><strong>de</strong></span> <span class='ocrx_word' id='word_1_123' title='bbox 551 1886 687 1951; x_wconf 87' lang='lat' dir='ltr'><strong>adventu</strong></span> <span class='ocrx_word' id='word_1_124' title='bbox 703 1886 843 1972; x_wconf 88' lang='lat' dir='ltr'><strong>episcopi</strong></span> <span class='ocrx_word' id='word_1_125' title='bbox 858 1883 1039 1969; x_wconf 87' lang='lat' dir='ltr'><strong>latissimus,</strong></span> <span class='ocrx_word' id='word_1_126' title='bbox 1064 1887 1184 1970; x_wconf 88' lang='lat' dir='ltr'><strong>videns,</strong></span> <span class='ocrx_word' id='word_1_127' title='bbox 1209 1884 1284 1969; x_wconf 91' lang='lat' dir='ltr'><strong>quia</strong></span> 
     </span>
     <span class='ocr_line' id='line_1_15' title="bbox 108 2000 1283 2089; baseline -0.001 -22"><span class='ocrx_word' id='word_1_128' title='bbox 108 2002 170 2067; x_wconf 86' lang='lat' dir='ltr'><strong>lroc</strong></span> <span class='ocrx_word' id='word_1_129' title='bbox 192 2003 259 2069; x_wconf 87' lang='lat' dir='ltr'><strong>eius</strong></span> <span class='ocrx_word' id='word_1_130' title='bbox 282 2008 355 2069; x_wconf 85' lang='lat' dir='ltr'><strong>roto</strong></span> <span class='ocrx_word' id='word_1_131' title='bbox 377 2002 506 2089; x_wconf 85' lang='lat' dir='ltr'><strong>placuit,</strong></span> <span class='ocrx_word' id='word_1_132' title='bbox 531 2002 702 2069; x_wconf 89' lang='lat' dir='ltr'><strong>teneriores</strong></span> <span class='ocrx_word' id='word_1_133' title='bbox 726 2008 758 2068; x_wconf 91' lang='lat' dir='ltr'><strong>et</strong></span> <span class='ocrx_word' id='word_1_134' title='bbox 780 2000 969 2068; x_wconf 83' lang='lat' dir='ltr'><strong>infirmiores</strong></span> <span class='ocrx_word' id='word_1_135' title='bbox 991 2002 1144 2087; x_wconf 88' lang='lat' dir='ltr'><strong>quosdam</strong></span> <span class='ocrx_word' id='word_1_136' title='bbox 1163 2000 1283 2069; x_wconf 84' lang='lat' dir='ltr'><strong>absolvi</strong></span> 
     </span>
     <span class='ocr_line' id='line_1_16' title="bbox 110 2117 1282 2205; baseline 0.002 -22"><span class='ocrx_word' id='word_1_137' title='bbox 110 2119 218 2201; x_wconf 82' lang='lat' dir='ltr'><strong>iussit3</strong></span> <span class='ocrx_word' id='word_1_138' title='bbox 244 2119 411 2204; x_wconf 88' lang='lat' dir='ltr'><strong>atquibus</strong></span> <span class='ocrx_word' id='word_1_139' title='bbox 434 2119 596 2205; x_wconf 88' lang='lat' dir='ltr'><strong>asparacio</strong></span> <span class='ocrx_word' id='word_1_140' title='bbox 621 2117 720 2184; x_wconf 91' lang='lat' dir='ltr'><strong>dolori</strong></span> <span class='ocrx_word' id='word_1_141' title='bbox 744 2123 822 2201; x_wconf 77' lang='lat' dir='ltr'><strong>erat,</strong></span> <span class='ocrx_word' id='word_1_142' title='bbox 846 2138 974 2185; x_wconf 87' lang='lat' dir='ltr'><strong>manere</strong></span> <span class='ocrx_word' id='word_1_143' title='bbox 990 2119 1084 2185; x_wconf 85' lang='lat' dir='ltr'><strong>simul</strong></span> <span class='ocrx_word' id='word_1_144' title='bbox 1101 2118 1169 2184; x_wconf 89' lang='lat' dir='ltr'><strong>eins</strong></span> <span class='ocrx_word' id='word_1_145' title='bbox 1184 2118 1282 2185; x_wconf 88' lang='lat' dir='ltr'><strong>inter·</strong></span> 
     </span>
     <span class='ocr_line' id='line_1_17' title="bbox 108 2233 1283 2319; baseline 0 -20"><span class='ocrx_word' id='word_1_146' title='bbox 108 2240 207 2300; x_wconf 85' lang='lat' dir='ltr'><strong>ventu</strong></span> <span class='ocrx_word' id='word_1_147' title='bbox 231 2235 406 2302; x_wconf 89' lang='lat' dir='ltr'><strong>ordinabat.</strong></span> <span class='ocrx_word' id='word_1_148' title='bbox 441 2234 621 2319; x_wconf 85' lang='lat' dir='ltr'><strong>Auditoque</strong></span> <span class='ocrx_word' id='word_1_149' title='bbox 644 2255 680 2301; x_wconf 91' lang='lat' dir='ltr'><strong>eo</strong></span> <span class='ocrx_word' id='word_1_150' title='bbox 704 2233 804 2301; x_wconf 87' lang='lat' dir='ltr'><strong>multu</strong></span> <span class='ocrx_word' id='word_1_151' title='bbox 827 2233 976 2315; x_wconf 83' lang='lat' dir='ltr'><strong>faciebat3</strong></span> <span class='ocrx_word' id='word_1_152' title='bbox 1000 2240 1034 2301; x_wconf 92' lang='lat' dir='ltr'><strong>et</strong></span> <span class='ocrx_word' id='word_1_153' title='bbox 1056 2235 1190 2302; x_wconf 88' lang='lat' dir='ltr'><strong>libenter</strong></span> <span class='ocrx_word' id='word_1_154' title='bbox 1210 2254 1283 2301; x_wconf 91' lang='lat' dir='ltr'><strong>eum</strong></span> 
     </span>
     <span class='ocr_line' id='line_1_18' title="bbox 109 2349 1284 2439; baseline -0.002 -22"><span class='ocrx_word' id='word_1_155' title='bbox 109 2350 268 2418; x_wconf 85' lang='lat' dir='ltr'><strong>audiebat.</strong></span> <span class='ocrx_word' id='word_1_156' title='bbox 314 2351 492 2439; x_wconf 86' lang='lat' dir='ltr'><strong>Episcopus</strong></span> <span class='ocrx_word' id='word_1_157' title='bbox 526 2351 621 2417; x_wconf 91' lang='lat' dir='ltr'><strong>etiam</strong></span> <span class='ocrx_word' id='word_1_158' title='bbox 651 2350 766 2417; x_wconf 89' lang='lat' dir='ltr'><strong>maltos</strong></span> <span class='ocrx_word' id='word_1_159' title='bbox 795 2350 901 2438; x_wconf 90' lang='lat' dir='ltr'><strong>precio</strong></span> <span class='ocrx_word' id='word_1_160' title='bbox 930 2350 1082 2433; x_wconf 84' lang='lat' dir='ltr'><strong>absolvit3</strong></span> <span class='ocrx_word' id='word_1_161' title='bbox 1117 2371 1195 2436; x_wconf 89' lang='lat' dir='ltr'><strong>qnos</strong></span> <span class='ocrx_word' id='word_1_162' title='bbox 1222 2349 1284 2416; x_wconf 87' lang='lat' dir='ltr'><strong>lide</strong></span> 
     </span>
     <span class='ocr_line' id='line_1_19' title="bbox 108 2466 1282 2556; baseline -0.003 -22"><span class='ocrx_word' id='word_1_163' title='bbox 108 2466 249 2536; x_wconf 89' lang='lat' dir='ltr'><strong>imbutos</strong></span> <span class='ocrx_word' id='word_1_164' title='bbox 278 2468 498 2556; x_wconf 86' lang='lat' dir='ltr'><strong>baptismoque</strong></span> <span class='ocrx_word' id='word_1_165' title='bbox 526 2469 615 2534; x_wconf 87' lang='lat' dir='ltr'><strong>novit</strong></span> <span class='ocrx_word' id='word_1_166' title='bbox 642 2472 858 2551; x_wconf 85' lang='lat' dir='ltr'><strong>regeneratos,</strong></span> <span class='ocrx_word' id='word_1_167' title='bbox 886 2467 1002 2534; x_wconf 89' lang='lat' dir='ltr'><strong>liberos</strong></span> <span class='ocrx_word' id='word_1_168' title='bbox 1025 2468 1112 2534; x_wconf 90' lang='lat' dir='ltr'><strong>abire</strong></span> <span class='ocrx_word' id='word_1_169' title='bbox 1135 2467 1282 2534; x_wconf 90' lang='lat' dir='ltr'><strong>dimisit·.</strong></span> 
     </span>
    </p>

    <p class='ocr_par' dir='ltr' id='par_1_3' title="bbox 43 2569 1396 3815">
     <span class='ocr_line' id='line_1_20' title="bbox 43 2569 1284 2669; baseline -0.002 -19"><span class='ocrx_word' id='word_1_170' title='bbox 43 2569 45 2574; x_wconf 39' lang='lat'><strong>¹</strong></span> <span class='ocrx_word' id='word_1_171' title='bbox 108 2583 195 2651; x_wconf 90' lang='lat' dir='ltr'><strong>Deio</strong></span> <span class='ocrx_word' id='word_1_172' title='bbox 217 2604 288 2652; x_wconf 91' lang='lat' dir='ltr'><strong>cnm</strong></span> <span class='ocrx_word' id='word_1_173' title='bbox 312 2585 431 2652; x_wconf 89' lang='lat' dir='ltr'><strong>mutuis</strong></span> <span class='ocrx_word' id='word_1_174' title='bbox 454 2605 488 2652; x_wconf 89' lang='lat' dir='ltr'><strong>se</strong></span> <span class='ocrx_word' id='word_1_175' title='bbox 509 2584 672 2669; x_wconf 88' lang='lat' dir='ltr'><strong>colloquiis</strong></span> <span class='ocrx_word' id='word_1_176' title='bbox 693 2588 890 2649; x_wconf 87' lang='lat' dir='ltr'><strong>recreassent</strong></span> <span class='ocrx_word' id='word_1_177' title='bbox 904 2588 936 2650; x_wconf 91' lang='lat' dir='ltr'><strong>et</strong></span> <span class='ocrx_word' id='word_1_178' title='bbox 950 2583 1084 2649; x_wconf 85' lang='lat' dir='ltr'><strong>invicem</strong></span> <span class='ocrx_word' id='word_1_179' title='bbox 1101 2583 1284 2650; x_wconf 89' lang='lat' dir='ltr'><strong>muneribus</strong></span> 
     </span>
     <span class='ocr_line' id='line_1_21' title="bbox 108 2698 1284 2786; baseline -0.002 -21"><span class='ocrx_word' id='word_1_180' title='bbox 108 2699 329 2786; x_wconf 73' lang='lat' dir='ltr'><strong>honorassent,</strong></span> <span class='ocrx_word' id='word_1_181' title='bbox 353 2701 431 2768; x_wconf 87' lang='lat' dir='ltr'><strong>duce</strong></span> <span class='ocrx_word' id='word_1_182' title='bbox 454 2701 494 2768; x_wconf 90' lang='lat' dir='ltr'><strong>ad</strong></span> <span class='ocrx_word' id='word_1_183' title='bbox 517 2721 576 2767; x_wconf 90' lang='lat' dir='ltr'><strong>saa</strong></span> <span class='ocrx_word' id='word_1_184' title='bbox 597 2700 727 2783; x_wconf 82' lang='lat' dir='ltr'><strong>negocia</strong></span> <span class='ocrx_word' id='word_1_185' title='bbox 748 2699 901 2783; x_wconf 79' lang='lat' dir='ltr'><strong>digresso,</strong></span> <span class='ocrx_word' id='word_1_186' title='bbox 923 2718 982 2764; x_wconf 90' lang='lat' dir='ltr'><strong>nos</strong></span> <span class='ocrx_word' id='word_1_187' title='bbox 997 2717 1122 2765; x_wconf 91' lang='lat' dir='ltr'><strong>omnem</strong></span> <span class='ocrx_word' id='word_1_188' title='bbox 1137 2698 1284 2765; x_wconf 87' lang='lat' dir='ltr'><strong>substan·</strong></span> 
     </span>
     <span class='ocr_line' id='line_1_22' title="bbox 108 2812 1284 2901; baseline -0.002 -19"><span class='ocrx_word' id='word_1_189' title='bbox 108 2817 190 2884; x_wconf 87' lang='lat' dir='ltr'><strong>tiam</strong></span> <span class='ocrx_word' id='word_1_190' title='bbox 218 2822 359 2884; x_wconf 92' lang='lat' dir='ltr'><strong>nostram</strong></span> <span class='ocrx_word' id='word_1_191' title='bbox 391 2817 515 2885; x_wconf 80' lang='lat' dir='ltr'><strong>limine</strong></span> <span class='ocrx_word' id='word_1_192' title='bbox 542 2815 676 2882; x_wconf 87' lang='lat' dir='ltr'><strong>navibus</strong></span> <span class='ocrx_word' id='word_1_193' title='bbox 703 2815 916 2901; x_wconf 90' lang='lat' dir='ltr'><strong>imponentes,</strong></span> <span class='ocrx_word' id='word_1_194' title='bbox 948 2834 1005 2900; x_wconf 90' lang='lat' dir='ltr'><strong>per</strong></span> <span class='ocrx_word' id='word_1_195' title='bbox 1034 2812 1119 2881; x_wconf 88' lang='lat' dir='ltr'><strong>Pena</strong></span> <span class='ocrx_word' id='word_1_196' title='bbox 1146 2812 1284 2880; x_wconf 85' lang='lat' dir='ltr'><strong>fluminis</strong></span> 
     </span>
     <span class='ocr_line' id='line_1_23' title="bbox 109 2930 1284 3016; baseline -0.003 -17"><span class='ocrx_word' id='word_1_197' title='bbox 109 2931 229 3000; x_wconf 90' lang='lat' dir='ltr'><strong>undam</strong></span> <span class='ocrx_word' id='word_1_198' title='bbox 259 2932 361 3000; x_wconf 88' lang='lat' dir='ltr'><strong>tribus</strong></span> <span class='ocrx_word' id='word_1_199' title='bbox 384 2933 493 3000; x_wconf 90' lang='lat' dir='ltr'><strong>diebus</strong></span> <span class='ocrx_word' id='word_1_200' title='bbox 517 2931 716 2998; x_wconf 86' lang='lat' dir='ltr'><strong>Uznoimiam</strong></span> <span class='ocrx_word' id='word_1_201' title='bbox 741 2930 823 2997; x_wconf 89' lang='lat' dir='ltr'><strong>vecti</strong></span> <span class='ocrx_word' id='word_1_202' title='bbox 846 2949 970 3011; x_wconf 85' lang='lat' dir='ltr'><strong>sumus3</strong></span> <span class='ocrx_word' id='word_1_203' title='bbox 1001 2931 1149 3016; x_wconf 90' lang='lat' dir='ltr'><strong>episcopo</strong></span> <span class='ocrx_word' id='word_1_204' title='bbox 1171 2930 1284 2996; x_wconf 91' lang='lat' dir='ltr'><strong>itinere</strong></span> 
     </span>
     <span class='ocr_line' id='line_1_24' title="bbox 109 3045 1285 3136; baseline -0.004 -19"><span class='ocrx_word' id='word_1_205' title='bbox 109 3050 257 3118; x_wconf 88' lang='lat' dir='ltr'><strong>terrestri</strong></span> <span class='ocrx_word' id='word_1_206' title='bbox 279 3068 350 3115; x_wconf 92' lang='lat' dir='ltr'><strong>cum</strong></span> <span class='ocrx_word' id='word_1_207' title='bbox 379 3049 489 3136; x_wconf 90' lang='lat' dir='ltr'><strong>paucis</strong></span> <span class='ocrx_word' id='word_1_208' title='bbox 513 3047 685 3131; x_wconf 76' lang='lat' dir='ltr'><strong>gradiente.</strong></span> <span class='ocrx_word' id='word_1_209' title='bbox 732 3047 798 3114; x_wconf 89' lang='lat' dir='ltr'><strong>Nec</strong></span> <span class='ocrx_word' id='word_1_210' title='bbox 819 3065 923 3129; x_wconf 89' lang='lat' dir='ltr'><strong>mora,</strong></span> <span class='ocrx_word' id='word_1_211' title='bbox 953 3045 1135 3129; x_wconf 79' lang='lat' dir='ltr'><strong>euangelica</strong></span> <span class='ocrx_word' id='word_1_212' title='bbox 1158 3065 1285 3112; x_wconf 86' lang='lat' dir='ltr'><strong>vomere</strong></span> 
     </span>
     <span class='ocr_line' id='line_1_25' title="bbox 110 3161 1284 3251; baseline -0.004 -19"><span class='ocrx_word' id='word_1_213' title='bbox 110 3186 224 3250; x_wconf 79' lang='lat' dir='ltr'><strong>agrum</strong></span> <span class='ocrx_word' id='word_1_214' title='bbox 248 3165 377 3232; x_wconf 89' lang='lat' dir='ltr'><strong>Domini</strong></span> <span class='ocrx_word' id='word_1_215' title='bbox 401 3166 449 3231; x_wconf 92' lang='lat' dir='ltr'><strong>sui</strong></span> <span class='ocrx_word' id='word_1_216' title='bbox 473 3164 689 3251; x_wconf 87' lang='lat' dir='ltr'><strong>proscindens,</strong></span> <span class='ocrx_word' id='word_1_217' title='bbox 712 3183 820 3230; x_wconf 88' lang='lat' dir='ltr'><strong>semen</strong></span> <span class='ocrx_word' id='word_1_218' title='bbox 843 3162 966 3249; x_wconf 78' lang='lat' dir='ltr'><strong>spargit</strong></span> <span class='ocrx_word' id='word_1_219' title='bbox 987 3161 1069 3228; x_wconf 90' lang='lat' dir='ltr'><strong>lidei.</strong></span> <span class='ocrx_word' id='word_1_220' title='bbox 1108 3161 1217 3247; x_wconf 90' lang='lat' dir='ltr'><strong>Neque</strong></span> <span class='ocrx_word' id='word_1_221' title='bbox 1240 3161 1284 3228; x_wconf 95' lang='lat' dir='ltr'><strong>ibi</strong></span> 
     </span>
     <span class='ocr_line' id='line_1_26' title="bbox 110 3277 1286 3367; baseline -0.005 -17"><span class='ocrx_word' id='word_1_222' title='bbox 110 3281 281 3350; x_wconf 80' lang='lat' dir='ltr'><strong>difficultas</strong></span> <span class='ocrx_word' id='word_1_223' title='bbox 311 3288 380 3349; x_wconf 89' lang='lat' dir='ltr'><strong>erat</strong></span> <span class='ocrx_word' id='word_1_224' title='bbox 407 3283 439 3347; x_wconf 94' lang='lat' dir='ltr'><strong>in</strong></span> <span class='ocrx_word' id='word_1_225' title='bbox 470 3300 580 3367; x_wconf 89' lang='lat' dir='ltr'><strong>opere;</strong></span> <span class='ocrx_word' id='word_1_226' title='bbox 611 3281 686 3365; x_wconf 89' lang='lat' dir='ltr'><strong>qnia</strong></span> <span class='ocrx_word' id='word_1_227' title='bbox 714 3279 825 3346; x_wconf 86' lang='lat' dir='ltr'><strong>civitas</strong></span> <span class='ocrx_word' id='word_1_228' title='bbox 853 3278 909 3344; x_wconf 92' lang='lat' dir='ltr'><strong>illa</strong></span> <span class='ocrx_word' id='word_1_229' title='bbox 936 3277 1154 3364; x_wconf 87' lang='lat' dir='ltr'><strong>precompluta</strong></span> <span class='ocrx_word' id='word_1_230' title='bbox 1182 3277 1286 3344; x_wconf 81' lang='lat' dir='ltr'><strong>fuerat</strong></span> 
     </span>
     <span class='ocr_line' id='line_1_27' title="bbox 109 3394 1396 3481; baseline -0.005 -15"><span class='ocrx_word' id='word_1_231' title='bbox 109 3397 214 3466; x_wconf 89' lang='lat' dir='ltr'><strong>imbre</strong></span> <span class='ocrx_word' id='word_1_232' title='bbox 237 3397 378 3464; x_wconf 90' lang='lat' dir='ltr'><strong>doctrine</strong></span> <span class='ocrx_word' id='word_1_233' title='bbox 402 3396 559 3464; x_wconf 86' lang='lat' dir='ltr'><strong>salutarie.</strong></span> <span class='ocrx_word' id='word_1_234' title='bbox 601 3395 785 3464; x_wconf 85' lang='lat' dir='ltr'><strong>Sacerdotes</strong></span> <span class='ocrx_word' id='word_1_235' title='bbox 808 3395 936 3478; x_wconf 90' lang='lat' dir='ltr'><strong>etenim,</strong></span> <span class='ocrx_word' id='word_1_236' title='bbox 959 3415 1039 3481; x_wconf 90' lang='lat' dir='ltr'><strong>quos</strong></span> <span class='ocrx_word' id='word_1_237' title='bbox 1060 3399 1153 3480; x_wconf 86' lang='lat' dir='ltr'><strong>pater</strong></span> <span class='ocrx_word' id='word_1_238' title='bbox 1174 3394 1284 3461; x_wconf 85' lang='lat' dir='ltr'><strong>beatus</strong></span> <span class='ocrx_word' id='word_1_239' title='bbox 1391 3400 1396 3409; x_wconf 87' lang='grc'><em>’</em></span> 
     </span>
     <span class='ocr_line' id='line_1_28' title="bbox 110 3510 1286 3602; baseline -0.005 -20"><span class='ocrx_word' id='word_1_240' title='bbox 110 3515 219 3602; x_wconf 91' lang='lat' dir='ltr'><strong>operis</strong></span> <span class='ocrx_word' id='word_1_241' title='bbox 241 3515 292 3580; x_wconf 90' lang='lat' dir='ltr'><strong>aui</strong></span> <span class='ocrx_word' id='word_1_242' title='bbox 306 3513 441 3580; x_wconf 85' lang='lat' dir='ltr'><strong>vicarios</strong></span> <span class='ocrx_word' id='word_1_243' title='bbox 464 3513 497 3579; x_wconf 90' lang='lat' dir='ltr'><strong>in</strong></span> <span class='ocrx_word' id='word_1_244' title='bbox 518 3518 611 3596; x_wconf 82' lang='lat' dir='ltr'><strong>gente</strong></span> <span class='ocrx_word' id='word_1_245' title='bbox 626 3510 682 3578; x_wconf 89' lang='lat' dir='ltr'><strong>illa</strong></span> <span class='ocrx_word' id='word_1_246' title='bbox 696 3512 877 3597; x_wconf 90' lang='lat' dir='ltr'><strong>reliquerat,</strong></span> <span class='ocrx_word' id='word_1_247' title='bbox 901 3510 1099 3578; x_wconf 91' lang='lat' dir='ltr'><strong>Uznoimiam</strong></span> <span class='ocrx_word' id='word_1_248' title='bbox 1115 3531 1155 3578; x_wconf 82' lang='lat' dir='ltr'><strong>ex</strong></span> <span class='ocrx_word' id='word_1_249' title='bbox 1170 3531 1286 3594; x_wconf 81' lang='lat' dir='ltr'><strong>magna</strong></span> 
     </span>
     <span class='ocr_line' id='line_1_29' title="bbox 109 3626 1285 3719; baseline -0.004 -22"><span class='ocrx_word' id='word_1_250' title='bbox 109 3635 205 3719; x_wconf 91' lang='lat' dir='ltr'><strong>parte</strong></span> <span class='ocrx_word' id='word_1_251' title='bbox 233 3629 467 3710; x_wconf 80' lang='lat' dir='ltr'><strong>conuerterant3</strong></span> <span class='ocrx_word' id='word_1_252' title='bbox 496 3628 617 3714; x_wconf 89' lang='lat' dir='ltr'><strong>reliqua</strong></span> <span class='ocrx_word' id='word_1_253' title='bbox 642 3647 715 3694; x_wconf 89' lang='lat' dir='ltr'><strong>vero</strong></span> <span class='ocrx_word' id='word_1_254' title='bbox 745 3647 819 3713; x_wconf 88' lang='lat' dir='ltr'><strong>pars</strong></span> <span class='ocrx_word' id='word_1_255' title='bbox 847 3645 906 3713; x_wconf 89' lang='lat' dir='ltr'><strong>per</strong></span> <span class='ocrx_word' id='word_1_256' title='bbox 927 3627 1110 3712; x_wconf 87' lang='lat' dir='ltr'><strong>episcopam</strong></span> <span class='ocrx_word' id='word_1_257' title='bbox 1140 3626 1285 3713; x_wconf 87' lang='lat' dir='ltr'><strong>apposita</strong></span> 
     </span>
     <span class='ocr_line' id='line_1_30' title="bbox 110 3747 830 3815; baseline -0.01 0"><span class='ocrx_word' id='word_1_258' title='bbox 110 3753 163 3815; x_wconf 88' lang='lat' dir='ltr'><strong>est</strong></span> <span class='ocrx_word' id='word_1_259' title='bbox 185 3747 225 3814; x_wconf 90' lang='lat' dir='ltr'><strong>ad</strong></span> <span class='ocrx_word' id='word_1_260' title='bbox 248 3747 430 3812; x_wconf 86' lang='lat' dir='ltr'><strong>Dominum.</strong></span> <span class='ocrx_word' id='word_1_261' title='bbox 827 3802 830 3808; x_wconf 90' lang='lat'><strong>.</strong></span> 
     </span>
    </p>

    <p class='ocr_par' dir='ltr' id='par_1_4' title="bbox 109 3836 1335 4407">
     <span class='ocr_line' id='line_1_31' title="bbox 203 3836 1335 3944; baseline -0.004 -17"><span class='ocrx_word' id='word_1_262' title='bbox 203 3862 349 3929; x_wconf 86' lang='lat' dir='ltr'><strong>Tiamo:</strong></span> <span class='ocrx_word' id='word_1_263' title='bbox 381 3861 428 3927; x_wconf 92' lang='lat' dir='ltr'><strong>Ne</strong></span> <span class='ocrx_word' id='word_1_264' title='bbox 456 3861 601 3944; x_wconf 85' lang='lat' dir='ltr'><strong>festines,</strong></span> <span class='ocrx_word' id='word_1_265' title='bbox 630 3859 774 3942; x_wconf 90' lang='lat' dir='ltr'><strong>obsecro,</strong></span> <span class='ocrx_word' id='word_1_266' title='bbox 803 3858 858 3924; x_wconf 89' lang='lat' dir='ltr'><strong>sed</strong></span> <span class='ocrx_word' id='word_1_267' title='bbox 887 3858 980 3925; x_wconf 89' lang='lat' dir='ltr'><strong>buius</strong></span> <span class='ocrx_word' id='word_1_268' title='bbox 1003 3878 1127 3944; x_wconf 89' lang='lat' dir='ltr'><strong>quoque</strong></span> <span class='ocrx_word' id='word_1_269' title='bbox 1149 3857 1285 3924; x_wconf 91' lang='lat' dir='ltr'><strong>secunde</strong></span> <span class='ocrx_word' id='word_1_270' title='bbox 1333 3836 1335 3839; x_wconf 29' lang='lat'>⁵</span> 
     </span>
     <span class='ocr_line' id='line_1_32' title="bbox 110 3972 1285 4066; baseline -0.004 -21"><span class='ocrx_word' id='word_1_271' title='bbox 110 3977 318 4066; x_wconf 86' lang='lat' dir='ltr'><strong>profectionis</strong></span> <span class='ocrx_word' id='word_1_272' title='bbox 348 3977 416 4045; x_wconf 89' lang='lat' dir='ltr'><strong>aius</strong></span> <span class='ocrx_word' id='word_1_273' title='bbox 439 3977 580 4065; x_wconf 86' lang='lat' dir='ltr'><strong>operatio</strong></span> <span class='ocrx_word' id='word_1_274' title='bbox 610 3995 672 4061; x_wconf 90' lang='lat' dir='ltr'><strong>qua</strong></span> <span class='ocrx_word' id='word_1_275' title='bbox 699 3975 804 4061; x_wconf 89' lang='lat' dir='ltr'><strong>specie</strong></span> <span class='ocrx_word' id='word_1_276' title='bbox 830 3972 924 4040; x_wconf 88' lang='lat' dir='ltr'><strong>ruodo</strong></span> <span class='ocrx_word' id='word_1_277' title='bbox 948 3973 997 4040; x_wconf 83' lang='lat' dir='ltr'><strong>vel</strong></span> <span class='ocrx_word' id='word_1_278' title='bbox 1020 3973 1132 4040; x_wconf 88' lang='lat' dir='ltr'><strong>ordine</strong></span> <span class='ocrx_word' id='word_1_279' title='bbox 1159 3993 1285 4059; x_wconf 89' lang='lat' dir='ltr'><strong>proces-</strong></span> 
     </span>
     <span class='ocr_line' id='line_1_33' title="bbox 110 4089 1285 4179; baseline -0.005 -17"><span class='ocrx_word' id='word_1_280' title='bbox 110 4095 209 4178; x_wconf 88' lang='lat' dir='ltr'><strong>serit,</strong></span> <span class='ocrx_word' id='word_1_281' title='bbox 232 4093 413 4177; x_wconf 80' lang='lat' dir='ltr'><strong>diligentius</strong></span> <span class='ocrx_word' id='word_1_282' title='bbox 437 4113 600 4179; x_wconf 85' lang='lat' dir='ltr'><strong>exequere.</strong></span> <span class='ocrx_word' id='word_1_283' title='bbox 637 4091 835 4174; x_wconf 85' lang='lat' dir='ltr'><strong>Memineris,</strong></span> <span class='ocrx_word' id='word_1_284' title='bbox 858 4095 1002 4156; x_wconf 87' lang='lat' dir='ltr'><strong>nostmm</strong></span> <span class='ocrx_word' id='word_1_285' title='bbox 1025 4111 1105 4173; x_wconf 88' lang='lat' dir='ltr'><strong>esse,</strong></span> <span class='ocrx_word' id='word_1_286' title='bbox 1128 4089 1213 4175; x_wconf 88' lang='lat' dir='ltr'><strong>quod</strong></span> <span class='ocrx_word' id='word_1_287' title='bbox 1235 4111 1285 4156; x_wconf 91' lang='lat' dir='ltr'><strong>re-</strong></span> 
     </span>
     <span class='ocr_line' id='line_1_34' title="bbox 109 4207 1284 4292; baseline -0.006 -14"><span class='ocrx_word' id='word_1_288' title='bbox 109 4213 193 4292; x_wconf 80' lang='lat' dir='ltr'><strong>fers3</strong></span> <span class='ocrx_word' id='word_1_289' title='bbox 216 4210 300 4276; x_wconf 90' lang='lat' dir='ltr'><strong>unde</strong></span> <span class='ocrx_word' id='word_1_290' title='bbox 323 4215 356 4277; x_wconf 89' lang='lat' dir='ltr'><strong>et</strong></span> <span class='ocrx_word' id='word_1_291' title='bbox 376 4211 410 4276; x_wconf 93' lang='lat' dir='ltr'><strong>in</strong></span> <span class='ocrx_word' id='word_1_292' title='bbox 433 4208 597 4276; x_wconf 85' lang='lat' dir='ltr'><strong>referendo</strong></span> <span class='ocrx_word' id='word_1_293' title='bbox 621 4207 711 4275; x_wconf 88' lang='lat' dir='ltr'><strong>nobis</strong></span> <span class='ocrx_word' id='word_1_294' title='bbox 735 4227 855 4274; x_wconf 91' lang='lat' dir='ltr'><strong>morem</strong></span> <span class='ocrx_word' id='word_1_295' title='bbox 879 4227 987 4290; x_wconf 82' lang='lat' dir='ltr'><strong>gerere</strong></span> <span class='ocrx_word' id='word_1_296' title='bbox 1004 4213 1092 4273; x_wconf 90' lang='lat' dir='ltr'><strong>tuum</strong></span> <span class='ocrx_word' id='word_1_297' title='bbox 1109 4212 1167 4289; x_wconf 81' lang='lat' dir='ltr'><strong>est,</strong></span> <span class='ocrx_word' id='word_1_298' title='bbox 1191 4226 1284 4291; x_wconf 90' lang='lat' dir='ltr'><strong>quem</strong></span> 
     </span>
     <span class='ocr_line' id='line_1_35' title="bbox 112 4324 764 4407; baseline -0.009 -13"><span class='ocrx_word' id='word_1_299' title='bbox 112 4332 224 4394; x_wconf 89' lang='lat' dir='ltr'><strong>saneta</strong></span> <span class='ocrx_word' id='word_1_300' title='bbox 247 4325 423 4394; x_wconf 89' lang='lat' dir='ltr'><strong>obedientie</strong></span> <span class='ocrx_word' id='word_1_301' title='bbox 446 4325 515 4392; x_wconf 90' lang='lat' dir='ltr'><strong>lora</strong></span> <span class='ocrx_word' id='word_1_302' title='bbox 537 4324 764 4407; x_wconf 83' lang='lat' dir='ltr'><strong>constringunt.</strong></span> 
     </span>
    </p>
   </div>
   <div class='ocr_carea' id='block_1_3' title="bbox 184 4450 1151 4529">
    <p class='ocr_par' dir='ltr' id='par_1_5' title="bbox 184 4450 1151 4529">
     <span class='ocr_line' id='line_1_36' title="bbox 184 4450 1151 4529; baseline -0.009 -13"><span class='ocrx_word' id='word_1_303' title='bbox 184 4483 205 4516; x_wconf 85' lang='lat' dir='ltr'><strong>a.</strong></span> <span class='ocrx_word' id='word_1_304' title='bbox 231 4465 266 4529; x_wconf 74' lang='lat' dir='ltr'><strong>CJ&#39;.</strong></span> <span class='ocrx_word' id='word_1_305' title='bbox 282 4465 350 4529; x_wconf 79' lang='lat' dir='ltr'><strong>iqfru</strong></span> <span class='ocrx_word' id='word_1_306' title='bbox 366 4483 385 4516; x_wconf 90' lang='lat' dir='ltr'><strong>c.</strong></span> <span class='ocrx_word' id='word_1_307' title='bbox 397 4469 442 4516; x_wconf 74' lang='lat'><strong>24:</strong></span> <span class='ocrx_word' id='word_1_308' title='bbox 461 4467 568 4526; x_wconf 80' lang='lat' dir='ltr'><strong>,luliuam</strong></span> <span class='ocrx_word' id='word_1_309' title='bbox 584 4468 617 4514; x_wconf 89' lang='lat' dir='ltr'><strong>ire</strong></span> <span class='ocrx_word' id='word_1_310' title='bbox 633 4465 777 4514; x_wconf 80' lang='lat' dir='ltr'><strong>dimittitur“.</strong></span> <span class='ocrx_word' id='word_1_311' title='bbox 897 4455 922 4508; x_wconf 88' lang='grc'><strong>1.</strong></span> <span class='ocrx_word' id='word_1_312' title='bbox 941 4451 983 4509; x_wconf 78' lang='lat' dir='ltr'><strong>Os.</strong></span> <span class='ocrx_word' id='word_1_313' title='bbox 994 4450 1055 4509; x_wconf 74' lang='lat' dir='ltr'><strong>Ebo</strong></span> <span class='ocrx_word' id='word_1_314' title='bbox 1067 4452 1107 4507; x_wconf 85' lang='grc' dir='ltr'><strong>ΙΙΙ</strong></span> <span class='ocrx_word' id='word_1_315' title='bbox 1125 4453 1151 4507; x_wconf 81' lang='lat'><strong>5.</strong></span> 
     </span>
    </p>
   </div>
   <div class='ocr_carea' id='block_1_4' title="bbox 0 0 1578 4850">
    <p class='ocr_par' dir='ltr' id='par_1_6' title="bbox 0 0 1578 4850">
     <span class='ocr_line' id='line_1_37' title="bbox 0 0 1578 4850; baseline 0 0"><span class='ocrx_word' id='word_1_316' title='bbox 0 0 1578 4850; x_wconf 95' lang='lat' dir='ltr'><strong> </strong></span> 
     </span>
    </p>
   </div>
  </div>
 </body>
</html>
