3142 4850
336 275 403 340 236
722 289 889 339 numeror
910 289 1037 339 conns.
1074 287 1126 338 rao

248 466 318 521 1105
336 453 525 519 homiuibus.
566 414 704 530 Quorum
737 449 793 516 alii
825 452 919 517 extra
952 450 1062 517 urbem
1096 469 1154 536 per
1186 469 1314 517 manum
1347 449 1490 535 quondam

255 541 312 586 lior.

336 569 456 652 regiam
478 569 528 634 ius
551 567 620 632 sive
642 566 793 633 salarium
817 565 901 632 sedis
925 565 1116 652 apostolieae
1131 565 1324 650 invaserant,
1346 565 1399 632 alii
1419 566 1491 632 intra

335 684 457 768 urbem,
481 682 617 769 eoquod
632 682 738 748 euriae
752 685 881 748 nostrae
896 700 1029 748 munera
1044 681 1110 747 sive
1129 681 1376 748 familiaritatem
1390 680 1491 747 habero

335 819 400 864 uon
422 805 586 886 poterant,
616 797 718 864 Deum
747 801 781 863 et
802 796 861 864 Dei
891 795 985 863 fidem
1013 797 1202 883 posthabere
1230 796 1491 865 deliberaverant.

335 913 465 981 Talibus
494 915 588 980 sooiis
617 912 784 999 presbyter
813 911 941 996 quidam
951 909 968 995 ¹,
1001 910 1162 980 Romanae
1189 912 1277 979 urbis
1305 912 1438 996 advena,
1465 931 1493 978 se

335 1031 514 1111 oouiunxit3
538 1029 577 1096 de
600 1048 672 1112 quo,
695 1027 745 1094 vel
766 1027 822 1094 ubi
839 1027 888 1094 vel
909 1027 1057 1112 aquibus
1080 1029 1243 1096 ordinatus
1264 1030 1315 1114 sit,
1339 1026 1493 1094 haetenus'

336 1147 528 1230 ignoramus.
567 1142 658 1211 Hane
681 1163 850 1231 personam
873 1143 1048 1228 egregiam,
1075 1144 1314 1240 nigromanticis
1338 1151 1374 1212 ut
1394 1143 1495 1210 dioitm

336 1261 517 1349 praestigiis
538 1261 666 1347 plenam
688 1295 730 1306 -
752 1279 825 1326 oum
853 1251 962 1326 fideles
985 1262 1086 1326 nostri
1113 1261 1275 1328 occasione
1297 1267 1426 1344 treugae
1445 1258 1495 1326 Dei

337 1377 377 1444 ab
399 1378 497 1444 armis
519 1378 647 1442 omniuo
670 1375 860 1442 desisterent
880 1409 920 1422 —-
947 1375 980 1441 in
1002 1375 1248 1443 Luteraueusem
1272 1375 1436 1443 eoelesiam
1455 1376 1495 1440 in·

280 1515 286 1525 ·
336 1493 496 1560 duxerunt
517 1498 560 1576 el,
582 1492 779 1575 cougregatis
802 1490 997 1558 wibertinae
1019 1493 1097 1559 feeis
1120 1491 1289 1577 reliquiis,
1311 1493 1347 1557 in
1370 1491 1496 1579 episcopi

218 1626 452 1676 rrov.1snomen
474 1608 737 1696 pernitiosissime
758 1603 954 1674 illeverunt².

425 1723 491 1790 Nos
513 1723 598 1790 enim
620 1729 696 1790 tuno
717 1723 871 1810 temporis
894 1727 1024 1810 propter
1038 1723 1231 1810 apostolieae
1252 1723 1404 1790 besilioae
1422 1721 1498 1788 dedi·
1552 1787 1554 1794 Α

218 1856 317 1903 roera
336 1841 503 1923 ostionem,
526 1859 622 1924 quam
646 1839 697 1905 die
717 1835 881 1925 proximo³
903 1841 938 1905 iu
961 1845 1117 1906 conventu
1142 1838 1347 1908 eeleberrimo
1371 1859 1427 1926 per
1446 1837 1497 1904 Dei
1553 1919 1554 1922 Ἴ

336 1957 473 2040 gratiam
495 1974 729 2041 peregeramus,
752 1950 873 2021 adbuo⁴
894 1957 929 2020 iu
949 1955 1032 2022 beati
1048 1953 1135 2021 Petri
1150 1955 1273 2042 portien
1297 1955 1497 2022 morabamur.

219 2086 317 2134 roseo
337 2069 418 2136 (lum
439 2089 514 2137 vero
537 2070 623 2136 intra
644 2071 754 2137 urbem
777 2071 829 2137 (lie
852 2071 950 2137 altero
976 2070 1184 2157 redissemus,
1214 2077 1394 2138 monstrum
1421 2069 1498 2154 illud,

336 2187 474 2272 turpiter
495 2206 536 2252 err
558 2186 636 2253 urbe
658 2187 852 2273 profugiens,
876 2207 937 2271 quo
960 2188 1132 2272 transierit,
1155 2187 1350 2272 ignoramus.

219 2317 318 2366 maro
427 2302 514 2368 Haeo
536 2307 642 2368 autem
666 2303 772 2369 omnia
794 2303 987 2369 fraternitati
1010 2310 1134 2371 vestrae
1156 2303 1294 2371 breviter
1322 2303 1498 2386 indicamus,

336 2438 378 2485 ne
399 2418 434 2483 iu
457 2416 566 2485 auditu
588 2415 701 2485 talium
723 2419 967 2506 praestigiorum
990 2417 1055 2485 ullo
1078 2418 1170 2486 modo
1194 2419 1399 2508 deeipiamini
1421 2424 1499 2486 anta

336 2540 423 2601 statu
438 2540 544 2601 restro
566 2536 765 2602 moveamini.
802 2535 866 2601 Nos
882 2536 967 2603 euim
990 2556 1047 2623 per
1063 2534 1122 2603 Dei
1137 2537 1272 2620 gratiam
1292 2537 1382 2603 iutra
1403 2536 1498 2603 urbem

337 2650 467 2719 honeste
488 2657 618 2737 tuteque
645 2652 862 2738 persistimus,
893 2656 925 2717 et
947 2653 980 2717 in
1003 2651 1062 2718 hae
1084 2652 1178 2720 turba
1200 2652 1361 2720 neminem
1385 2656 1500 2720 nostrae

337 2768 496 2834 societatis
525 2768 699 2834 amisimus.
738 2767 849 2851 Neque
871 2768 955 2834 enim
978 2766 1081 2854 Moysi
1112 2768 1264 2855 populum
1291 2788 1386 2837 suum
1410 2768 1500 2835 (lbere

336 2889 370 2951 et
395 2882 520 2950 Dateu‘
549 2889 582 2950 et
609 2883 740 2970 Abyrou
768 2883 883 2950 seditio
916 2880 1074 2967 abstulit‘,
1104 2890 1159 2950 aut
1191 2884 1376 2953 excellentis
1408 2882 1501 2968 augeli

337 3000 501 3087 superbia,
537 3000 591 3085 qui
621 2998 689 3065 Deo
719 3018 778 3085 par
808 3018 878 3067 esse
910 2999 1024 3083 voluit,
1060 2998 1119 3067 Dei
1154 3001 1352 3068 maiestatem
1386 3001 1500 3068 minuit

336 3116 440 3202 Ipsius
461 3135 518 3181 ros
538 3116 689 3182 maiestas
711 3114 746 3180 in
767 3116 913 3182 omnibus
929 3120 1076 3203 protegat
1098 3120 1130 3183 et
1144 3115 1267 3183 leonem
1283 3136 1320 3183 ao
1341 3118 1499 3185 draoonen

336 3229 470 3297 felioiter
483 3227 684 3300 oonouleare⁶
705 3231 866 3299 oouoedat.
897 3231 1015 3298 Datum
1030 3230 1197 3300 Lateranis
1213 3234 1233 3299 6
1249 3232 1319 3300 Kal.
1337 3234 1500 3301 bombos.

408 3440 429 3473 a.
453 3427 635 3474 deliberaverunt
650 3428 674 3473 V.
797 3426 821 3475 b.
844 3427 880 3474 vel
900 3426 939 3474 ubi
959 3428 995 3475 rel
1016 3428 1130 3489 equibus
1150 3429 1260 3477 haetenus
1281 3431 1402 3477 ordinatus
1422 3429 1450 3477 sit
1465 3424 1502 3474 Vl.

338 3520 359 3553 o.
382 3506 493 3566 relliquiis
509 3507 532 3553 l'.
625 3506 648 3553 d.
671 3506 762 3553 Datlrrn
778 3506 805 3553 Ζ.
899 3523 918 3553 e.
942 3507 977 3554 sio
988 3523 1117 3569 perperam
1133 3507 1197 3556 codd.
1209 3508 1249 3555 1⁷2
1257 3524 1305 3570 pro
1323 3510 1462 3557 Decembris.

410 3630 434 3683 1.
453 3626 619 3696 lfaginulfus
636 3625 779 3691 (Silvester
790 3626 830 3683 111
848 3630 998 3699 antipapa).
1074 3632 1099 3685 2.
1119 3630 1163 3686 die
1183 3633 1216 3686 18
1233 3630 1305 3685 Nor.
1320 3631 1400 3701 1105,
1419 3647 1445 3684 r.
1457 3628 1502 3683 lte

336 3721 418 3787 gesta
436 3720 510 3787 pont.
524 3716 602 3771 Rom.
621 3730 649 3785 p.
663 3717 724 3771 520.
814 3718 839 3771 3.
860 3719 998 3788 sequenti,
1017 3716 1062 3773 die
1080 3718 1230 3790 dommim,
1251 3720 1284 3774 19
1302 3719 1373 3775 Nor.
1407 3716 1502 3785 (Proui

337 3820 400 3860 mus
424 3806 497 3861 enirn
521 3804 580 3860 dies
602 3809 667 3860 aute
687 3805 721 3859 18
738 3804 807 3860 Non.
826 3803 880 3860 fuit
897 3806 957 3861 dies
969 3808 1098 3875 Veneris,
1123 3822 1178 3878 quo
1201 3808 1379 3865 metesinum
1402 3806 1502 3863 bodies

337 3895 427 3950 tiones
449 3892 509 3950 fleri
531 3908 586 3949 uon
609 3891 759 3960 solebant).
847 3894 873 3949 4.
898 3896 952 3949 iam
977 3896 1049 3951 enim
1073 3896 1118 3951 die
1138 3897 1171 3951 14
1189 3897 1258 3953 Nor.
1275 3897 1346 3952 1106
1364 3896 1457 3969 ,apud
1478 3894 1501 3949 b.

204 3992 215 4009 ·
337 3982 412 4037 Petri
429 3982 581 4052 porticum“
601 3978 686 4036 fuisse
704 3981 863 4037 Pasehalem
882 3982 998 4055 seimus,
1021 4001 1048 4040 v.
1065 3984 1187 4054 Regests
1203 3990 1279 4054 pout
1293 3986 1370 4041 Rom.
1390 4002 1417 4040 n.
1429 3984 1501 4041 4113.

339 4070 365 4125 5.
382 4068 464 4126 Num.
478 4072 521 4141 16,
538 4072 552 4123 1
565 4086 626 4140 squ.
715 4071 740 4124 6.
759 4070 918 4141 Ps.90,1s.

818 4266 1030 4278 h———nu
