3142 4850
194 527 219 566 c.
230 512 338 566 1106-

230 584 299 637 1118

355 319 422 384 320
738 335 905 383 noannror
928 335 1055 382 ocnnx.
1090 332 1142 384 rsa

354 495 523 562 relectione
546 492 767 579 exhilaratur,
791 514 982 579 quamquam
1000 494 1163 560 commode
1181 493 1306 578 quidem
1323 497 1355 558 st
1367 497 1448 558 recte
1461 511 1508 557 uos

354 612 451 678 sciam
479 610 570 677 nobis
600 609 777 693 consulare,
811 629 876 675 non
903 614 1011 676 tamen
1038 615 1105 676 tam
1132 613 1261 674 nostrae
1294 607 1510 674 commoditatis

354 747 446 811 quam
472 745 549 792 cura
570 731 695 792 vestrae
717 745 848 791 moveor
869 725 1057 792 dilectionis.
1092 725 1163 791 lure
1180 726 1287 810 itaque
1309 725 1372 790 iam
1395 745 1415 789 a
1434 724 1511 809 prin·

352 843 436 928 cipio
463 847 531 908 tota
556 842 672 908 mentis
700 839 881 924 allectione,
910 839 983 907 fidei
1010 845 1197 926 vestraeque
1225 841 1367 906 caritatis
1394 840 1511 905 devotus

353 957 518 1042 obsequio,
548 957 774 1022 familiaritatis
797 961 922 1024 vestrae
949 957 1086 1040 gratiam
1112 977 1238 1043 semper
1260 955 1456 1036 affectabam
1481 973 1511 1019 eo

352 1073 526 1158 impensius
555 1091 625 1138 eam
654 1076 720 1138 toto
749 1071 962 1157 complectens
990 1072 1163 1156 desiderio,
1193 1078 1311 1158 quanto
1340 1078 1374 1139 et
1402 1089 1512 1136 momm

354 1195 531 1256 verborum
554 1187 742 1274 probitatem
766 1192 798 1253 et
813 1187 954 1253 vestraeb
969 1189 1144 1256 nobilitatis
1160 1189 1304 1254 novimus
1319 1188 1512 1253 honestatam.

354 1304 496 1371 Honesta
524 1325 597 1387 ergo
627 1309 659 1370 et
685 1303 823 1387 benigna
850 1309 1019 1390 exoptatae
1046 1311 1170 1372 vennae
1197 1305 1424 1370 familiaritatis
1448 1322 1513 1368 usos

354 1419 575 1503 benivolentia,
599 1439 659 1504 que
682 1420 817 1503 benigne
839 1440 914 1506 sepe
937 1421 1015 1486 mihi
1038 1422 1197 1507 praesenti
1220 1441 1276 1487 vos
1300 1420 1431 1487 memini
1451 1437 1514 1484 con·

354 1536 481 1620 tulisse,
510 1536 668 1602 consuetis
691 1555 727 1601 ao
752 1536 888 1621 publicis
916 1536 1117 1603 liberalitatis
1139 1543 1263 1604 vestrae
1292 1537 1410 1622 deputo
1432 1535 1513 1600 boue

354 1651 442 1718 liciis.
485 1650 574 1728 Quod
596 1657 703 1717 tamen
731 1651 826 1717 solita
852 1653 1047 1736 benignitate
1069 1654 1170 1718 nostri
1197 1654 1387 1737 quandoque
1408 1671 1514 1718 memor

354 1769 445 1851 estis,
469 1773 557 1834 tanto
581 1768 694 1834 maiori
718 1768 815 1852 digna
835 1789 908 1834 reor
931 1769 1127 1854 acceptione,
1158 1789 1220 1853 quo
1241 1771 1345 1852 magis
1368 1770 1403 1835 id
1423 1773 1513 1834 restro

354 1885 500 1968 congruit
527 1883 629 1949 officio
651 1889 685 1950 et
711 1890 835 1967 mutuo,
872 1885 1007 1950 amioum
1036 1886 1142 1970 potius
1170 1891 1276 1950 mente
1305 1905 1401 1970 quam
1430 1883 1513 1950 ocnlb

355 2000 496 2086 aspicere
505 1995 521 2064 ¹.
559 1999 608 2064 Ao
630 2019 702 2083 nos,
732 1999 969 2084 omniquidem
997 2000 1163 2067 devotione
1184 2001 1320 2086 fideique
1349 2001 1514 2067 sinceritate

355 2114 444 2181 vobis
468 2134 593 2199 semper
608 2114 746 2198 obnoxii,
770 2116 894 2181 meritis
909 2116 1022 2182 vestris
1038 2135 1075 2181 ao
1095 2116 1254 2183 beneficiio
1277 2116 1420 2201 obligati,
1442 2113 1515 2180 nulla

354 2230 494 2296 locorum
511 2231 695 2313 remotione,
711 2231 799 2296 nulla
813 2251 921 2298 rarum
935 2238 1115 2297 nostrarum
1131 2233 1337 2317 occupatione
1353 2233 1394 2298 ab
1406 2235 1515 2298 aerea

356 2351 388 2412 et
410 2346 591 2429 gratissima
614 2347 710 2412 vestri
733 2323 951 2413 recordatione
973 2347 1184 2435 impediamur
1205 2349 1369 2431 omnino‘3
1400 2368 1434 2433 eq
1454 2351 1514 2411 soto

356 2467 388 2528 et
410 2463 513 2545 gratia
535 2482 593 2548 pro
610 2462 698 2529 vobis
722 2484 848 2550 semper
862 2465 1026 2548 sollicitus,
1050 2473 1086 2530 ut
1100 2465 1272 2549 quemlibet
1285 2472 1405 2533 statum
1424 2482 1515 2531 rerum

355 2584 533 2645 vestrarum
556 2584 738 2664 reputemus
760 2588 915 2647 nostrum.
953 2580 1002 2647 De
1024 2587 1131 2647 vostra
1153 2600 1228 2665 crgo
1249 2581 1312 2646 nisi
1334 2582 1430 2648 fallor
1449 2580 1515 2646 ami

356 2695 450 2777 sicia,
480 2712 663 2779 quecunque
685 2695 828 2762 condicio
850 2698 979 2763 undem
1008 2697 1115 2763 divino
1143 2704 1222 2763 nutu
1250 2716 1308 2763 nos
1339 2696 1515 2784 expectabit

356 2811 383 2877 si
406 2830 569 2897 prospera,
593 2812 733 2896 profecto
757 2812 918 2879 vobiscum
941 2813 1032 2879 nobis
1056 2814 1119 2879 erit
1139 2813 1312 2896 iocundior‚
1337 2815 1365 2879 si
1388 2814 1515 2892 adversa,

354 2932 460 2993 restro
483 2932 519 2991 ut
541 2946 633 3011 spero
657 2927 757 2994 lenior
781 2929 908 2994 anxilio.
944 2928 1011 2997 Neo
1032 2930 1115 2995 enim
1134 2928 1286 3015 parvum*
1303 2930 1337 2995 in
1362 2930 1448 2997 vobis
1469 2944 1516 2992 noc

356 3041 502 3125 dubium,
531 3042 558 3107 si
581 3062 661 3129 opus
684 3044 795 3128 fuerit,
823 3045 857 3109 in
879 3051 986 3111 vestra
1008 3044 1166 3130 probitate
1186 3045 1278 3112 nobis
1306 3044 1515 3132 proposuimus

355 3157 522 3240 refugum.

445 3272 603 3356 Rogamus
618 3278 723 3340 autem
740 3294 795 3341 vos
811 3280 844 3341 at
861 3276 1062 3343 obsecramus
1085 3277 1267 3363 plurimum,
1292 3282 1338 3361 ut,
1362 3272 1515 3361 aliquando

356 3389 548 3455 mentionem
571 3390 656 3476 apud
679 3390 840 3457 dominum
863 3412 970 3458 meum
993 3392 1175 3478 episcopum
1193 3392 1357 3476 facientes,
1380 3388 1516 3477 quemad·

357 3504 484 3571 modum
508 3506 595 3572 scitia
619 3512 652 3573 et
673 3507 816 3592 potestis,
839 3527 896 3573 nos
920 3508 951 3573 ei
972 3509 1213 3588 commendetie3
1243 3510 1327 3592 quia,
1351 3510 1419 3575 eins
1441 3506 1517 3573 salva

356 3622 460 3704 gratia
473 3622 565 3689 nobis
580 3642 617 3689 ac
632 3622 784 3708 propicia,
801 3621 841 3687 de
855 3623 977 3709 reliquo
992 3625 1167 3691 timendum
1182 3643 1246 3690 non
1261 3624 1385 3691 estimo.
1408 3621 1515 3688 Valsta

426 3831 445 3863 a
471 3817 614 3877 exhylaratus
626 3817 651 3863 Z.
735 3817 757 3863 b.
778 3816 818 3880 nie
834 3818 858 3864 V.
941 3833 962 3865 c.
983 3821 1073 3867 omnino
1091 3818 1146 3879 (oio)
1162 3819 1249 3881 sampsi
1259 3835 1307 3880 pro
1323 3820 1400 3866 animo
1415 3814 1467 3877 (rio)
1481 3812 1516 3859 Μ

356 3896 379 3943 d.
402 3896 473 3956 parvi
487 3896 514 3943 Ζ.

428 4010 452 4065 1.
472 4008 514 4065 uf.
527 4010 607 4079 epist.
618 4010 670 4064 182
687 4024 771 4079 supra
788 4025 816 4079 p.
828 4010 894 4065 319:
915 4012 977 4081 „illo
988 4018 1081 4068 mmen
1099 4010 1223 4083 profecto
1235 4011 1335 4066 mentis
1350 4011 1429 4067 ocnlo
1445 4010 1515 4075 longo

356 4097 473 4168 digniori
491 4105 520 4155 et
537 4099 723 4154 excellentiori
740 4104 769 4153 te
787 4098 895 4154 video“.
