3142 4850
301 269 367 335 688
551 286 675 335 nnours
697 287 777 333 vrrs
801 285 958 335 onuours.
993 286 1058 333 nm.
1074 286 1112 333 m
1134 282 1177 334 as.
1189 282 1224 333 as

300 446 403 511 uacus
431 444 676 529 unguentisque·
706 444 836 511 levaret
927 442 1023 509 Cuius
1051 443 1167 509 fervori
1197 442 1268 527 pius
1291 439 1364 507 Otto
1394 458 1468 506 con·

300 558 493 644 gratulatus,
527 560 635 626 omnia
661 557 782 625 alaudis
816 558 946 643 inopum
979 557 1081 623 turbis
1115 563 1270 644 oportuna
1297 555 1470 622 liberaliter

300 674 510 741 ministrabat.
550 673 617 741 Nec
644 674 694 739 bis
717 677 898 755 contentus,
928 672 1024 739 etiam
1046 691 1103 757 per
1126 672 1352 757 semetipsum
1375 669 1469 736 famis

299 795 443 875 tompore
464 787 676 876 pauperibusb
698 787 866 869 serviebat,
890 793 1011 853 utnon
1033 791 1098 855 tam
1123 786 1280 853 oblatione
1303 805 1471 852 muncrum

301 924 395 989 quam
418 904 513 971 etiam
536 903 658 989 proprii
681 902 823 988 corporis
852 902 966 969 sudore
987 907 1113 987 gratum
1136 900 1204 967 Deo
1227 899 1397 969 elemosine
1419 919 1472 965 sa·

301 1018 453 1085 orificium
475 1018 657 1085 celebraret.

389 1132 592 1200 Multitudine
614 1136 720 1198 autam
741 1130 964 1199 innumerabili
992 1152 1051 1217 pre
1072 1131 1166 1197 famis
1189 1130 1407 1215 magnitudine
1430 1150 1475 1197 ex

301 1249 388 1316 omui
410 1249 538 1332 regione
564 1247 605 1313 ud
631 1266 703 1313 eum
726 1245 917 1329 confluente,
945 1251 1036 1313 erant
1064 1247 1191 1333 quidam
1220 1247 1304 1313 iuter
1330 1264 1389 1311 eos·
1406 1244 1477 1311 lor·

301 1366 411 1447 cieras,
435 1364 489 1448 qui
512 1361 716 1430 debilioribus
739 1361 890 1429 dimensa
905 1360 1057 1429 uiolenter
1079 1362 1225 1429 manibus
1247 1366 1478 1445 extorquentes

301 1478 527 1563 subripiebant
562 1477 701 1556 Quorum
729 1476 897 1543 clamorem
927 1495 964 1543 ac
999 1476 1155 1561 ploratum
1180 1479 1229 1543 vir
1251 1460 1371 1545 beatus
1387 1477 1480 1543 ferre

301 1613 365 1659 non
387 1593 557 1677 sustinens,
580 1592 751 1677 prudenter
766 1591 840 1659 huic
854 1592 983 1675 negocio
1000 1592 1150 1674 occurrit;
1174 1593 1300 1676 suisque
1315 1593 1479 1678 imperat:

301 1713 338 1773 ut
359 1709 507 1794 primum,
531 1705 788 1773 convenientibus
810 1706 866 1791 cis,
890 1706 1046 1791 quoslibet
1067 1726 1198 1793 corpore
1213 1706 1402 1773 valentiores
1424 1726 1482 1775 se-

301 1829 448 1906 gregatos
469 1822 534 1887 imo
556 1841 665 1887 omnes
688 1822 721 1887 in
744 1820 892 1888 cenaculo
916 1820 1147 1905 concluderent,
1171 1822 1270 1889 donec
1284 1820 1420 1888 infirmis
1440 1842 1483 1888 ac

302 1936 458 2004 debilibus
479 1936 597 2003 victum
620 1939 845 2019 congruentem
869 1935 933 2003 suis
964 1937 1108 2003 manibus
1136 1936 1338 2003 ministraret
1386 1936 1482 2015 Quos

302 2052 410 2119 statim
438 2052 527 2117 abire
553 2050 740 2136 longiusque
768 2051 808 2117 de
836 2050 905 2117 loco
928 2052 1074 2119 secedere
1096 2052 1197 2133 iubet3
1227 2072 1281 2137 ue,
1309 2052 1403 2117 sociis
1435 2052 1484 2120 de

302 2166 450 2234 cenaculo
465 2166 600 2250 emissis,
624 2167 740 2233 itemm
756 2165 852 2251 prede
866 2164 954 2233 fiant.
994 2167 1142 2251 Tuncque
1157 2167 1283 2235 domum
1298 2168 1483 2251 ingressus,

301 2282 494 2368 pauperibus
513 2281 644 2351 inclusis
664 2281 787 2368 largam
803 2280 950 2347 alimonie
965 2302 1059 2366 opem
1077 2282 1257 2363 exhibebat
1281 2281 1484 2369 precipiens,

301 2416 342 2465 ue
365 2396 501 2482 amplius
523 2395 709 2465 violenciam
731 2396 813 2462 banc
839 2395 990 2464 iratribus
1017 2396 1083 2466 suis
1105 2397 1221 2466 inferre
1243 2405 1485 2484 presumerent.

391 2511 459 2580 Hoc
480 2512 565 2598 apud
587 2531 661 2580 suos
683 2510 807 2594 agebat
897 2511 1069 2580 Extraneis
1091 2519 1196 2581 autem
1219 2513 1359 2580 statium
1382 2517 1487 2581 tuns

301 2648 389 2694 mare
418 2627 530 2713 positis
557 2627 677 2696 Christi
704 2626 897 2713 pauperibus
924 2647 982 2713 per
1009 2627 1116 2695 fideles
1145 2628 1276 2695 nuncios
1307 2627 1487 2698 munificus

302 2743 486 2829 apparebat.
520 2742 600 2808 Nam
624 2763 682 2828 per
705 2741 907 2809 karissimum
930 2743 1062 2810 fratrem
1086 2747 1229 2810 nostrum
1242 2743 1488 2830 Eberhardum,

303 2858 406 2925 adbuc
426 2857 461 2924 in
482 2858 593 2924 ordine
615 2857 836 2926 canonicorum
854 2857 979 2924 Christo
1003 2857 1203 2942 militantem,
1226 2857 1321 2924 xenia
1342 2878 1405 2926 sua
1434 2860 1488 2930 le·

302 2973 483 3040 rosolimam
506 2972 701 3053 transmisit3
730 2973 814 3039 sicut
835 2977 868 3039 et
890 2993 1015 3059 semper
1036 2973 1193 3058 religiosis
1216 2973 1404 3058 quibusque,
1434 2997 1490 3046 se-

182 3069 186 3078 ¹
302 3088 469 3174 pulchrum
484 3085 614 3154 Domini
627 3087 840 3171 visitantibus,
865 3107 957 3170 agere
979 3087 1110 3154 solebat.
1202 3087 1264 3155 Sed
1287 3091 1318 3156 et
1339 3093 1490 3174 psuunie

302 3203 475 3270 maximam
497 3202 707 3287 quantitatem
725 3200 1004 3284 Hirsaugiensibns
1028 3203 1160 3286 aliisque
1184 3203 1384 3270 monasteriis
1410 3205 1491 3274 lon-

302 3317 373 3402 gius
394 3317 523 3384 remotis
547 3337 605 3404 per
626 3317 757 3386 fratrom
781 3321 923 3385 nostrum
940 3315 1134 3402 Swiggerum
1152 3317 1246 3386 famis
1262 3323 1411 3404 tempore
1439 3323 1492 3390 di·

303 3432 437 3516 rigsbat,
458 3432 593 3515 ideoque
615 3431 733 3498 Christi
757 3431 859 3498 bonus
881 3431 958 3498 odor
980 3432 1013 3496 in
1037 3433 1122 3498 omni
1144 3433 1213 3498 loco
1237 3429 1331 3500 erat‘.

216 3567 285 3621 1139
392 3548 445 3614 26.
479 3546 579 3629 Igitur
593 3545 750 3632 completo
770 3565 865 3613 cursu
887 3547 1043 3632 presentis
1059 3548 1123 3614 vite
1146 3547 1179 3612 iu
1201 3553 1363 3616 senectute
1382 3549 1493 3637 bona,

303 3680 374 3728 cum
396 3661 461 3728 iarn
488 3667 615 3747 tempus
644 3661 784 3743 adesset,
813 3665 850 3728 ut
878 3660 979 3727 tidelis
1002 3661 1202 3746 dispensator
1227 3665 1344 3730 summi
1375 3670 1495 3751 patris

302 3775 440 3844 familias
462 3777 499 3844 in
519 3776 670 3860 gaudium
691 3776 821 3842 Domini
845 3776 894 3841 sui
917 3775 1062 3859 intraret,
1085 3777 1156 3861 pius
1179 3777 1253 3846 Otto
1277 3778 1386 3846 dolore
1414 3802 1496 3852 cor·

303 3891 390 3977 poris
412 3891 446 3958 id
469 3895 518 3958 ast
538 3890 627 3958 fluxu
646 3890 809 3975 sanguinis
825 3890 1099 3959 uehementissime
1118 3895 1223 3958 tactus
1238 3898 1297 3976 est,
1319 3899 1368 3978 ut,
1394 3898 1497 3968 velut

304 4025 416 4072 aurum
437 4007 473 4072 iu
493 4008 618 4074 camino
633 4005 820 4091 egritudinis
836 4011 999 4092 purgatus,
1023 4007 1155 4076 introire
1168 4014 1345 4076 mereretur
1361 4011 1496 4100 aulam,

304 4139 364 4205 que
397 4121 516 4188 nullam
550 4120 665 4206 recipit
696 4120 864 4188 maculam.
911 4121 972 4188 Sed
1002 4122 1138 4209 ipse-
1167 4141 1291 4190 memor
1319 4125 1495 4212 scripture

376 4284 398 4316 a.
421 4269 572 4330 umentique
590 4269 614 4317 O.
732 4317 738 4328 ,
827 4270 850 4318 b.
873 4271 997 4332 paparium
1015 4270 1039 4318 0.

377 4365 402 4418 1.
421 4365 438 4418 2
456 4363 517 4420 (lor.
531 4366 557 4434 2,
577 4364 619 4418 lb.
