3142 4850
492 340 672 389 naaaoam
694 341 867 391 numano
1084 414 1089 422 ι
1202 326 1268 393 699

95 501 200 585 Atque
221 503 269 565 ita
285 499 470 567 Herbordua
492 504 570 588 ipse,
595 524 658 588 quo
680 506 783 589 ’παρὰ
806 524 898 569 ouum
921 526 1000 589 opue
1017 504 1057 569 ab
1074 526 1166 590 opere
1181 504 1267 571 Ebo-

95 620 191 681 niano
215 616 364 700 differret,
388 618 655 683 mendaciunculis
677 619 744 683 illio
766 620 932 686 iictoriom
955 622 1090 705 aspersit
1098 614 1114 684 ¹.

183 732 306 797 Doctae
329 732 369 797 ab
392 731 552 812 Udalcico,
576 736 722 819 ipsarum
743 756 849 799 raum
867 746 981 817 actore,
1004 735 1074 799 Eho
1092 733 1207 803 11115
1229 738 1268 801 de

96 850 201 914 eodem
223 847 372 913 Udolrioo
395 848 434 912 ab
461 848 572 913 Ottone
595 871 633 913 ea
654 850 732 915 urbe
753 849 920 915 Usedomia
943 851 987 915 ad
1010 849 1149 917 Ueronae
1171 852 1267 915 misto

94 965 263 1028 memoriae
283 965 443 1048 prodidit,
467 964 516 1027 leia
537 965 640 1029 oerbr'a
664 986 770 1031 meus:
796 965 922 1042 ,Erant
943 978 1048 1030 autem
1070 978 1158 1031 trans
1172 986 1269 1047 ,more

97 1075 139 1157 (i.
157 1099 181 1143 e.
206 1080 265 1142 dae
288 1078 388 1163 Haff)
418 1078 550 1143 barbari
576 1080 758 1145 crudelitate
789 1093 817 1145 et
845 1082 961 1145 eooieia
988 1081 1180 1164 einpulareo,
1213 1083 1270 1165 qui

102 1192 249 1258 Uorani
283 1194 475 1259 dicebantur.
516 1195 563 1259 Hi
590 1197 701 1260 audita
730 1195 814 1260 beati
845 1196 981 1280 preeuls'e
1011 1196 1186 1282 opinione“
1213 1208 1267 1261 cet.

98 1308 163 1375 Sed
184 1309 385 1389 Herbordua,
415 1310 545 1375 illarum
567 1314 732 1395 reqionum
752 1313 917 1395 impetitus
941 1324 969 1375 et
991 1310 1050 1375 tta
1071 1313 1160 1397 ipsa,
1189 1334 1269 1396 quae

95 1428 130 1489 in
151 1446 219 1489 rem
240 1446 333 1491 suam
346 1428 507 1505 convertit,
531 1426 652 1491 aona
666 1428 762 1492 veroa
784 1447 952 1511 perperam
969 1428 1189 1513 interpretum,
1214 1450 1268 1491 ou-

95 1542 205 1625 pidior
227 1544 410 1607 mutationis
434 1562 529 1627 quam
551 1544 735 1621 inmuta,
759 1543 807 1607 ito
827 1543 1008 1629 ponendum
1030 1545 1165 1608 censuit:
1189 1542 1270 1621 ,Eoi

96 1669 200 1721 autem
225 1657 359 1721 incula
386 1658 543 1743 quaedam
558 1694 601 1705 -
623 1658 739 1723 iabou
761 1678 849 1721 mare
871 1660 1064 1723 interiectum
1081 1696 1122 1707 —
1147 1657 1268 1723 Uaru-

95 1774 164 1837 nia
186 1774 322 1837 nomine.
358 1771 424 1839 sea
445 1774 508 1838 loci
528 1774 616 1839 illiue
631 1773 732 1839 incole
747 1774 822 1837 duri
844 1784 934 1837 eraut
953 1785 982 1837 et
995 1773 1134 1853 barderi,
1159 1776 1268 1858 simpu-

97 1887 161 1953 lari
178 1887 314 1971 feritate
336 1888 484 1953 crudelia.
521 1888 591 1969 Hii,
614 1890 831 1974 predicatione
853 1887 936 1953 beati
957 1891 1021 1953 oiri
1042 1890 1162 1955 dudum
1185 1909 1269 1955 com·

95 2004 210 2088 perta“
226 2016 280 2068 cet.
311 2002 428 2089 Sieque
443 2006 648 2069 continentem
661 2004 821 2069 marchiae
832 2004 1134 2089 Brandenburpioae
1146 2016 1269 2090 portem

97 2116 165 2197 (die
187 2117 392 2200 Uolcermarlc)
414 2123 449 2185 in
470 2120 610 2184 insulam
631 2120 876 2205 tranpipuraoit.

187 2236 305 2299 Parcit
327 2235 394 2300 itta
415 2237 587 2300 mendaciis
612 2238 829 2321 patientiaque
851 2236 1160 2323 interpretationibus
1183 2258 1269 2301 aoce-

97 2352 176 2417 dunt
210 2352 366 2437 quaedam
398 2354 595 2417 narrationis
630 2363 831 2432 ornamenta,
872 2354 961 2438 apud
997 2352 1110 2418 multoc
1145 2354 1271 2440 quidem

97 2472 266 2554 scriptores
288 2470 407 2533 ueitota
434 2470 489 2533 aed
514 2481 618 2532 tamen
639 2471 762 2534 mania.
798 2468 989 2534 Adulteram
1017 2491 1067 2534 rea
1095 2472 1178 2534 enim
1205 2471 1271 2534 iarn

96 2585 132 2648 id
154 2597 216 2664 eit,
246 2584 394 2648 diverbiio
417 2596 446 2648 et
468 2583 708 2648 allocutionibuo
731 2586 953 2648 commenticiis
975 2584 1158 2650 relationem
1179 2605 1269 2649 eaor·

96 2722 185 2764 aare.
227 2697 411 2765 Cuiusmodi
438 2712 483 2765 eet
509 2721 610 2765 emmo
638 2699 693 2765 ille
716 2701 804 2784 apud
829 2699 1027 2764 Herberdum
1042 2699 1104 2764 III
1120 2699 1167 2766 17
1190 2701 1271 2764 inter

100 2816 245 2884 Onouem
267 2827 296 2880 et
315 2815 501 2881 Witocacum
523 2816 665 2880 habiturn
686 2816 726 2880 de
746 2815 896 2880 nauicula
917 2817 952 2880 in
971 2827 1069 2900 porta
1083 2814 1170 2879 urbia
1188 2813 1269 2880 Stet-

97 2934 229 2997 tinentia
252 2953 421 3017 euepenaa,
451 2933 490 2996 de
513 2954 577 3018 qua
599 2931 669 2996 tito
688 2929 750 2996 ΙΙΙ
767 2931 790 2996 2
812 2931 991 2996 brevioaime
1012 2933 1190 3016 aeripeerat
1230 2930 1271 2995 In

98 3049 205 3112 eodem
226 3069 337 3132 penore
359 3060 433 3112 eunt
453 3049 640 3131 nupatoriae
661 3047 737 3112 illae
763 3049 931 3132 tipentium
956 3045 1190 3113 Stettt'aensium
1212 3070 1270 3132 ap·

97 3164 299 3249 pellationm,
324 3185 404 3248 quoe
427 3163 612 3228 Herbordua
634 3163 695 3229 III
713 3164 773 3243 18,
797 3185 872 3228 aaut
896 3163 1017 3228 Ebonio
1040 3163 1116 3228 libri
1136 3161 1199 3229 HI
1218 3186 1271 3227 ca-

96 3281 163 3364 pite
177 3279 234 3357 16,
259 3279 298 3344 ab
320 3278 432 3344 Ottone
451 3278 564 3364 sactae
587 3301 651 3344 ease
673 3279 748 3342 vult
839 3279 1032 3371 Audaciorig
1055 3291 1158 3343 autern
1179 3301 1270 3343 cano·

97 3397 181 3460 natis
207 3405 261 3474 eet,
285 3395 397 3480 lampas
421 3399 577 3460 orationes
592 3395 775 3478 confinpere,
801 3415 942 3480 quaeque
962 3416 1126 3479 nunquam
1148 3393 1273 3460 tatum

98 3524 181 3590 eunt,
206 3532 258 3574 eae
274 3506 436 3596 tquuom
451 3533 562 3596 reopee
576 3511 699 3576 habitae
717 3531 905 3596 proponere,
929 3523 964 3575 ut
977 3511 1067 3576 illam
1079 3510 1167 3590 142,
1192 3531 1273 3595 quae

98 3627 301 3692 Εηώήοοπίε
317 3628 458 3712 epiceopi
472 3625 744 3711 Wreeburpenaie.
755 3626 945 3711 perhibetur.
976 3625 1044 3690 Eho
1062 3628 1145 3690 enim
1156 3625 1273 3692 [1126

99 3743 137 3806 de
160 3755 345 3828 arpurnento
364 3741 515 3824 funebris
538 3743 691 3806 orationis
714 3741 753 3806 ab
775 3741 964 3806 Etsobmmne
984 3743 1019 3806 in
1043 3744 1197 3827 eaeequiia
1216 3741 1271 3805 Ot-

172 3919 198 3971 1.
221 3914 268 3970 Ad
286 3914 338 3970 hoo
355 3929 444 3984 ganas
463 3915 610 3972 afferamus
627 3915 720 3984 otiam,
738 3928 810 3984 quaa
826 3927 877 3984 pro
895 3913 937 3969 his
951 3913 1056 3970 libonis
1068 3915 1108 3970 111
1122 3917 1154 3971 li
1167 3913 1272 3971 verbis:

102 4004 340 4074 ,autumpnali
357 4009 482 4073 temporo
494 4003 579 4060 daos
597 4003 779 4060 rombones
794 4001 1017 4074 apprehendunt
1032 4003 1072 4058 sic
1083 4004 1194 4072 scripsit
1204 4003 1272 4060 Hor-

101 4091 204 4148 bordas
222 4093 262 4148 111
280 4093 329 4146 21:
355 4091 574 4163 ,cambonem
601 4093 683 4148 eiecit
708 4092 736 4147 in
763 4105 878 4146 mense
904 4090 1095 4160 Augusto&
1131 4091 1273 4162 Similique

100 4181 198 4251 modo,
221 4195 285 4236 oum
303 4179 364 4236 Ebo
381 4182 395 4235 I
413 4183 431 4238 6
448 4180 484 4237 do
502 4181 631 4238 Heinrioo
648 4181 688 4237 lv
706 4180 775 4236 haec
792 4179 973 4236 ostendisset:
997 4179 1081 4250 ,Erat
1097 4181 1170 4235 anim
1188 4181 1273 4252 impe

100 4275 175 4325 tutor
185 4269 286 4326 litteris
297 4269 468 4340 usqueadeo
480 4268 602 4338 inbutus,
620 4276 652 4324 ut
662 4274 754 4324 curtos
766 4299 800 4308 -
814 4269 867 4326 sibi
878 4268 998 4326 directa
1016 4285 1065 4339 por
1077 4274 1165 4326 soma
1182 4271 1273 4340 ipsum

101 4357 193 4426 lagare
212 4362 241 4413 ot
258 4359 411 4428 intelligere
428 4358 608 4428 provniarod,
626 4356 787 4414 Harbordas
798 4357 838 4414 111
849 4359 885 4414 34
901 4358 941 4414 ita
952 4358 1084 4413 maurit:
1104 4359 1190 4429 ,Nam
1204 4358 1273 4416 adeo

102 4445 240 4502 litteratus
258 4453 318 4503 orat
334 4448 492 4518 imperator,
510 4451 542 4502 at
560 4462 609 4517 per
627 4463 657 4503 sa
674 4446 775 4503 breves
792 4447 897 4517 legeret
914 4461 952 4503 aa
971 4445 1133 4503 tacerem.
