<?xml version="1.0" encoding="UTF-8"?>
<!DOCTYPE html PUBLIC "-//W3C//DTD XHTML 1.0 Transitional//EN"
    "http://www.w3.org/TR/xhtml1/DTD/xhtml1-transitional.dtd">
<html xmlns="http://www.w3.org/1999/xhtml" xml:lang="en" lang="en">
 <head>
  <title>
</title>
<meta http-equiv="Content-Type" content="text/html;charset=utf-8" />
  <meta name='ocr-system' content='tesseract 3.04.00' />
  <meta name='ocr-capabilities' content='ocr_page ocr_carea ocr_par ocr_line ocrx_word'/>
</head>
<body>
  <div class='ocr_page' id='page_1' title='image "./bibliothecareru06jaffgoog_0799.png"; bbox 0 0 3142 4850; ppageno 0'>
   <div class='ocr_carea' id='block_1_1' title="bbox 322 284 1231 352">
    <p class='ocr_par' dir='ltr' id='par_1_1' title="bbox 322 284 1231 352">
     <span class='ocr_line' id='line_1_1' title="bbox 322 284 1231 352; baseline 0.003 -4"><span class='ocrx_word' id='word_1_1' title='bbox 322 284 387 349; x_wconf 79' lang='lat'><strong>784</strong></span> <span class='ocrx_word' id='word_1_2' title='bbox 592 302 771 351; x_wconf 80' lang='lat' dir='ltr'><strong>nunnonur</strong></span> <span class='ocrx_word' id='word_1_3' title='bbox 794 302 975 351; x_wconf 79' lang='lat' dir='ltr'><strong>omuoous.</strong></span> <span class='ocrx_word' id='word_1_4' title='bbox 1010 304 1077 351; x_wconf 85' lang='lat' dir='ltr'><strong>um.</strong></span> <span class='ocrx_word' id='word_1_5' title='bbox 1092 304 1119 349; x_wconf 88' lang='lat' dir='ltr'><strong>u</strong></span> <span class='ocrx_word' id='word_1_6' title='bbox 1139 300 1184 352; x_wconf 79' lang='lat' dir='ltr'><strong>aa</strong></span> <span class='ocrx_word' id='word_1_7' title='bbox 1197 300 1231 351; x_wconf 82' lang='lat' dir='ltr'><strong>av</strong></span> 
     </span>
    </p>
   </div>
   <div class='ocr_carea' id='block_1_2' title="bbox 234 460 1502 4137">
    <p class='ocr_par' dir='ltr' id='par_1_2' title="bbox 234 460 1491 1240">
     <span class='ocr_line' id='line_1_2' title="bbox 234 460 1489 545; baseline -0.004 -13"><span class='ocrx_word' id='word_1_8' title='bbox 234 474 303 531; x_wconf 78' lang='lat'>1124</span> <span class='ocrx_word' id='word_1_9' title='bbox 321 466 389 526; x_wconf 91' lang='lat' dir='ltr'><strong>tum</strong></span> <span class='ocrx_word' id='word_1_10' title='bbox 413 460 563 545; x_wconf 80' lang='lat' dir='ltr'><strong>prebente</strong></span> <span class='ocrx_word' id='word_1_11' title='bbox 585 462 808 528; x_wconf 87' lang='lat' dir='ltr'><strong>necessarium.</strong></span> <span class='ocrx_word' id='word_1_12' title='bbox 843 460 879 528; x_wconf 92' lang='lat' dir='ltr'><strong>lu</strong></span> <span class='ocrx_word' id='word_1_13' title='bbox 894 462 1040 529; x_wconf 89' lang='lat' dir='ltr'><strong>omnibus</strong></span> <span class='ocrx_word' id='word_1_14' title='bbox 1056 463 1141 528; x_wconf 90' lang='lat' dir='ltr'><strong>enim</strong></span> <span class='ocrx_word' id='word_1_15' title='bbox 1156 462 1252 527; x_wconf 88' lang='lat' dir='ltr'><strong>victui</strong></span> <span class='ocrx_word' id='word_1_16' title='bbox 1275 465 1385 527; x_wconf 88' lang='lat' dir='ltr'><strong>nostro</strong></span> <span class='ocrx_word' id='word_1_17' title='bbox 1405 480 1489 527; x_wconf 86' lang='lat' dir='ltr'><strong>com·</strong></span> 
     </span>
     <span class='ocr_line' id='line_1_3' title="bbox 321 576 1490 663; baseline -0.002 -21"><span class='ocrx_word' id='word_1_18' title='bbox 321 576 501 663; x_wconf 89' lang='lat' dir='ltr'><strong>petentibus</strong></span> <span class='ocrx_word' id='word_1_19' title='bbox 524 576 670 643; x_wconf 88' lang='lat' dir='ltr'><strong>liberales</strong></span> <span class='ocrx_word' id='word_1_20' title='bbox 693 577 783 643; x_wconf 92' lang='lat' dir='ltr'><strong>nobis</strong></span> <span class='ocrx_word' id='word_1_21' title='bbox 807 579 982 644; x_wconf 88' lang='lat' dir='ltr'><strong>extiterunt</strong></span> <span class='ocrx_word' id='word_1_22' title='bbox 996 583 1030 644; x_wconf 90' lang='lat' dir='ltr'><strong>et</strong></span> <span class='ocrx_word' id='word_1_23' title='bbox 1047 578 1192 657; x_wconf 73' lang='lat' dir='ltr'><strong>humani,</strong></span> <span class='ocrx_word' id='word_1_24' title='bbox 1215 582 1373 663; x_wconf 89' lang='lat' dir='ltr'><strong>optantes,</strong></span> <span class='ocrx_word' id='word_1_25' title='bbox 1395 576 1490 656; x_wconf 89' lang='lat' dir='ltr'><strong>ut,si</strong></span> 
     </span>
     <span class='ocr_line' id='line_1_4' title="bbox 321 690 1489 778; baseline 0 -21"><span class='ocrx_word' id='word_1_26' title='bbox 321 690 390 757; x_wconf 87' lang='lat' dir='ltr'><strong>lieri</strong></span> <span class='ocrx_word' id='word_1_27' title='bbox 419 698 542 778; x_wconf 89' lang='lat' dir='ltr'><strong>posset,</strong></span> <span class='ocrx_word' id='word_1_28' title='bbox 571 714 731 777; x_wconf 90' lang='lat' dir='ltr'><strong>nunquam</strong></span> <span class='ocrx_word' id='word_1_29' title='bbox 761 712 837 759; x_wconf 91' lang='lat' dir='ltr'><strong>ase</strong></span> <span class='ocrx_word' id='word_1_30' title='bbox 865 692 1095 759; x_wconf 85' lang='lat' dir='ltr'><strong>divelleremur.</strong></span> <span class='ocrx_word' id='word_1_31' title='bbox 1197 691 1360 758; x_wconf 80' lang='lat' dir='ltr'><strong>Ordinatio</strong></span> <span class='ocrx_word' id='word_1_32' title='bbox 1387 696 1489 757; x_wconf 89' lang='lat' dir='ltr'><strong>autern</strong></span> 
     </span>
     <span class='ocr_line' id='line_1_5' title="bbox 320 807 1491 895; baseline 0 -22"><span class='ocrx_word' id='word_1_33' title='bbox 320 807 386 873; x_wconf 93' lang='lat' dir='ltr'><strong>illic</strong></span> <span class='ocrx_word' id='word_1_34' title='bbox 401 807 557 891; x_wconf 86' lang='lat' dir='ltr'><strong>omuibus,</strong></span> <span class='ocrx_word' id='word_1_35' title='bbox 581 828 642 892; x_wconf 85' lang='lat' dir='ltr'><strong>que</strong></span> <span class='ocrx_word' id='word_1_36' title='bbox 658 808 728 873; x_wconf 87' lang='lat' dir='ltr'><strong>rudi</strong></span> <span class='ocrx_word' id='word_1_37' title='bbox 744 808 874 875; x_wconf 76' lang='lat' dir='ltr'><strong>ecclesie</strong></span> <span class='ocrx_word' id='word_1_38' title='bbox 896 809 1063 895; x_wconf 85' lang='lat' dir='ltr'><strong>profutura</strong></span> <span class='ocrx_word' id='word_1_39' title='bbox 1076 808 1295 890; x_wconf 82' lang='lat' dir='ltr'><strong>credebantur,</strong></span> <span class='ocrx_word' id='word_1_40' title='bbox 1317 812 1491 874; x_wconf 79' lang='lat' dir='ltr'><strong>exstructa·</strong></span> 
     </span>
     <span class='ocr_line' id='line_1_6' title="bbox 322 922 1491 1007; baseline -0.002 -18"><span class='ocrx_word' id='word_1_41' title='bbox 322 942 383 1007; x_wconf 87' lang='lat' dir='ltr'><strong>que</strong></span> <span class='ocrx_word' id='word_1_42' title='bbox 406 922 536 989; x_wconf 88' lang='lat' dir='ltr'><strong>basilica</strong></span> <span class='ocrx_word' id='word_1_43' title='bbox 558 923 702 1007; x_wconf 80' lang='lat' dir='ltr'><strong>diligenti</strong></span> <span class='ocrx_word' id='word_1_44' title='bbox 725 924 857 991; x_wconf 87' lang='lat' dir='ltr'><strong>artificio</strong></span> <span class='ocrx_word' id='word_1_45' title='bbox 885 926 919 989; x_wconf 93' lang='lat' dir='ltr'><strong>in</strong></span> <span class='ocrx_word' id='word_1_46' title='bbox 941 924 1045 990; x_wconf 86' lang='lat' dir='ltr'><strong>medio</strong></span> <span class='ocrx_word' id='word_1_47' title='bbox 1069 924 1136 990; x_wconf 84' lang='lat' dir='ltr'><strong>loro</strong></span> <span class='ocrx_word' id='word_1_48' title='bbox 1160 923 1333 990; x_wconf 89' lang='lat' dir='ltr'><strong>Stetineusi</strong></span> <span class='ocrx_word' id='word_1_49' title='bbox 1354 922 1491 989; x_wconf 82' lang='lat' dir='ltr'><strong>collatis·</strong></span> 
     </span>
     <span class='ocr_line' id='line_1_7' title="bbox 323 1036 1490 1125; baseline -0.003 -20"><span class='ocrx_word' id='word_1_50' title='bbox 323 1060 383 1123; x_wconf 85' lang='lat' dir='ltr'><strong>que</strong></span> <span class='ocrx_word' id='word_1_51' title='bbox 406 1038 561 1123; x_wconf 90' lang='lat' dir='ltr'><strong>omuibus,</strong></span> <span class='ocrx_word' id='word_1_52' title='bbox 586 1060 646 1125; x_wconf 90' lang='lat' dir='ltr'><strong>quc</strong></span> <span class='ocrx_word' id='word_1_53' title='bbox 669 1040 873 1106; x_wconf 87' lang='lat' dir='ltr'><strong>sacerdotalis</strong></span> <span class='ocrx_word' id='word_1_54' title='bbox 894 1038 991 1105; x_wconf 89' lang='lat' dir='ltr'><strong>officii</strong></span> <span class='ocrx_word' id='word_1_55' title='bbox 1013 1040 1093 1105; x_wconf 87' lang='lat' dir='ltr'><strong>ratio</strong></span> <span class='ocrx_word' id='word_1_56' title='bbox 1117 1039 1275 1125; x_wconf 72' lang='lat' dir='ltr'><strong>poscebat</strong></span> <span class='ocrx_word' id='word_1_57' title='bbox 1298 1038 1353 1123; x_wconf 85' lang='lat' dir='ltr'><strong>qui</strong></span> <span class='ocrx_word' id='word_1_58' title='bbox 1377 1036 1490 1125; x_wconf 89' lang='lat' dir='ltr'><strong>populo</strong></span> 
     </span>
     <span class='ocr_line' id='line_1_8' title="bbox 322 1154 1432 1240; baseline 0 -21"><span class='ocrx_word' id='word_1_59' title='bbox 322 1159 473 1240; x_wconf 82' lang='lat' dir='ltr'><strong>preesset,</strong></span> <span class='ocrx_word' id='word_1_60' title='bbox 498 1155 579 1221; x_wconf 89' lang='lat' dir='ltr'><strong>sicut</strong></span> <span class='ocrx_word' id='word_1_61' title='bbox 602 1154 719 1239; x_wconf 89' lang='lat' dir='ltr'><strong>ubique</strong></span> <span class='ocrx_word' id='word_1_62' title='bbox 740 1155 887 1238; x_wconf 83' lang='lat' dir='ltr'><strong>iaciebat,</strong></span> <span class='ocrx_word' id='word_1_63' title='bbox 909 1155 1104 1221; x_wconf 80' lang='lat' dir='ltr'><strong>sacerdotem</strong></span> <span class='ocrx_word' id='word_1_64' title='bbox 1127 1155 1277 1221; x_wconf 90' lang='lat' dir='ltr'><strong>investire</strong></span> <span class='ocrx_word' id='word_1_65' title='bbox 1299 1155 1432 1220; x_wconf 81' lang='lat' dir='ltr'><strong>curavit</strong></span> 
     </span>
    </p>

    <p class='ocr_par' dir='ltr' id='par_1_3' title="bbox 322 1269 1494 2863">
     <span class='ocr_line' id='line_1_9' title="bbox 413 1269 1490 1357; baseline -0.002 -22"><span class='ocrx_word' id='word_1_66' title='bbox 413 1272 465 1335; x_wconf 83' lang='lat'><strong>37.</strong></span> <span class='ocrx_word' id='word_1_67' title='bbox 494 1269 668 1337; x_wconf 90' lang='lat' dir='ltr'><strong>lulinenses</strong></span> <span class='ocrx_word' id='word_1_68' title='bbox 684 1276 801 1353; x_wconf 91' lang='lat' dir='ltr'><strong>autem,</strong></span> <span class='ocrx_word' id='word_1_69' title='bbox 824 1271 971 1357; x_wconf 88' lang='lat' dir='ltr'><strong>episcopo</strong></span> <span class='ocrx_word' id='word_1_70' title='bbox 987 1276 1019 1337; x_wconf 89' lang='lat' dir='ltr'><strong>et</strong></span> <span class='ocrx_word' id='word_1_71' title='bbox 1033 1270 1125 1336; x_wconf 91' lang='lat' dir='ltr'><strong>uobis</strong></span> <span class='ocrx_word' id='word_1_72' title='bbox 1145 1270 1375 1353; x_wconf 76' lang='lat' dir='ltr'><strong>ignorantibus,</strong></span> <span class='ocrx_word' id='word_1_73' title='bbox 1398 1289 1490 1354; x_wconf 87' lang='lat' dir='ltr'><strong>quos·</strong></span> 
     </span>
     <span class='ocr_line' id='line_1_10' title="bbox 323 1384 1491 1472; baseline -0.002 -19"><span class='ocrx_word' id='word_1_74' title='bbox 323 1387 395 1453; x_wconf 89' lang='lat' dir='ltr'><strong>dam</strong></span> <span class='ocrx_word' id='word_1_75' title='bbox 419 1386 562 1453; x_wconf 90' lang='lat' dir='ltr'><strong>homiues</strong></span> <span class='ocrx_word' id='word_1_76' title='bbox 585 1392 694 1452; x_wconf 89' lang='lat' dir='ltr'><strong>cautos</strong></span> <span class='ocrx_word' id='word_1_77' title='bbox 717 1394 750 1451; x_wconf 89' lang='lat' dir='ltr'><strong>et</strong></span> <span class='ocrx_word' id='word_1_78' title='bbox 771 1407 886 1469; x_wconf 90' lang='lat' dir='ltr'><strong>gnaros</strong></span> <span class='ocrx_word' id='word_1_79' title='bbox 901 1384 1056 1452; x_wconf 89' lang='lat' dir='ltr'><strong>Stetiuam</strong></span> <span class='ocrx_word' id='word_1_80' title='bbox 1072 1388 1235 1468; x_wconf 86' lang='lat' dir='ltr'><strong>miseruut,</strong></span> <span class='ocrx_word' id='word_1_81' title='bbox 1258 1385 1491 1472; x_wconf 85' lang='lat' dir='ltr'><strong>exploraturus·</strong></span> 
     </span>
     <span class='ocr_line' id='line_1_11' title="bbox 322 1501 1490 1588; baseline -0.003 -19"><span class='ocrx_word' id='word_1_82' title='bbox 322 1502 434 1569; x_wconf 87' lang='lat' dir='ltr'><strong>tacite:</strong></span> <span class='ocrx_word' id='word_1_83' title='bbox 464 1501 614 1587; x_wconf 85' lang='lat' dir='ltr'><strong>quidnam</strong></span> <span class='ocrx_word' id='word_1_84' title='bbox 637 1501 703 1568; x_wconf 92' lang='lat' dir='ltr'><strong>illic</strong></span> <span class='ocrx_word' id='word_1_85' title='bbox 726 1522 907 1585; x_wconf 87' lang='lat' dir='ltr'><strong>ageremus,</strong></span> <span class='ocrx_word' id='word_1_86' title='bbox 932 1502 961 1567; x_wconf 92' lang='lat' dir='ltr'><strong>si</strong></span> <span class='ocrx_word' id='word_1_87' title='bbox 984 1502 1024 1569; x_wconf 88' lang='lat' dir='ltr'><strong>ab</strong></span> <span class='ocrx_word' id='word_1_88' title='bbox 1046 1503 1092 1569; x_wconf 90' lang='lat' dir='ltr'><strong>eis</strong></span> <span class='ocrx_word' id='word_1_89' title='bbox 1115 1502 1327 1588; x_wconf 86' lang='lat' dir='ltr'><strong>reciperemur</strong></span> <span class='ocrx_word' id='word_1_90' title='bbox 1350 1522 1392 1567; x_wconf 93' lang='lat' dir='ltr'><strong>au</strong></span> <span class='ocrx_word' id='word_1_91' title='bbox 1414 1521 1490 1580; x_wconf 82' lang='lat' dir='ltr'><strong>non3</strong></span> 
     </span>
     <span class='ocr_line' id='line_1_12' title="bbox 323 1617 1490 1702; baseline -0.001 -18"><span class='ocrx_word' id='word_1_92' title='bbox 323 1625 356 1684; x_wconf 93' lang='lat' dir='ltr'><strong>et</strong></span> <span class='ocrx_word' id='word_1_93' title='bbox 378 1618 431 1701; x_wconf 90' lang='lat' dir='ltr'><strong>qui</strong></span> <span class='ocrx_word' id='word_1_94' title='bbox 454 1636 563 1683; x_wconf 89' lang='lat' dir='ltr'><strong>omnes</strong></span> <span class='ocrx_word' id='word_1_95' title='bbox 586 1619 653 1684; x_wconf 90' lang='lat' dir='ltr'><strong>vias</strong></span> <span class='ocrx_word' id='word_1_96' title='bbox 677 1624 802 1683; x_wconf 85' lang='lat' dir='ltr'><strong>nostras</strong></span> <span class='ocrx_word' id='word_1_97' title='bbox 831 1623 864 1684; x_wconf 90' lang='lat' dir='ltr'><strong>et</strong></span> <span class='ocrx_word' id='word_1_98' title='bbox 886 1617 991 1683; x_wconf 88' lang='lat' dir='ltr'><strong>studia</strong></span> <span class='ocrx_word' id='word_1_99' title='bbox 1012 1622 1121 1683; x_wconf 83' lang='lat' dir='ltr'><strong>uostm</strong></span> <span class='ocrx_word' id='word_1_100' title='bbox 1143 1617 1310 1699; x_wconf 82' lang='lat' dir='ltr'><strong>diligenter</strong></span> <span class='ocrx_word' id='word_1_101' title='bbox 1332 1618 1490 1702; x_wconf 78' lang='lat' dir='ltr'><strong>conspice</strong></span> 
     </span>
     <span class='ocr_line' id='line_1_13' title="bbox 324 1732 1491 1819; baseline 0 -21"><span class='ocrx_word' id='word_1_102' title='bbox 324 1737 394 1799; x_wconf 90' lang='lat' dir='ltr'><strong>rent</strong></span> <span class='ocrx_word' id='word_1_103' title='bbox 416 1740 511 1819; x_wconf 87' lang='lat' dir='ltr'><strong>atque</strong></span> <span class='ocrx_word' id='word_1_104' title='bbox 534 1734 697 1800; x_wconf 83' lang='lat' dir='ltr'><strong>referrent.</strong></span> <span class='ocrx_word' id='word_1_105' title='bbox 732 1734 777 1799; x_wconf 88' lang='lat' dir='ltr'><strong>At</strong></span> <span class='ocrx_word' id='word_1_106' title='bbox 798 1732 847 1798; x_wconf 94' lang='lat' dir='ltr'><strong>illi</strong></span> <span class='ocrx_word' id='word_1_107' title='bbox 869 1732 934 1816; x_wconf 92' lang='lat' dir='ltr'><strong>ubi,</strong></span> <span class='ocrx_word' id='word_1_108' title='bbox 956 1734 1064 1799; x_wconf 87' lang='lat' dir='ltr'><strong>habita</strong></span> <span class='ocrx_word' id='word_1_109' title='bbox 1087 1732 1303 1819; x_wconf 83' lang='lat' dir='ltr'><strong>exploratione</strong></span> <span class='ocrx_word' id='word_1_110' title='bbox 1318 1732 1491 1815; x_wconf 71' lang='lat' dir='ltr'><strong>diligentie</strong></span> 
     </span>
     <span class='ocr_line' id='line_1_14' title="bbox 323 1847 1492 1935; baseline -0.002 -20"><span class='ocrx_word' id='word_1_111' title='bbox 323 1850 421 1932; x_wconf 90' lang='lat' dir='ltr'><strong>sima,</strong></span> <span class='ocrx_word' id='word_1_112' title='bbox 452 1848 549 1915; x_wconf 89' lang='lat' dir='ltr'><strong>nichil</strong></span> <span class='ocrx_word' id='word_1_113' title='bbox 577 1850 751 1935; x_wconf 84' lang='lat' dir='ltr'><strong>impostura</strong></span> <span class='ocrx_word' id='word_1_114' title='bbox 774 1856 830 1915; x_wconf 90' lang='lat' dir='ltr'><strong>aut</strong></span> <span class='ocrx_word' id='word_1_115' title='bbox 851 1849 916 1915; x_wconf 93' lang='lat' dir='ltr'><strong>doli</strong></span> <span class='ocrx_word' id='word_1_116' title='bbox 939 1850 1023 1915; x_wconf 85' lang='lat' dir='ltr'><strong>circa</strong></span> <span class='ocrx_word' id='word_1_117' title='bbox 1044 1869 1101 1915; x_wconf 91' lang='lat' dir='ltr'><strong>nos</strong></span> <span class='ocrx_word' id='word_1_118' title='bbox 1127 1849 1316 1914; x_wconf 88' lang='lat' dir='ltr'><strong>invenerunt</strong></span> <span class='ocrx_word' id='word_1_119' title='bbox 1344 1855 1378 1915; x_wconf 90' lang='lat' dir='ltr'><strong>et</strong></span> <span class='ocrx_word' id='word_1_120' title='bbox 1399 1847 1492 1914; x_wconf 84' lang='lat' dir='ltr'><strong>Steti·</strong></span> 
     </span>
     <span class='ocr_line' id='line_1_15' title="bbox 324 1962 1492 2050; baseline -0.002 -19"><span class='ocrx_word' id='word_1_121' title='bbox 324 1984 436 2031; x_wconf 89' lang='lat' dir='ltr'><strong>nenses</strong></span> <span class='ocrx_word' id='word_1_122' title='bbox 460 1964 534 2031; x_wconf 91' lang='lat' dir='ltr'><strong>licet</strong></span> <span class='ocrx_word' id='word_1_123' title='bbox 555 1964 645 2031; x_wconf 87' lang='lat' dir='ltr'><strong>tarde</strong></span> <span class='ocrx_word' id='word_1_124' title='bbox 672 1962 766 2030; x_wconf 88' lang='lat' dir='ltr'><strong>fidem</strong></span> <span class='ocrx_word' id='word_1_125' title='bbox 794 1971 901 2031; x_wconf 84' lang='lat' dir='ltr'><strong>tamen</strong></span> <span class='ocrx_word' id='word_1_126' title='bbox 924 1966 1116 2031; x_wconf 87' lang='lat' dir='ltr'><strong>unanimiter</strong></span> <span class='ocrx_word' id='word_1_127' title='bbox 1137 1964 1314 2050; x_wconf 88' lang='lat' dir='ltr'><strong>suscepisse</strong></span> <span class='ocrx_word' id='word_1_128' title='bbox 1338 1963 1492 2044; x_wconf 77' lang='lat' dir='ltr'><strong>viderunt,</strong></span> 
     </span>
     <span class='ocr_line' id='line_1_16' title="bbox 323 2079 1492 2165; baseline -0.001 -18"><span class='ocrx_word' id='word_1_129' title='bbox 323 2082 442 2147; x_wconf 89' lang='lat' dir='ltr'><strong>reversi</strong></span> <span class='ocrx_word' id='word_1_130' title='bbox 467 2079 507 2145; x_wconf 89' lang='lat' dir='ltr'><strong>ad</strong></span> <span class='ocrx_word' id='word_1_131' title='bbox 530 2100 618 2162; x_wconf 88' lang='lat' dir='ltr'><strong>suns,</strong></span> <span class='ocrx_word' id='word_1_132' title='bbox 645 2099 733 2146; x_wconf 88' lang='lat' dir='ltr'><strong>more</strong></span> <span class='ocrx_word' id='word_1_133' title='bbox 757 2079 970 2165; x_wconf 90' lang='lat' dir='ltr'><strong>apostolorum</strong></span> <span class='ocrx_word' id='word_1_134' title='bbox 994 2080 1044 2146; x_wconf 89' lang='lat' dir='ltr'><strong>vel</strong></span> <span class='ocrx_word' id='word_1_135' title='bbox 1066 2080 1350 2163; x_wconf 89' lang='lat' dir='ltr'><strong>euangelistarum,</strong></span> <span class='ocrx_word' id='word_1_136' title='bbox 1379 2080 1492 2165; x_wconf 86' lang='lat' dir='ltr'><strong>pagani</strong></span> 
     </span>
     <span class='ocr_line' id='line_1_17' title="bbox 324 2194 1494 2283; baseline 0.001 -22"><span class='ocrx_word' id='word_1_137' title='bbox 324 2196 468 2283; x_wconf 80' lang='lat' dir='ltr'><strong>paganis,</strong></span> <span class='ocrx_word' id='word_1_138' title='bbox 491 2195 582 2261; x_wconf 90' lang='lat' dir='ltr'><strong>nobis</strong></span> <span class='ocrx_word' id='word_1_139' title='bbox 606 2194 799 2279; x_wconf 84' lang='lat' dir='ltr'><strong>absentibus,</strong></span> <span class='ocrx_word' id='word_1_140' title='bbox 822 2201 941 2280; x_wconf 86' lang='lat' dir='ltr'><strong>quanta</strong></span> <span class='ocrx_word' id='word_1_141' title='bbox 955 2196 1040 2263; x_wconf 89' lang='lat' dir='ltr'><strong>bona</strong></span> <span class='ocrx_word' id='word_1_142' title='bbox 1053 2197 1207 2263; x_wconf 89' lang='lat' dir='ltr'><strong>vidissent</strong></span> <span class='ocrx_word' id='word_1_143' title='bbox 1228 2202 1260 2262; x_wconf 90' lang='lat' dir='ltr'><strong>et</strong></span> <span class='ocrx_word' id='word_1_144' title='bbox 1277 2195 1442 2262; x_wconf 84' lang='lat' dir='ltr'><strong>audissent</strong></span> <span class='ocrx_word' id='word_1_145' title='bbox 1464 2201 1494 2262; x_wconf 89' lang='lat' dir='ltr'><strong>et</strong></span> 
     </span>
     <span class='ocr_line' id='line_1_18' title="bbox 324 2311 1493 2398; baseline 0.001 -21"><span class='ocrx_word' id='word_1_146' title='bbox 324 2332 419 2397; x_wconf 88' lang='lat' dir='ltr'><strong>quam</strong></span> <span class='ocrx_word' id='word_1_147' title='bbox 443 2311 534 2394; x_wconf 88' lang='lat' dir='ltr'><strong>boue,</strong></span> <span class='ocrx_word' id='word_1_148' title='bbox 558 2330 651 2395; x_wconf 90' lang='lat' dir='ltr'><strong>quam</strong></span> <span class='ocrx_word' id='word_1_149' title='bbox 676 2311 795 2377; x_wconf 88' lang='lat' dir='ltr'><strong>munda</strong></span> <span class='ocrx_word' id='word_1_150' title='bbox 815 2318 899 2378; x_wconf 91' lang='lat' dir='ltr'><strong>esset</strong></span> <span class='ocrx_word' id='word_1_151' title='bbox 912 2311 990 2379; x_wconf 88' lang='lat' dir='ltr'><strong>tides</strong></span> <span class='ocrx_word' id='word_1_152' title='bbox 1013 2318 1045 2379; x_wconf 90' lang='lat' dir='ltr'><strong>et</strong></span> <span class='ocrx_word' id='word_1_153' title='bbox 1059 2313 1204 2379; x_wconf 89' lang='lat' dir='ltr'><strong>doctriua</strong></span> <span class='ocrx_word' id='word_1_154' title='bbox 1216 2312 1402 2396; x_wconf 82' lang='lat' dir='ltr'><strong>christiana,</strong></span> <span class='ocrx_word' id='word_1_155' title='bbox 1425 2332 1493 2398; x_wconf 80' lang='lat' dir='ltr'><strong>pre·</strong></span> 
     </span>
     <span class='ocr_line' id='line_1_19' title="bbox 324 2427 1493 2514; baseline 0.001 -20"><span class='ocrx_word' id='word_1_156' title='bbox 324 2429 430 2495; x_wconf 88' lang='lat' dir='ltr'><strong>dicare</strong></span> <span class='ocrx_word' id='word_1_157' title='bbox 451 2447 515 2494; x_wconf 91' lang='lat' dir='ltr'><strong>non</strong></span> <span class='ocrx_word' id='word_1_158' title='bbox 530 2427 705 2495; x_wconf 82' lang='lat' dir='ltr'><strong>cessabant.</strong></span> <span class='ocrx_word' id='word_1_159' title='bbox 740 2428 923 2513; x_wconf 87' lang='lat' dir='ltr'><strong>Eorumque</strong></span> <span class='ocrx_word' id='word_1_160' title='bbox 938 2428 1042 2494; x_wconf 88' lang='lat' dir='ltr'><strong>verbis</strong></span> <span class='ocrx_word' id='word_1_161' title='bbox 1064 2429 1217 2514; x_wconf 87' lang='lat' dir='ltr'><strong>paulatim</strong></span> <span class='ocrx_word' id='word_1_162' title='bbox 1239 2428 1493 2510; x_wconf 77' lang='lat' dir='ltr'><strong>scintillantibus,</strong></span> 
     </span>
     <span class='ocr_line' id='line_1_20' title="bbox 325 2529 1494 2630; baseline -0.001 -20"><span class='ocrx_word' id='word_1_163' title='bbox 325 2545 415 2630; x_wconf 86' lang='lat' dir='ltr'><strong>quasi</strong></span> <span class='ocrx_word' id='word_1_164' title='bbox 438 2544 658 2611; x_wconf 86' lang='lat' dir='ltr'><strong>arundinetum</strong></span> <span class='ocrx_word' id='word_1_165' title='bbox 683 2549 750 2610; x_wconf 88' lang='lat' dir='ltr'><strong>tota</strong></span> <span class='ocrx_word' id='word_1_166' title='bbox 772 2544 885 2610; x_wconf 89' lang='lat' dir='ltr'><strong>civitas</strong></span> <span class='ocrx_word' id='word_1_167' title='bbox 908 2544 1087 2628; x_wconf 83' lang='lat' dir='ltr'><strong>incanduit3</strong></span> <span class='ocrx_word' id='word_1_168' title='bbox 1106 2529 1147 2611; x_wconf 62' lang='lat' dir='ltr'><strong>&#39;et</strong></span> <span class='ocrx_word' id='word_1_169' title='bbox 1175 2545 1239 2610; x_wconf 92' lang='lat' dir='ltr'><strong>iam</strong></span> <span class='ocrx_word' id='word_1_170' title='bbox 1267 2545 1375 2611; x_wconf 89' lang='lat' dir='ltr'><strong>tedere</strong></span> <span class='ocrx_word' id='word_1_171' title='bbox 1402 2550 1494 2630; x_wconf 84' lang='lat' dir='ltr'><strong>atque</strong></span> 
     </span>
     <span class='ocr_line' id='line_1_21' title="bbox 324 2659 1492 2748; baseline -0.001 -21"><span class='ocrx_word' id='word_1_172' title='bbox 324 2662 453 2729; x_wconf 87' lang='lat' dir='ltr'><strong>horrere</strong></span> <span class='ocrx_word' id='word_1_173' title='bbox 481 2681 575 2748; x_wconf 89' lang='lat' dir='ltr'><strong>super</strong></span> <span class='ocrx_word' id='word_1_174' title='bbox 603 2660 669 2726; x_wconf 91' lang='lat' dir='ltr'><strong>suis</strong></span> <span class='ocrx_word' id='word_1_175' title='bbox 698 2659 1006 2726; x_wconf 87' lang='lat' dir='ltr'><strong>abhominationibus</strong></span> <span class='ocrx_word' id='word_1_176' title='bbox 1033 2681 1153 2745; x_wconf 85' lang='lat' dir='ltr'><strong>suaque</strong></span> <span class='ocrx_word' id='word_1_177' title='bbox 1175 2659 1271 2746; x_wconf 86' lang='lat' dir='ltr'><strong>ydola</strong></span> <span class='ocrx_word' id='word_1_178' title='bbox 1299 2668 1332 2727; x_wconf 90' lang='lat' dir='ltr'><strong>et</strong></span> <span class='ocrx_word' id='word_1_179' title='bbox 1360 2681 1492 2744; x_wconf 90' lang='lat' dir='ltr'><strong>errores,</strong></span> 
     </span>
     <span class='ocr_line' id='line_1_22' title="bbox 325 2761 1161 2863; baseline -0.004 -18"><span class='ocrx_word' id='word_1_180' title='bbox 325 2778 438 2863; x_wconf 90' lang='lat' dir='ltr'><strong>quibus</strong></span> <span class='ocrx_word' id='word_1_181' title='bbox 461 2776 594 2844; x_wconf 90' lang='lat' dir='ltr'><strong>involuti</strong></span> <span class='ocrx_word' id='word_1_182' title='bbox 616 2761 814 2853; x_wconf 63' lang='lat' dir='ltr'><strong>misebuntur,</strong></span> <span class='ocrx_word' id='word_1_183' title='bbox 838 2779 980 2843; x_wconf 84' lang='lat' dir='ltr'><strong>execrari</strong></span> <span class='ocrx_word' id='word_1_184' title='bbox 1002 2783 1161 2863; x_wconf 90' lang='lat' dir='ltr'><strong>ceperunt.</strong></span> 
     </span>
    </p>

    <p class='ocr_par' dir='ltr' id='par_1_4' title="bbox 413 2889 1494 2981">
     <span class='ocr_line' id='line_1_23' title="bbox 413 2889 1494 2981; baseline -0.001 -20"><span class='ocrx_word' id='word_1_185' title='bbox 413 2895 589 2981; x_wconf 87' lang='lat' dir='ltr'><strong>Episcopus</strong></span> <span class='ocrx_word' id='word_1_186' title='bbox 619 2898 739 2976; x_wconf 88' lang='lat' dir='ltr'><strong>autem,</strong></span> <span class='ocrx_word' id='word_1_187' title='bbox 770 2898 912 2959; x_wconf 90' lang='lat' dir='ltr'><strong>tenorem</strong></span> <span class='ocrx_word' id='word_1_188' title='bbox 941 2895 1026 2980; x_wconf 90' lang='lat' dir='ltr'><strong>pacti</strong></span> <span class='ocrx_word' id='word_1_189' title='bbox 1035 2889 1053 2977; x_wconf 93' lang='lat'><strong>¹,</strong></span> <span class='ocrx_word' id='word_1_190' title='bbox 1083 2914 1145 2978; x_wconf 91' lang='lat' dir='ltr'><strong>qno</strong></span> <span class='ocrx_word' id='word_1_191' title='bbox 1175 2893 1214 2960; x_wconf 92' lang='lat' dir='ltr'><strong>ab</strong></span> <span class='ocrx_word' id='word_1_192' title='bbox 1238 2894 1285 2959; x_wconf 90' lang='lat' dir='ltr'><strong>eis</strong></span> <span class='ocrx_word' id='word_1_193' title='bbox 1311 2899 1494 2970; x_wconf 73' lang='lat' dir='ltr'><strong>recesserat</strong></span> 
     </span>
    </p>

    <p class='ocr_par' dir='ltr' id='par_1_5' title="bbox 292 3007 1502 4137">
     <span class='ocr_line' id='line_1_24' title="bbox 292 3007 1495 3096; baseline -0.002 -19"><span class='ocrx_word' id='word_1_194' title='bbox 292 3011 300 3018; x_wconf 87' lang='grc'><em>“</em></span> <span class='ocrx_word' id='word_1_195' title='bbox 325 3015 430 3078; x_wconf 88' lang='lat' dir='ltr'><strong>mente</strong></span> <span class='ocrx_word' id='word_1_196' title='bbox 452 3011 581 3092; x_wconf 88' lang='lat' dir='ltr'><strong>habens,</strong></span> <span class='ocrx_word' id='word_1_197' title='bbox 605 3009 764 3092; x_wconf 85' lang='lat' dir='ltr'><strong>cogitabat</strong></span> <span class='ocrx_word' id='word_1_198' title='bbox 788 3009 915 3092; x_wconf 89' lang='lat' dir='ltr'><strong>quidem</strong></span> <span class='ocrx_word' id='word_1_199' title='bbox 939 3010 1045 3076; x_wconf 88' lang='lat' dir='ltr'><strong>statim</strong></span> <span class='ocrx_word' id='word_1_200' title='bbox 1069 3014 1144 3096; x_wconf 88' lang='lat' dir='ltr'><strong>post</strong></span> <span class='ocrx_word' id='word_1_201' title='bbox 1164 3010 1400 3076; x_wconf 90' lang='lat' dir='ltr'><strong>couversionem</strong></span> <span class='ocrx_word' id='word_1_202' title='bbox 1425 3007 1495 3075; x_wconf 89' lang='lat' dir='ltr'><strong>Ste-</strong></span> 
     </span>
     <span class='ocr_line' id='line_1_25' title="bbox 325 3124 1497 3211; baseline 0 -20"><span class='ocrx_word' id='word_1_203' title='bbox 325 3126 390 3192; x_wconf 92' lang='lat' dir='ltr'><strong>tiue</strong></span> <span class='ocrx_word' id='word_1_204' title='bbox 413 3125 454 3192; x_wconf 87' lang='lat' dir='ltr'><strong>ad</strong></span> <span class='ocrx_word' id='word_1_205' title='bbox 477 3145 529 3192; x_wconf 89' lang='lat' dir='ltr'><strong>ecs</strong></span> <span class='ocrx_word' id='word_1_206' title='bbox 552 3143 739 3210; x_wconf 83' lang='lat' dir='ltr'><strong>properare3</strong></span> <span class='ocrx_word' id='word_1_207' title='bbox 769 3124 826 3191; x_wconf 87' lang='lat' dir='ltr'><strong>sod</strong></span> <span class='ocrx_word' id='word_1_208' title='bbox 854 3129 983 3208; x_wconf 87' lang='lat' dir='ltr'><strong>rogatus</strong></span> <span class='ocrx_word' id='word_1_209' title='bbox 1006 3131 1056 3192; x_wconf 91' lang='lat' dir='ltr'><strong>est</strong></span> <span class='ocrx_word' id='word_1_210' title='bbox 1077 3125 1139 3191; x_wconf 92' lang='lat' dir='ltr'><strong>duo</strong></span> <span class='ocrx_word' id='word_1_211' title='bbox 1168 3125 1257 3211; x_wconf 87' lang='lat' dir='ltr'><strong>prius</strong></span> <span class='ocrx_word' id='word_1_212' title='bbox 1285 3125 1423 3191; x_wconf 85' lang='lat' dir='ltr'><strong>invisere</strong></span> <span class='ocrx_word' id='word_1_213' title='bbox 1445 3144 1497 3190; x_wconf 81' lang='lat' dir='ltr'><strong>ua·</strong></span> 
     </span>
     <span class='ocr_line' id='line_1_26' title="bbox 326 3235 1497 3326; baseline 0 -20"><span class='ocrx_word' id='word_1_214' title='bbox 326 3240 426 3324; x_wconf 87' lang='lat' dir='ltr'><strong>stella,</strong></span> <span class='ocrx_word' id='word_1_215' title='bbox 450 3235 648 3306; x_wconf 81' lang='lat' dir='ltr'><strong>Gradiciam²</strong></span> <span class='ocrx_word' id='word_1_216' title='bbox 671 3238 819 3306; x_wconf 86' lang='lat' dir='ltr'><strong>videlieet</strong></span> <span class='ocrx_word' id='word_1_217' title='bbox 840 3247 873 3306; x_wconf 91' lang='lat' dir='ltr'><strong>et</strong></span> <span class='ocrx_word' id='word_1_218' title='bbox 893 3239 1069 3321; x_wconf 91' lang='lat' dir='ltr'><strong>Lubinum;</strong></span> <span class='ocrx_word' id='word_1_219' title='bbox 1097 3240 1213 3325; x_wconf 89' lang='lat' dir='ltr'><strong>quein</strong></span> <span class='ocrx_word' id='word_1_220' title='bbox 1236 3237 1370 3306; x_wconf 85' lang='lat' dir='ltr'><strong>confinio</strong></span> <span class='ocrx_word' id='word_1_221' title='bbox 1394 3240 1497 3326; x_wconf 85' lang='lat' dir='ltr'><strong>posita</strong></span> 
     </span>
     <span class='ocr_line' id='line_1_27' title="bbox 325 3355 1497 3441; baseline 0 -19"><span class='ocrx_word' id='word_1_222' title='bbox 325 3356 365 3422; x_wconf 89' lang='lat' dir='ltr'><strong>ad</strong></span> <span class='ocrx_word' id='word_1_223' title='bbox 388 3375 503 3441; x_wconf 87' lang='lat' dir='ltr'><strong>pagum</strong></span> <span class='ocrx_word' id='word_1_224' title='bbox 527 3355 728 3441; x_wconf 88' lang='lat' dir='ltr'><strong>pertinebant</strong></span> <span class='ocrx_word' id='word_1_225' title='bbox 744 3355 964 3424; x_wconf 86' lang='lat' dir='ltr'><strong>Stetiueusem.</strong></span> <span class='ocrx_word' id='word_1_226' title='bbox 1033 3357 1078 3422; x_wconf 89' lang='lat' dir='ltr'><strong>At</strong></span> <span class='ocrx_word' id='word_1_227' title='bbox 1093 3356 1145 3423; x_wconf 93' lang='lat' dir='ltr'><strong>ubi</strong></span> <span class='ocrx_word' id='word_1_228' title='bbox 1164 3356 1306 3424; x_wconf 90' lang='lat' dir='ltr'><strong>homiues</strong></span> <span class='ocrx_word' id='word_1_229' title='bbox 1322 3355 1379 3439; x_wconf 89' lang='lat' dir='ltr'><strong>illi,</strong></span> <span class='ocrx_word' id='word_1_230' title='bbox 1404 3355 1497 3422; x_wconf 90' lang='lat' dir='ltr'><strong>velud</strong></span> 
     </span>
     <span class='ocr_line' id='line_1_28' title="bbox 327 3470 1497 3558; baseline 0 -20"><span class='ocrx_word' id='word_1_231' title='bbox 327 3472 415 3538; x_wconf 88' lang='lat' dir='ltr'><strong>arida</strong></span> <span class='ocrx_word' id='word_1_232' title='bbox 443 3471 574 3538; x_wconf 91' lang='lat' dir='ltr'><strong>imbrem</strong></span> <span class='ocrx_word' id='word_1_233' title='bbox 599 3472 709 3538; x_wconf 89' lang='lat' dir='ltr'><strong>sitiens</strong></span> <span class='ocrx_word' id='word_1_234' title='bbox 733 3472 830 3540; x_wconf 88' lang='lat' dir='ltr'><strong>verba</strong></span> <span class='ocrx_word' id='word_1_235' title='bbox 852 3471 1008 3555; x_wconf 85' lang='lat' dir='ltr'><strong>euangelii</strong></span> <span class='ocrx_word' id='word_1_236' title='bbox 1035 3472 1258 3558; x_wconf 84' lang='lat' dir='ltr'><strong>suscipientes,</strong></span> <span class='ocrx_word' id='word_1_237' title='bbox 1287 3470 1362 3538; x_wconf 90' lang='lat' dir='ltr'><strong>tidei</strong></span> <span class='ocrx_word' id='word_1_238' title='bbox 1391 3491 1497 3538; x_wconf 86' lang='lat' dir='ltr'><strong>sacra·</strong></span> 
     </span>
     <span class='ocr_line' id='line_1_29' title="bbox 327 3586 1499 3672; baseline 0 -18"><span class='ocrx_word' id='word_1_239' title='bbox 327 3588 441 3654; x_wconf 88' lang='lat' dir='ltr'><strong>mentis</strong></span> <span class='ocrx_word' id='word_1_240' title='bbox 464 3587 578 3654; x_wconf 91' lang='lat' dir='ltr'><strong>imbuti</strong></span> <span class='ocrx_word' id='word_1_241' title='bbox 600 3593 683 3670; x_wconf 90' lang='lat' dir='ltr'><strong>sunt,</strong></span> <span class='ocrx_word' id='word_1_242' title='bbox 708 3592 869 3655; x_wconf 85' lang='lat' dir='ltr'><strong>exstructo</strong></span> <span class='ocrx_word' id='word_1_243' title='bbox 885 3586 977 3653; x_wconf 89' lang='lat' dir='ltr'><strong>altari</strong></span> <span class='ocrx_word' id='word_1_244' title='bbox 996 3594 1029 3655; x_wconf 88' lang='lat' dir='ltr'><strong>et</strong></span> <span class='ocrx_word' id='word_1_245' title='bbox 1043 3586 1235 3654; x_wconf 82' lang='lat' dir='ltr'><strong>sanctificato</strong></span> <span class='ocrx_word' id='word_1_246' title='bbox 1260 3607 1317 3672; x_wconf 87' lang='lat' dir='ltr'><strong>per</strong></span> <span class='ocrx_word' id='word_1_247' title='bbox 1332 3586 1499 3654; x_wconf 85' lang='lat' dir='ltr'><strong>castellum</strong></span> 
     </span>
     <span class='ocr_line' id='line_1_30' title="bbox 326 3701 1499 3790; baseline 0 -20"><span class='ocrx_word' id='word_1_248' title='bbox 326 3709 495 3789; x_wconf 89' lang='lat' dir='ltr'><strong>utrumque</strong></span> <span class='ocrx_word' id='word_1_249' title='bbox 517 3708 612 3788; x_wconf 89' lang='lat' dir='ltr'><strong>atque</strong></span> <span class='ocrx_word' id='word_1_250' title='bbox 635 3702 789 3770; x_wconf 90' lang='lat' dir='ltr'><strong>ordinatis</strong></span> <span class='ocrx_word' id='word_1_251' title='bbox 813 3702 878 3769; x_wconf 93' lang='lat' dir='ltr'><strong>illic</strong></span> <span class='ocrx_word' id='word_1_252' title='bbox 893 3703 1117 3788; x_wconf 88' lang='lat' dir='ltr'><strong>sacerdotibus,</strong></span> <span class='ocrx_word' id='word_1_253' title='bbox 1140 3725 1197 3790; x_wconf 90' lang='lat' dir='ltr'><strong>per</strong></span> <span class='ocrx_word' id='word_1_254' title='bbox 1218 3703 1356 3770; x_wconf 82' lang='lat' dir='ltr'><strong>Odorem</strong></span> <span class='ocrx_word' id='word_1_255' title='bbox 1380 3701 1499 3770; x_wconf 86' lang='lat' dir='ltr'><strong>flumen</strong></span> 
     </span>
     <span class='ocr_line' id='line_1_31' title="bbox 326 3815 1500 3906; baseline 0 -21"><span class='ocrx_word' id='word_1_256' title='bbox 326 3821 358 3885; x_wconf 93' lang='lat' dir='ltr'><strong>in</strong></span> <span class='ocrx_word' id='word_1_257' title='bbox 388 3815 493 3886; x_wconf 79' lang='lat' dir='ltr'><strong>mare³</strong></span> <span class='ocrx_word' id='word_1_258' title='bbox 520 3819 612 3906; x_wconf 93' lang='lat' dir='ltr'><strong>lapsi,</strong></span> <span class='ocrx_word' id='word_1_259' title='bbox 648 3825 740 3886; x_wconf 91' lang='lat' dir='ltr'><strong>vento</strong></span> <span class='ocrx_word' id='word_1_260' title='bbox 775 3819 899 3886; x_wconf 88' lang='lat' dir='ltr'><strong>meliori</strong></span> <span class='ocrx_word' id='word_1_261' title='bbox 932 3821 973 3886; x_wconf 90' lang='lat' dir='ltr'><strong>ad</strong></span> <span class='ocrx_word' id='word_1_262' title='bbox 999 3819 1101 3886; x_wconf 90' lang='lat' dir='ltr'><strong>luline</strong></span> <span class='ocrx_word' id='word_1_263' title='bbox 1130 3819 1239 3886; x_wconf 86' lang='lat' dir='ltr'><strong>littora</strong></span> <span class='ocrx_word' id='word_1_264' title='bbox 1266 3819 1500 3902; x_wconf 76' lang='lat' dir='ltr'><strong>navigavimus</strong></span> 
     </span>
     <span class='ocr_line' id='line_1_32' title="bbox 326 3933 1502 4022; baseline 0 -21"><span class='ocrx_word' id='word_1_265' title='bbox 326 3933 450 4013; x_wconf 81' lang='lat' dir='ltr'><strong>Quanto</strong></span> <span class='ocrx_word' id='word_1_266' title='bbox 484 3940 590 4002; x_wconf 90' lang='lat' dir='ltr'><strong>autem</strong></span> <span class='ocrx_word' id='word_1_267' title='bbox 619 3935 823 4002; x_wconf 84' lang='lat' dir='ltr'><strong>exultationis</strong></span> <span class='ocrx_word' id='word_1_268' title='bbox 854 3936 992 4021; x_wconf 88' lang='lat' dir='ltr'><strong>tripudio</strong></span> <span class='ocrx_word' id='word_1_269' title='bbox 1026 3935 1091 4001; x_wconf 92' lang='lat' dir='ltr'><strong>illic</strong></span> <span class='ocrx_word' id='word_1_270' title='bbox 1124 3936 1244 4022; x_wconf 81' lang='lat' dir='ltr'><strong>recepti</strong></span> <span class='ocrx_word' id='word_1_271' title='bbox 1276 3936 1434 4002; x_wconf 71' lang='lat' dir='ltr'><strong>fuedmus</strong></span> <span class='ocrx_word' id='word_1_272' title='bbox 1469 3941 1502 4001; x_wconf 92' lang='lat' dir='ltr'><strong>et</strong></span> 
     </span>
     <span class='ocr_line' id='line_1_33' title="bbox 328 4049 1501 4137; baseline 0 -21"><span class='ocrx_word' id='word_1_273' title='bbox 328 4061 446 4136; x_wconf 88' lang='lat' dir='ltr'><strong>quanta</strong></span> <span class='ocrx_word' id='word_1_274' title='bbox 467 4051 645 4117; x_wconf 88' lang='lat' dir='ltr'><strong>humilitate</strong></span> <span class='ocrx_word' id='word_1_275' title='bbox 667 4049 795 4116; x_wconf 88' lang='lat' dir='ltr'><strong>illorum</strong></span> <span class='ocrx_word' id='word_1_276' title='bbox 818 4057 851 4117; x_wconf 91' lang='lat' dir='ltr'><strong>et</strong></span> <span class='ocrx_word' id='word_1_277' title='bbox 872 4050 1085 4118; x_wconf 83' lang='lat' dir='ltr'><strong>satisfactione</strong></span> <span class='ocrx_word' id='word_1_278' title='bbox 1112 4052 1235 4137; x_wconf 88' lang='lat' dir='ltr'><strong>priores</strong></span> <span class='ocrx_word' id='word_1_279' title='bbox 1262 4049 1396 4117; x_wconf 90' lang='lat' dir='ltr'><strong>iniurias</strong></span> <span class='ocrx_word' id='word_1_280' title='bbox 1419 4050 1501 4118; x_wconf 94' lang='lat' dir='ltr'><strong>obli-</strong></span> 
     </span>
    </p>
   </div>
   <div class='ocr_carea' id='block_1_3' title="bbox 400 4225 1054 4288">
    <p class='ocr_par' dir='ltr' id='par_1_6' title="bbox 400 4225 1054 4288">
     <span class='ocr_line' id='line_1_34' title="bbox 400 4225 1054 4288; baseline 0 -14"><span class='ocrx_word' id='word_1_281' title='bbox 400 4243 420 4274; x_wconf 80' lang='lat' dir='ltr'><strong>a</strong></span> <span class='ocrx_word' id='word_1_282' title='bbox 445 4227 587 4288; x_wconf 77' lang='lat' dir='ltr'><strong>explorantes</strong></span> <span class='ocrx_word' id='word_1_283' title='bbox 605 4225 634 4282; x_wconf 86' lang='lat' dir='ltr'><strong>N,</strong></span> <span class='ocrx_word' id='word_1_284' title='bbox 652 4227 809 4287; x_wconf 78' lang='lat' dir='ltr'><strong>exploraturus</strong></span> <span class='ocrx_word' id='word_1_285' title='bbox 825 4228 854 4283; x_wconf 86' lang='lat' dir='ltr'><strong>B,</strong></span> <span class='ocrx_word' id='word_1_286' title='bbox 872 4228 1008 4288; x_wconf 81' lang='lat' dir='ltr'><strong>exploraturi</strong></span> <span class='ocrx_word' id='word_1_287' title='bbox 1024 4228 1054 4274; x_wconf 80' lang='lat' dir='ltr'><strong>R.</strong></span> 
     </span>
    </p>
   </div>
   <div class='ocr_carea' id='block_1_4' title="bbox 328 4322 1503 4465">
    <p class='ocr_par' dir='ltr' id='par_1_7' title="bbox 328 4322 1503 4465">
     <span class='ocr_line' id='line_1_35' title="bbox 400 4322 1503 4392; baseline -0.001 -14"><span class='ocrx_word' id='word_1_288' title='bbox 400 4326 424 4378; x_wconf 92' lang='lat' dir='ltr'><strong>l.</strong></span> <span class='ocrx_word' id='word_1_289' title='bbox 443 4323 478 4378; x_wconf 84' lang='lat' dir='ltr'><strong>V.</strong></span> <span class='ocrx_word' id='word_1_290' title='bbox 496 4337 556 4392; x_wconf 86' lang='lat' dir='ltr'><strong>cap.</strong></span> <span class='ocrx_word' id='word_1_291' title='bbox 570 4323 605 4376; x_wconf 77' lang='lat'><strong>‘25</strong></span> <span class='ocrx_word' id='word_1_292' title='bbox 629 4337 713 4392; x_wconf 87' lang='lat' dir='ltr'><strong>supra</strong></span> <span class='ocrx_word' id='word_1_293' title='bbox 730 4339 757 4392; x_wconf 89' lang='lat' dir='ltr'><strong>p.</strong></span> <span class='ocrx_word' id='word_1_294' title='bbox 772 4325 832 4377; x_wconf 79' lang='grc'><strong>770.</strong></span> <span class='ocrx_word' id='word_1_295' title='bbox 966 4325 992 4378; x_wconf 76' lang='lat'><strong>2.</strong></span> <span class='ocrx_word' id='word_1_296' title='bbox 1016 4323 1101 4391; x_wconf 79' lang='lat' dir='ltr'><strong>Gara,</strong></span> <span class='ocrx_word' id='word_1_297' title='bbox 1126 4322 1262 4379; x_wconf 77' lang='lat' dir='ltr'><strong>aStcttiu</strong></span> <span class='ocrx_word' id='word_1_298' title='bbox 1285 4323 1322 4377; x_wconf 83' lang='lat' dir='ltr'><strong>ad</strong></span> <span class='ocrx_word' id='word_1_299' title='bbox 1344 4322 1503 4378; x_wconf 85' lang='lat' dir='ltr'><strong>meridiem.</strong></span> 
     </span>
     <span class='ocr_line' id='line_1_36' title="bbox 328 4411 516 4465; baseline 0 -1"><span class='ocrx_word' id='word_1_300' title='bbox 328 4411 352 4464; x_wconf 84' lang='lat'><strong>3.</strong></span> <span class='ocrx_word' id='word_1_301' title='bbox 378 4411 428 4465; x_wconf 88' lang='lat' dir='ltr'><strong>dae</strong></span> <span class='ocrx_word' id='word_1_302' title='bbox 446 4411 516 4464; x_wconf 76' lang='lat' dir='ltr'><strong>llall&#39;.</strong></span> 
     </span>
    </p>
   </div>
   <div class='ocr_carea' id='block_1_5' title="bbox 0 0 1587 4850">
    <p class='ocr_par' dir='ltr' id='par_1_8' title="bbox 0 0 1587 4850">
     <span class='ocr_line' id='line_1_37' title="bbox 0 0 1587 4850; baseline 0 0"><span class='ocrx_word' id='word_1_303' title='bbox 0 0 1587 4850; x_wconf 95' lang='lat' dir='ltr'><strong> </strong></span> 
     </span>
    </p>
   </div>
  </div>
 </body>
</html>
