3142 4850
299 305 342 370 68
693 319 860 370 someron
881 319 1008 368 oonnx.
1043 317 1080 369 so

302 479 362 549 36.
387 480 564 566 Sipibidus
579 480 600 544 I
617 481 872 566 arehiepiscopum
887 479 1095 564 Mopuutiuus
1112 477 1296 543 Absoondro
1308 475 1351 540 11
1365 497 1473 562 papus

387 597 505 676 toribii,
528 617 571 676 se,
598 598 674 681 quio
696 595 854 660 7777777777
876 577 1004 660 iusum
1021 591 1290 660 Commissum
1309 612 1376 657 usu
1396 611 1472 656 eous-

386 725 545 791 seorossst,
576 713 706 776 uiuus
734 706 887 795 assuetum
914 732 987 776 esse.
1027 710 1081 776 De
1113 711 1234 796 syuodo
1261 729 1327 774 nou
1352 705 1472 772 babita-

389 827 504 912 177777,
528 849 568 892 us
583 827 750 910 Korotsuu,
775 826 912 892 Romam
924 838 1098 908 emturum,
1122 833 1303 891 sommae
1337 821 1378 904 (E
1394 819 1474 903 122)

131 968 221 1093 1717007
225 983 274 1093 77.
386 958 572 1046 Α777771777
595 959 751 1026 7777771777
774 965 807 1025 77
827 959 1001 1026 universali
1021 977 1125 1045 pupse
1146 954 1347 1025 Alexandro·
1376 953 1474 1039 Stigi·

206 1040 428 1157 ⁷1'¹¹¹iridus)
451 1073 655 1159 Mogontinae
678 1075 858 1161 speculator
881 1075 1031 1142 eeclesiae
1053 1073 1193 1141 debitum
1221 1077 1257 1139 ut
1277 1071 1363 1158 77777
1384 1089 1474 1137 7777-

298 1191 435 1258 rentium
458 1197 490 1257 77
513 1195 692 1278 promptam
715 1195 752 1257 ut
772 1196 862 1257 tento
888 1192 1010 1278 7777777
1033 1188 1253 1257 obedientiam

387 1305 572 1373 Altissimus
594 1305 649 1373 ille
671 1307 802 1373 deorum
821 1306 918 1389 Dens,
943 1306 997 1390 qui
1019 1305 1164 1372 eoelestis
1186 1303 1322 1371 miliciae
1345 1301 1474 1368 ordines

298 1422 344 1490 777
366 1421 536 1509 disposuit,
567 1427 603 1488 ut
625 1422 705 1489 71777
726 1422 820 1490 alteri
841 1422 1040 1508 praemineat
1066 1427 1098 1489 et
1128 1421 1169 1488 ed
1191 1419 1375 1505 obsequium
1398 1437 1475 1484 eon·

298 1537 410 1605 diteris
437 1538 541 1604 minor
569 1535 706 1620 dignius
736 1538 851 1604 meiori
878 1542 1007 1625 777777,
1035 1538 1105 1624 ipse
1132 1537 1167 1603 in
1193 1534 1326 1604 77717777
1347 1553 1407 1600 777
1427 1532 1477 1599 its

299 1653 446 1720 distinxit
473 1653 556 1720 77177
584 1671 657 1719 7777
686 1674 783 1740 77777
812 1653 983 1737 digium
1012 1673 1159 1737 enorum,
1186 1658 1238 1736 ut,
1269 1651 1351 1717 sient
1379 1647 1476 1715 stelle

299 1769 338 1837 717
355 1769 448 1837 stelle
463 1768 615 1839 7171777777
631 1769 786 1854 oleritate,
809 1769 856 1836 777
878 1769 959 1836 niter
981 1768 1117 1836 elterum
1131 1768 1300 1856 7777777177
1317 1765 1475 1834 excellen-

298 1885 380 1952 tiued
402 1885 565 1970 dignitate.
601 1884 692 1952 Hane
714 1890 821 1951 sutem
843 1884 998 1968 graduum
1021 1890 1053 1952 77
1067 1883 1242 1951 officiorum
1257 1882 1476 1949 diversitatem

297 2001 344 2069 777
371 2001 411 2068 ed
439 2021 536 2067 unenr
565 2001 687 2068 77717777
715 1999 916 2067 eonoordism
938 1999 1045 2066 unitos
1067 2000 1225 2084 7777777777,
1253 2005 1290 2065 nt
1316 1997 1417 2066 siout⁴
1439 1999 1477 2063 in

298 2117 416 2182 sanetis
450 2115 570 2200 angelis
604 2117 651 2183 777
684 2121 717 2182 77
750 2115 802 2183 1777
828 2135 893 2183 non
922 2115 965 2182 sit
991 2114 1113 2182 invidis
1140 2115 1273 2202 imperis
1306 2112 1475 2181 claritatis

297 2230 378 2310 Quia
401 2251 474 2317 ergo
502 2231 587 2298 idem
609 2231 795 2298 ditissimus
821 2251 895 2316 uos,
923 2231 968 2297 mi
990 2230 1162 2298 reverende
1183 2234 1284 2317 peter,
1308 2229 1477 2295 eonstitnit

297 2347 332 2414 in
353 2347 413 2414 hso
441 2367 513 2414 7777
536 2347 757 2436 praelationis,
788 2353 824 2414 nt
847 2347 914 2414 viee
937 2345 1022 2413 illius
1045 2346 1153 2432 magni
1174 2345 1261 2412 Petri
1283 2344 1354 2412 sitis
1377 2349 1478 2433 777777

297 2464 398 2531 tocius
434 2462 663 2531 ecclesiastieae
692 2464 872 2549 dignitatis,
905 2465 975 2531 inre
1003 2482 1038 2531 se
1067 2462 1174 2530 robis*
1204 2462 1308 2529 omnis
1340 2462 1477 2528 inferior

298 2578 374 2646 ordo
397 2579 582 2663 summittit,
611 2580 723 2647 merito
747 2581 851 2647 omnis
874 2580 1077 2647 menbrorum
1104 2578 1271 2646 7777771777
1293 2578 1475 2645 contextio·

298 2694 386 2762 uobis
420 2693 473 2763 utd
501 2696 599 2783 ospiti
628 2694 750 2781 obedit,
780 2696 870 2763 777777
899 2694 983 2781 qnod
1013 2695 1171 2782 7777777777
1204 2714 1260 2762 vas
1294 2692 1475 2761 eleetionis:

300 2812 410 2879 077777
433 2816 542 2879 auimo
563 2812 769 2900 potestatibus
792 2812 1027 2879 sublimioribus
1050 2814 1177 2878 subdus
1199 2806 1264 2877 ssb'.

385 2926 438 2994 Ad
460 2927 542 2995 hene
565 2928 797 3012 ergo'formem
825 2947 898 2994 oum
921 2926 1009 2995 vobis
1038 2926 1219 2994 exhiberem
1247 2925 1371 2993 71777777
1397 2924 1478 2993 sub-

297 3044 440 3111 iectionis
465 3042 691 3127 obedientiam,
714 3043 824 3109 multis
846 3042 937 3130 sepe'
957 3042 1083 3110 iniuriis
1106 3040 1236 3109 effeetus
1262 3062 1348 3126 sum,
1371 3040 1478 3108 mults

298 3157 387 3225 vobis
408 3158 540 3242 indigne
568 3166 600 3225 77
626 3158 705 3224 mihi
726 3158 940 3225 intolerabilis
968 3178 1081 3246 pessus
1111 3178 1191 3225 snm.
1227 3157 1371 3242 Namque
1391 3156 1479 3223 mibi

297 3273 415 3340 Romae
444 3274 548 3359 posito
575 3274 649 3339 77777
676 3294 752 3341 7777
780 3280 812 3342 77
840 3280 951 3361 postes
987 3273 1161 3362 apostoliea
1186 3274 1345 3358 1777777777
1372 3272 1477 3339 inter·

298 3388 439 3473 dixistis,
473 3409 513 3455 ne
543 3409 632 3473 eum,
668 3388 722 3476 qui
751 3390 933 3474 designatus
963 3396 1012 3457 est
1039 3391 1074 3458 in
1102 3390 1376 3458 constantiensem
1405 3388 1479 3474 epi·

298 3502 455 3591 seopum¹,
485 3504 568 3571 77117Ι
598 3505 691 3572 mode
720 3526 954 3588 eonseornrem3
984 3507 1058 3592 quis
1086 3506 1219 3574 audistis
1242 3506 1343 3591 elogio
1366 3524 1479 3590 symo-

298 3620 408 3687 nieeee
435 3620 581 3689 hereseos
610 3642 682 3689 eum
712 3642 781 3689 esse
808 3620 989 3689 notabilem.
1029 3622 1067 3689 In
1095 3623 1256 3709 qusquis
1283 3621 1371 3688 vobis
1399 3620 1479 3688 obe·

299 3735 374 3819 disi,
397 3736 511 3819 mults,
534 3742 571 3803 ut
591 3738 803 3824 praemissum
826 3744 889 3822 est,
919 3759 939 3804 7
960 3732 1199 3815 71777777777778
1222 3738 1356 3805 adverse
1377 3736 1480 3803 susti-

298 3850 381 3918 nuit
417 3853 599 3939 Timeoque,
623 3874 673 3920 me
696 3849 799 3920 7711777
820 3853 968 3937 graviore
981 3874 1149 3940 passurum
1172 3859 1207 3921 et
1220 3853 1370 3921 7777177777
1383 3872 1481 3919 meae

368 4078 388 4111 7.
412 4078 440 4111 se
454 4064 474 4110 V
487 4065 615 4121 ism-ss,
637 4064 659 4111 Ζ
669 4080 694 4126 p.
707 4066 817 4121 75—76'¹
834 4065 858 4111 B
873 4066 912 4122 31,
935 4065 1111 4115 Cibo-23:
1131 4066 1269 4127 Epistois
1285 4062 1400 4125 (Epistola
1415 4062 1478 4124 Bc)

299 4140 435 4201 sigifridi
459 4142 620 4201 Mogentini
644 4145 868 4205 archiepiscopi
892 4144 926 4191 sd
947 4145 1143 4193 Alexandrum
1164 4158 1282 4207 77777777
1310 4144 1332 4192 θ
1352 4145 1480 4194 29-30.

297 4220 443 4269 1777730.
506 4236 526 4269 7.
546 4223 584 4270 sis
600 4222 841 4285 67778677777177).
908 4225 932 4271 d
952 4224 1032 4272 osuii.
1095 4240 1115 4273 7.
1137 4225 1243 4273 eontsxio
1258 4223 1285 4272 G.
1347 4223 1479 4274 susa

298 4313 319 4359 g.
343 4300 406 4348 nullo
422 4300 448 4348 G.
530 4302 554 4349 h.
577 4303 680 4351 sustineo
696 4304 726 4349 B.

369 4422 581 4493 1.1som.13,1.
653 4424 679 4478 7.
698 4423 838 4480 suorum.
910 4426 937 4481 s.
956 4424 1085 4482 77777777
1103 4426 1143 4483 w
1161 4440 1237 4498 roge.
