<?xml version="1.0" encoding="UTF-8"?>
<!DOCTYPE html PUBLIC "-//W3C//DTD XHTML 1.0 Transitional//EN"
    "http://www.w3.org/TR/xhtml1/DTD/xhtml1-transitional.dtd">
<html xmlns="http://www.w3.org/1999/xhtml" xml:lang="en" lang="en">
 <head>
  <title>
</title>
<meta http-equiv="Content-Type" content="text/html;charset=utf-8" />
  <meta name='ocr-system' content='tesseract 3.04.00' />
  <meta name='ocr-capabilities' content='ocr_page ocr_carea ocr_par ocr_line ocrx_word'/>
</head>
<body>
  <div class='ocr_page' id='page_1' title='image "./bibliothecareru06jaffgoog_0037.png"; bbox 0 0 3142 4850; ppageno 0'>
   <div class='ocr_carea' id='block_1_1' title="bbox 317 292 1100 368">
    <p class='ocr_par' dir='ltr' id='par_1_1' title="bbox 317 292 1100 368">
     <span class='ocr_line' id='line_1_1' title="bbox 317 292 1100 368; baseline 0 -11"><span class='ocrx_word' id='word_1_1' title='bbox 317 292 359 358; x_wconf 88' lang='grc'><strong>18</strong></span> <span class='ocrx_word' id='word_1_2' title='bbox 697 308 864 358; x_wconf 67' lang='lat' dir='ltr'><strong>sniumei</strong></span> <span class='ocrx_word' id='word_1_3' title='bbox 886 307 1013 368; x_wconf 83' lang='lat' dir='ltr'><strong>oonnx.</strong></span> <span class='ocrx_word' id='word_1_4' title='bbox 1049 304 1100 357; x_wconf 84' lang='lat' dir='ltr'><strong>1.n</strong></span> 
     </span>
    </p>
   </div>
   <div class='ocr_carea' id='block_1_2' title="bbox 226 466 1411 1016">
    <p class='ocr_par' dir='ltr' id='par_1_2' title="bbox 226 466 1411 1016">
     <span class='ocr_line' id='line_1_2' title="bbox 226 466 1243 553; baseline -0.003 -18"><span class='ocrx_word' id='word_1_5' title='bbox 226 480 297 536; x_wconf 79' lang='lat'>1125</span> <span class='ocrx_word' id='word_1_6' title='bbox 405 467 466 534; x_wconf 88' lang='lat' dir='ltr'><strong>Dic</strong></span> <span class='ocrx_word' id='word_1_7' title='bbox 487 467 594 552; x_wconf 84' lang='lat' dir='ltr'><strong>igitur,</strong></span> <span class='ocrx_word' id='word_1_8' title='bbox 617 467 716 535; x_wconf 87' lang='lat' dir='ltr'><strong>lector</strong></span> <span class='ocrx_word' id='word_1_9' title='bbox 739 467 935 534; x_wconf 88' lang='lat' dir='ltr'><strong>dulcissime:</strong></span> <span class='ocrx_word' id='word_1_10' title='bbox 960 466 1027 548; x_wconf 69' lang='lat' dir='ltr'><strong>Qut</strong></span> <span class='ocrx_word' id='word_1_11' title='bbox 1038 467 1111 553; x_wconf 77' lang='lat' dir='ltr'><strong>soit</strong></span> <span class='ocrx_word' id='word_1_12' title='bbox 1132 480 1243 533; x_wconf 67' lang='lat' dir='ltr'><strong>aanor</strong></span> 
     </span>
     <span class='ocr_line' id='line_1_3' title="bbox 405 583 1063 671; baseline -0.005 -21"><span class='ocrx_word' id='word_1_13' title='bbox 405 584 501 650; x_wconf 80' lang='lat' dir='ltr'><strong>Istius</strong></span> <span class='ocrx_word' id='word_1_14' title='bbox 525 585 610 666; x_wconf 67' lang='lat' dir='ltr'><strong>lobni,</strong></span> <span class='ocrx_word' id='word_1_15' title='bbox 634 588 676 650; x_wconf 82' lang='lat' dir='ltr'><strong>sit</strong></span> <span class='ocrx_word' id='word_1_16' title='bbox 696 587 860 671; x_wconf 79' lang='lat' dir='ltr'><strong>propicius</strong></span> <span class='ocrx_word' id='word_1_17' title='bbox 882 583 971 648; x_wconf 73' lang='lat' dir='ltr'><strong>Deus</strong></span> <span class='ocrx_word' id='word_1_18' title='bbox 994 583 1063 659; x_wconf 69' lang='lat' dir='ltr'><strong>itti,-</strong></span> 
     </span>
     <span class='ocr_line' id='line_1_4' title="bbox 406 696 1273 786; baseline -0.005 -20"><span class='ocrx_word' id='word_1_19' title='bbox 406 698 569 786; x_wconf 62' lang='lat' dir='ltr'><strong>scopon</strong></span> <span class='ocrx_word' id='word_1_20' title='bbox 588 703 720 786; x_wconf 69' lang='lat' dir='ltr'><strong>pariter.</strong></span> <span class='ocrx_word' id='word_1_21' title='bbox 756 697 814 782; x_wconf 70' lang='lat' dir='ltr'><strong>Sit,</strong></span> <span class='ocrx_word' id='word_1_22' title='bbox 837 696 946 781; x_wconf 84' lang='lat' dir='ltr'><strong>lector,</strong></span> <span class='ocrx_word' id='word_1_23' title='bbox 970 716 1034 783; x_wconf 79' lang='lat' dir='ltr'><strong>pax</strong></span> <span class='ocrx_word' id='word_1_24' title='bbox 1056 696 1116 764; x_wconf 86' lang='lat' dir='ltr'><strong>tibi</strong></span> <span class='ocrx_word' id='word_1_25' title='bbox 1138 716 1273 784; x_wconf 87' lang='lat' dir='ltr'><strong>semper,</strong></span> 
     </span>
     <span class='ocr_line' id='line_1_5' title="bbox 404 812 1328 898; baseline -0.002 -18"><span class='ocrx_word' id='word_1_26' title='bbox 404 812 558 880; x_wconf 86' lang='lat' dir='ltr'><strong>Omnibus</strong></span> <span class='ocrx_word' id='word_1_27' title='bbox 581 818 676 898; x_wconf 79' lang='lat' dir='ltr'><strong>atque</strong></span> <span class='ocrx_word' id='word_1_28' title='bbox 698 813 800 897; x_wconf 86' lang='lat' dir='ltr'><strong>bonis,</strong></span> <span class='ocrx_word' id='word_1_29' title='bbox 822 813 960 879; x_wconf 91' lang='lat' dir='ltr'><strong>Domino</strong></span> <span class='ocrx_word' id='word_1_30' title='bbox 981 816 1174 898; x_wconf 74' lang='lat' dir='ltr'><strong>praestante,</strong></span> <span class='ocrx_word' id='word_1_31' title='bbox 1196 812 1328 894; x_wconf 58' lang='lat' dir='ltr'><strong>nusum</strong></span> 
     </span>
     <span class='ocr_line' id='line_1_6' title="bbox 350 927 1411 1016; baseline -0.001 -23"><span class='ocrx_word' id='word_1_32' title='bbox 350 947 380 994; x_wconf 79' lang='lat' dir='ltr'><strong>cs</strong></span> <span class='ocrx_word' id='word_1_33' title='bbox 404 927 463 994; x_wconf 79' lang='lat' dir='ltr'><strong>Cui</strong></span> <span class='ocrx_word' id='word_1_34' title='bbox 485 928 590 1014; x_wconf 86' lang='lat' dir='ltr'><strong>decus,</strong></span> <span class='ocrx_word' id='word_1_35' title='bbox 613 930 793 1016; x_wconf 88' lang='lat' dir='ltr'><strong>imperium,</strong></span> <span class='ocrx_word' id='word_1_36' title='bbox 816 928 886 994; x_wconf 86' lang='lat' dir='ltr'><strong>leus</strong></span> <span class='ocrx_word' id='word_1_37' title='bbox 910 933 969 1012; x_wconf 82' lang='lat' dir='ltr'><strong>est,</strong></span> <span class='ocrx_word' id='word_1_38' title='bbox 990 927 1092 994; x_wconf 88' lang='lat' dir='ltr'><strong>honor</strong></span> <span class='ocrx_word' id='word_1_39' title='bbox 1114 948 1207 994; x_wconf 89' lang='lat' dir='ltr'><strong>omne</strong></span> <span class='ocrx_word' id='word_1_40' title='bbox 1228 947 1286 1014; x_wconf 88' lang='lat' dir='ltr'><strong>per</strong></span> <span class='ocrx_word' id='word_1_41' title='bbox 1308 947 1411 994; x_wconf 86' lang='lat' dir='ltr'><strong>evum.</strong></span> 
     </span>
    </p>
   </div>
   <div class='ocr_carea' id='block_1_3' title="bbox 318 1215 1484 1309">
    <p class='ocr_par' dir='ltr' id='par_1_3' title="bbox 318 1215 1484 1309">
     <span class='ocr_line' id='line_1_7' title="bbox 318 1215 1484 1309; baseline -0.003 -21"><span class='ocrx_word' id='word_1_42' title='bbox 318 1217 353 1288; x_wconf 77' lang='grc'><strong>2.</strong></span> <span class='ocrx_word' id='word_1_43' title='bbox 382 1221 631 1308; x_wconf 73' lang='lat' dir='ltr'><strong>Inscciptiommc</strong></span> <span class='ocrx_word' id='word_1_44' title='bbox 654 1221 871 1309; x_wconf 70' lang='lat' dir='ltr'><strong>epistolarium</strong></span> <span class='ocrx_word' id='word_1_45' title='bbox 893 1220 1067 1306; x_wconf 59' lang='lat' dir='ltr'><strong>compet</strong></span> <span class='ocrx_word' id='word_1_46' title='bbox 1344 1217 1384 1299; x_wconf 80' lang='lat' dir='ltr'><strong>(E</strong></span> <span class='ocrx_word' id='word_1_47' title='bbox 1401 1215 1484 1300; x_wconf 77' lang='lat'><strong>122)</strong></span> 
     </span>
    </p>
   </div>
   <div class='ocr_carea' id='block_1_4' title="bbox 391 1374 1417 1447">
    <p class='ocr_par' dir='ltr' id='par_1_4' title="bbox 391 1374 1417 1447">
     <span class='ocr_line' id='line_1_8' title="bbox 391 1374 1417 1447; baseline -0.002 -15"><span class='ocrx_word' id='word_1_48' title='bbox 391 1376 568 1447; x_wconf 74' lang='lat' dir='ltr'><strong>Incipiunt</strong></span> <span class='ocrx_word' id='word_1_49' title='bbox 591 1378 826 1434; x_wconf 75' lang='lat' dir='ltr'><strong>salutationes</strong></span> <span class='ocrx_word' id='word_1_50' title='bbox 850 1375 1087 1447; x_wconf 75' lang='lat' dir='ltr'><strong>epistolarum.</strong></span> <span class='ocrx_word' id='word_1_51' title='bbox 1124 1374 1298 1431; x_wconf 71' lang='lat' dir='ltr'><strong>salutatio</strong></span> <span class='ocrx_word' id='word_1_52' title='bbox 1320 1390 1417 1446; x_wconf 78' lang='lat' dir='ltr'><strong>pepe.</strong></span> 
     </span>
    </p>
   </div>
   <div class='ocr_carea' id='block_1_5' title="bbox 316 1487 1509 2631">
    <p class='ocr_par' dir='ltr' id='par_1_5' title="bbox 316 1487 1509 2631">
     <span class='ocr_line' id='line_1_9' title="bbox 385 1487 1487 1562; baseline -0.003 -14"><span class='ocrx_word' id='word_1_53' title='bbox 385 1487 437 1548; x_wconf 50' lang='lat' dir='ltr'><strong>N)</strong></span> <span class='ocrx_word' id='word_1_54' title='bbox 456 1493 601 1562; x_wconf 87' lang='lat' dir='ltr'><strong>spiscopus</strong></span> <span class='ocrx_word' id='word_1_55' title='bbox 619 1507 715 1548; x_wconf 85' lang='lat' dir='ltr'><strong>servus</strong></span> <span class='ocrx_word' id='word_1_56' title='bbox 733 1508 874 1548; x_wconf 86' lang='lat' dir='ltr'><strong>servorum</strong></span> <span class='ocrx_word' id='word_1_57' title='bbox 887 1491 940 1546; x_wconf 85' lang='lat' dir='ltr'><strong>Dei</strong></span> <span class='ocrx_word' id='word_1_58' title='bbox 957 1490 1084 1546; x_wconf 85' lang='lat' dir='ltr'><strong>omnibns</strong></span> <span class='ocrx_word' id='word_1_59' title='bbox 1100 1490 1242 1547; x_wconf 86' lang='lat' dir='ltr'><strong>ortodoxis</strong></span> <span class='ocrx_word' id='word_1_60' title='bbox 1258 1487 1389 1545; x_wconf 76' lang='lat' dir='ltr'><strong>fratribus</strong></span> <span class='ocrx_word' id='word_1_61' title='bbox 1402 1489 1487 1545; x_wconf 77' lang='lat' dir='ltr'><strong>mobi-</strong></span> 
     </span>
     <span class='ocr_line' id='line_1_10' title="bbox 316 1585 1488 1660; baseline 0.001 -18"><span class='ocrx_word' id='word_1_62' title='bbox 316 1588 453 1659; x_wconf 87' lang='lat' dir='ltr'><strong>episcopis</strong></span> <span class='ocrx_word' id='word_1_63' title='bbox 475 1590 611 1660; x_wconf 89' lang='lat' dir='ltr'><strong>episcopis</strong></span> <span class='ocrx_word' id='word_1_64' title='bbox 635 1588 781 1646; x_wconf 74' lang='lat' dir='ltr'><strong>abbatibus</strong></span> <span class='ocrx_word' id='word_1_65' title='bbox 805 1595 889 1660; x_wconf 77' lang='lat' dir='ltr'><strong>utque</strong></span> <span class='ocrx_word' id='word_1_66' title='bbox 912 1587 1049 1644; x_wconf 81' lang='lat' dir='ltr'><strong>universis</strong></span> <span class='ocrx_word' id='word_1_67' title='bbox 1067 1592 1179 1644; x_wconf 79' lang='lat' dir='ltr'><strong>sanctus</strong></span> <span class='ocrx_word' id='word_1_68' title='bbox 1197 1588 1330 1644; x_wconf 77' lang='lat' dir='ltr'><strong>ecclesius</strong></span> <span class='ocrx_word' id='word_1_69' title='bbox 1347 1585 1488 1643; x_wconf 81' lang='lat' dir='ltr'><strong>ordinibus</strong></span> 
     </span>
     <span class='ocr_line' id='line_1_11' title="bbox 316 1683 1488 1757; baseline -0.001 -16"><span class='ocrx_word' id='word_1_70' title='bbox 316 1686 433 1741; x_wconf 85' lang='lat' dir='ltr'><strong>sulutem</strong></span> <span class='ocrx_word' id='word_1_71' title='bbox 451 1690 480 1742; x_wconf 84' lang='lat' dir='ltr'><strong>ct</strong></span> <span class='ocrx_word' id='word_1_72' title='bbox 498 1687 675 1757; x_wconf 71' lang='lat' dir='ltr'><strong>apostolicum</strong></span> <span class='ocrx_word' id='word_1_73' title='bbox 693 1685 922 1744; x_wconf 78' lang='lat' dir='ltr'><strong>benedictionem.</strong></span> <span class='ocrx_word' id='word_1_74' title='bbox 992 1685 1149 1756; x_wconf 87' lang='lat' dir='ltr'><strong>Episcopus</strong></span> <span class='ocrx_word' id='word_1_75' title='bbox 1164 1701 1188 1740; x_wconf 90' lang='lat' dir='ltr'><strong>s.</strong></span> <span class='ocrx_word' id='word_1_76' title='bbox 1201 1701 1224 1741; x_wconf 88' lang='lat' dir='ltr'><strong>s.</strong></span> <span class='ocrx_word' id='word_1_77' title='bbox 1235 1685 1270 1740; x_wconf 87' lang='lat' dir='ltr'><strong>D.</strong></span> <span class='ocrx_word' id='word_1_78' title='bbox 1283 1684 1317 1740; x_wconf 94' lang='lat' dir='ltr'><strong>N.</strong></span> <span class='ocrx_word' id='word_1_79' title='bbox 1330 1685 1394 1741; x_wconf 89' lang='lat' dir='ltr'><strong>olim</strong></span> <span class='ocrx_word' id='word_1_80' title='bbox 1414 1683 1488 1740; x_wconf 83' lang='lat' dir='ltr'><strong>dicto</strong></span> 
     </span>
     <span class='ocr_line' id='line_1_12' title="bbox 316 1781 1488 1854; baseline -0.001 -16"><span class='ocrx_word' id='word_1_81' title='bbox 316 1783 447 1854; x_wconf 87' lang='lat' dir='ltr'><strong>episcopo</strong></span> <span class='ocrx_word' id='word_1_82' title='bbox 470 1789 499 1840; x_wconf 88' lang='lat' dir='ltr'><strong>et</strong></span> <span class='ocrx_word' id='word_1_83' title='bbox 516 1782 680 1854; x_wconf 76' lang='lat' dir='ltr'><strong>sequacibus</strong></span> <span class='ocrx_word' id='word_1_84' title='bbox 699 1784 769 1854; x_wconf 88' lang='lat' dir='ltr'><strong>suis,</strong></span> <span class='ocrx_word' id='word_1_85' title='bbox 793 1798 864 1853; x_wconf 83' lang='lat' dir='ltr'><strong>quse</strong></span> <span class='ocrx_word' id='word_1_86' title='bbox 883 1787 1029 1838; x_wconf 84' lang='lat' dir='ltr'><strong>merentur.</strong></span> <span class='ocrx_word' id='word_1_87' title='bbox 1100 1781 1254 1852; x_wconf 84' lang='lat' dir='ltr'><strong>Episcopus</strong></span> <span class='ocrx_word' id='word_1_88' title='bbox 1272 1798 1295 1837; x_wconf 88' lang='lat' dir='ltr'><strong>s.</strong></span> <span class='ocrx_word' id='word_1_89' title='bbox 1310 1798 1333 1837; x_wconf 88' lang='lat' dir='ltr'><strong>s.</strong></span> <span class='ocrx_word' id='word_1_90' title='bbox 1348 1781 1384 1838; x_wconf 89' lang='lat' dir='ltr'><strong>D.</strong></span> <span class='ocrx_word' id='word_1_91' title='bbox 1403 1781 1488 1837; x_wconf 79' lang='lat' dir='ltr'><strong>urchi·</strong></span> 
     </span>
     <span class='ocr_line' id='line_1_13' title="bbox 317 1879 1489 1952; baseline -0.001 -17"><span class='ocrx_word' id='word_1_92' title='bbox 317 1881 453 1951; x_wconf 87' lang='lat' dir='ltr'><strong>episcopis</strong></span> <span class='ocrx_word' id='word_1_93' title='bbox 477 1882 614 1952; x_wconf 84' lang='lat' dir='ltr'><strong>episcopis</strong></span> <span class='ocrx_word' id='word_1_94' title='bbox 632 1879 778 1937; x_wconf 76' lang='lat' dir='ltr'><strong>abbatibus</strong></span> <span class='ocrx_word' id='word_1_95' title='bbox 796 1880 825 1936; x_wconf 89' lang='lat' dir='ltr'><strong>in</strong></span> <span class='ocrx_word' id='word_1_96' title='bbox 843 1879 933 1936; x_wconf 72' lang='lat' dir='ltr'><strong>unua</strong></span> <span class='ocrx_word' id='word_1_97' title='bbox 949 1879 1118 1949; x_wconf 59' lang='lat' dir='ltr'><strong>constitute,</strong></span> <span class='ocrx_word' id='word_1_98' title='bbox 1143 1879 1191 1949; x_wconf 91' lang='lat' dir='ltr'><strong>qui</strong></span> <span class='ocrx_word' id='word_1_99' title='bbox 1206 1880 1237 1934; x_wconf 92' lang='lat' dir='ltr'><strong>in</strong></span> <span class='ocrx_word' id='word_1_100' title='bbox 1254 1879 1360 1949; x_wconf 70' lang='lat' dir='ltr'><strong>munio</strong></span> <span class='ocrx_word' id='word_1_101' title='bbox 1376 1885 1489 1935; x_wconf 73' lang='lat' dir='ltr'><strong>motas</strong></span> 
     </span>
     <span class='ocr_line' id='line_1_14' title="bbox 317 1973 1488 2049; baseline -0.001 -17"><span class='ocrx_word' id='word_1_102' title='bbox 317 1979 458 2033; x_wconf 73' lang='lat' dir='ltr'><strong>Romanae</strong></span> <span class='ocrx_word' id='word_1_103' title='bbox 481 1979 614 2036; x_wconf 72' lang='lat' dir='ltr'><strong>ecclcsiae</strong></span> <span class='ocrx_word' id='word_1_104' title='bbox 635 1993 796 2048; x_wconf 72' lang='lat' dir='ltr'><strong>permanere</strong></span> <span class='ocrx_word' id='word_1_105' title='bbox 819 1976 961 2046; x_wconf 82' lang='lat' dir='ltr'><strong>videntur,</strong></span> <span class='ocrx_word' id='word_1_106' title='bbox 985 1991 1008 2032; x_wconf 90' lang='lat' dir='ltr'><strong>s.</strong></span> <span class='ocrx_word' id='word_1_107' title='bbox 1025 1980 1054 2031; x_wconf 88' lang='lat' dir='ltr'><strong>et</strong></span> <span class='ocrx_word' id='word_1_108' title='bbox 1071 1992 1097 2031; x_wconf 78' lang='lat' dir='ltr'><strong>o.</strong></span> <span class='ocrx_word' id='word_1_109' title='bbox 1109 1973 1137 2031; x_wconf 92' lang='lat' dir='ltr'><strong>b.</strong></span> <span class='ocrx_word' id='word_1_110' title='bbox 1209 1975 1365 2049; x_wconf 76' lang='lat' dir='ltr'><strong>Episcopus</strong></span> <span class='ocrx_word' id='word_1_111' title='bbox 1381 1993 1405 2034; x_wconf 89' lang='lat' dir='ltr'><strong>s.</strong></span> <span class='ocrx_word' id='word_1_112' title='bbox 1418 1993 1441 2033; x_wconf 89' lang='lat' dir='ltr'><strong>s.</strong></span> <span class='ocrx_word' id='word_1_113' title='bbox 1454 1978 1488 2032; x_wconf 92' lang='lat' dir='ltr'><strong>D.</strong></span> 
     </span>
     <span class='ocr_line' id='line_1_15' title="bbox 317 2072 1489 2146; baseline 0.001 -17"><span class='ocrx_word' id='word_1_114' title='bbox 317 2073 445 2131; x_wconf 88' lang='lat' dir='ltr'><strong>omnibus</strong></span> <span class='ocrx_word' id='word_1_115' title='bbox 475 2074 687 2146; x_wconf 74' lang='lat' dir='ltr'><strong>archiepiscopis</strong></span> <span class='ocrx_word' id='word_1_116' title='bbox 715 2075 869 2146; x_wconf 75' lang='lat' dir='ltr'><strong>episcopis⁶</strong></span> <span class='ocrx_word' id='word_1_117' title='bbox 894 2072 1043 2130; x_wconf 80' lang='lat' dir='ltr'><strong>sbbcbbus</strong></span> <span class='ocrx_word' id='word_1_118' title='bbox 1069 2073 1187 2130; x_wconf 86' lang='lat' dir='ltr'><strong>ducibus</strong></span> <span class='ocrx_word' id='word_1_119' title='bbox 1215 2074 1418 2132; x_wconf 74' lang='lat' dir='ltr'><strong>marchionibus</strong></span> <span class='ocrx_word' id='word_1_120' title='bbox 1445 2090 1489 2130; x_wconf 79' lang='lat' dir='ltr'><strong>co</strong></span> 
     </span>
     <span class='ocr_line' id='line_1_16' title="bbox 318 2168 1490 2244; baseline 0.003 -19"><span class='ocrx_word' id='word_1_121' title='bbox 318 2170 430 2226; x_wconf 86' lang='lat' dir='ltr'><strong>mitibus</strong></span> <span class='ocrx_word' id='word_1_122' title='bbox 451 2169 632 2242; x_wconf 88' lang='lat' dir='ltr'><strong>omnibusque</strong></span> <span class='ocrx_word' id='word_1_123' title='bbox 655 2171 830 2228; x_wconf 76' lang='lat' dir='ltr'><strong>christianam</strong></span> <span class='ocrx_word' id='word_1_124' title='bbox 852 2169 953 2227; x_wconf 72' lang='lat' dir='ltr'><strong>iidem*¹</strong></span> <span class='ocrx_word' id='word_1_125' title='bbox 971 2176 1001 2226; x_wconf 87' lang='lat' dir='ltr'><strong>ct</strong></span> <span class='ocrx_word' id='word_1_126' title='bbox 1016 2168 1092 2226; x_wconf 81' lang='lat' dir='ltr'><strong>beati</strong></span> <span class='ocrx_word' id='word_1_127' title='bbox 1109 2171 1183 2225; x_wconf 77' lang='lat' dir='ltr'><strong>Petit</strong></span> <span class='ocrx_word' id='word_1_128' title='bbox 1205 2171 1336 2242; x_wconf 82' lang='lat' dir='ltr'><strong>principis</strong></span> <span class='ocrx_word' id='word_1_129' title='bbox 1353 2173 1490 2244; x_wconf 74' lang='lat' dir='ltr'><strong>apostolo</strong></span> 
     </span>
     <span class='ocr_line' id='line_1_17' title="bbox 317 2259 1490 2338; baseline 0.002 -15"><span class='ocrx_word' id='word_1_130' title='bbox 317 2259 394 2323; x_wconf 68' lang='lat' dir='ltr'><strong>ium·</strong></span> <span class='ocrx_word' id='word_1_131' title='bbox 412 2267 564 2324; x_wconf 80' lang='lat' dir='ltr'><strong>docti-inum</strong></span> <span class='ocrx_word' id='word_1_132' title='bbox 587 2267 799 2325; x_wconf 79' lang='lat' dir='ltr'><strong>defendentibus</strong></span> <span class='ocrx_word' id='word_1_133' title='bbox 820 2273 851 2324; x_wconf 86' lang='lat' dir='ltr'><strong>et</strong></span> <span class='ocrx_word' id='word_1_134' title='bbox 871 2266 1083 2332; x_wconf 80' lang='lat' dir='ltr'><strong>observantibus</strong></span> <span class='ocrx_word' id='word_1_135' title='bbox 1100 2268 1129 2322; x_wconf 89' lang='lat' dir='ltr'><strong>in</strong></span> <span class='ocrx_word' id='word_1_136' title='bbox 1146 2270 1221 2324; x_wconf 86' lang='lat' dir='ltr'><strong>omni</strong></span> <span class='ocrx_word' id='word_1_137' title='bbox 1238 2282 1324 2338; x_wconf 74' lang='lat' dir='ltr'><strong>regno</strong></span> <span class='ocrx_word' id='word_1_138' title='bbox 1341 2269 1490 2325; x_wconf 87' lang='lat' dir='ltr'><strong>Theutoni·</strong></span> 
     </span>
     <span class='ocr_line' id='line_1_18' title="bbox 318 2364 1492 2438; baseline 0.002 -17"><span class='ocrx_word' id='word_1_139' title='bbox 318 2379 411 2421; x_wconf 87' lang='lat' dir='ltr'><strong>corum</strong></span> <span class='ocrx_word' id='word_1_140' title='bbox 435 2367 552 2421; x_wconf 78' lang='lat' dir='ltr'><strong>salntem</strong></span> <span class='ocrx_word' id='word_1_141' title='bbox 576 2371 605 2420; x_wconf 83' lang='lat' dir='ltr'><strong>et</strong></span> <span class='ocrx_word' id='word_1_142' title='bbox 623 2367 808 2438; x_wconf 76' lang='lat' dir='ltr'><strong>apostolorum</strong></span> <span class='ocrx_word' id='word_1_143' title='bbox 825 2365 969 2421; x_wconf 72' lang='lat' dir='ltr'><strong>beatorum</strong></span> <span class='ocrx_word' id='word_1_144' title='bbox 987 2364 1062 2420; x_wconf 83' lang='lat' dir='ltr'><strong>Petri</strong></span> <span class='ocrx_word' id='word_1_145' title='bbox 1078 2369 1107 2419; x_wconf 87' lang='lat' dir='ltr'><strong>et</strong></span> <span class='ocrx_word' id='word_1_146' title='bbox 1124 2365 1201 2421; x_wconf 75' lang='lat' dir='ltr'><strong>Pauu</strong></span> <span class='ocrx_word' id='word_1_147' title='bbox 1218 2365 1439 2422; x_wconf 80' lang='lat' dir='ltr'><strong>benedictionem</strong></span> <span class='ocrx_word' id='word_1_148' title='bbox 1463 2371 1492 2424; x_wconf 83' lang='lat' dir='ltr'><strong>et</strong></span> 
     </span>
     <span class='ocr_line' id='line_1_19' title="bbox 318 2463 1509 2534; baseline 0.002 -15"><span class='ocrx_word' id='word_1_149' title='bbox 318 2464 440 2519; x_wconf 73' lang='lat' dir='ltr'><strong>nmmum</strong></span> <span class='ocrx_word' id='word_1_150' title='bbox 457 2468 633 2534; x_wconf 75' lang='lat' dir='ltr'><strong>peccatorum</strong></span> <span class='ocrx_word' id='word_1_151' title='bbox 652 2463 860 2520; x_wconf 76' lang='lat' dir='ltr'><strong>absolutionem.</strong></span> <span class='ocrx_word' id='word_1_152' title='bbox 930 2463 1085 2533; x_wconf 80' lang='lat' dir='ltr'><strong>Episcopus</strong></span> <span class='ocrx_word' id='word_1_153' title='bbox 1103 2480 1125 2520; x_wconf 90' lang='lat' dir='ltr'><strong>s.</strong></span> <span class='ocrx_word' id='word_1_154' title='bbox 1138 2480 1161 2519; x_wconf 91' lang='lat' dir='ltr'><strong>s.</strong></span> <span class='ocrx_word' id='word_1_155' title='bbox 1174 2465 1208 2520; x_wconf 91' lang='lat' dir='ltr'><strong>D.</strong></span> <span class='ocrx_word' id='word_1_156' title='bbox 1220 2464 1322 2521; x_wconf 84' lang='lat' dir='ltr'><strong>dilecto</strong></span> <span class='ocrx_word' id='word_1_157' title='bbox 1339 2464 1368 2520; x_wconf 89' lang='lat' dir='ltr'><strong>in</strong></span> <span class='ocrx_word' id='word_1_158' title='bbox 1380 2464 1509 2531; x_wconf 55' lang='lat' dir='ltr'><strong>(ibristo⁴</strong></span> 
     </span>
     <span class='ocr_line' id='line_1_20' title="bbox 317 2558 1117 2631; baseline 0.004 -16"><span class='ocrx_word' id='word_1_159' title='bbox 317 2558 374 2617; x_wconf 88' lang='lat' dir='ltr'><strong>filio</strong></span> <span class='ocrx_word' id='word_1_160' title='bbox 393 2561 435 2617; x_wconf 92' lang='lat' dir='ltr'><strong>.N.</strong></span> <span class='ocrx_word' id='word_1_161' title='bbox 453 2560 638 2617; x_wconf 76' lang='lat' dir='ltr'><strong>Romanorum</strong></span> <span class='ocrx_word' id='word_1_162' title='bbox 655 2560 813 2631; x_wconf 76' lang='lat' dir='ltr'><strong>imperatori</strong></span> <span class='ocrx_word' id='word_1_163' title='bbox 831 2566 952 2631; x_wconf 70' lang='lat' dir='ltr'><strong>unguem</strong></span> <span class='ocrx_word' id='word_1_164' title='bbox 968 2576 992 2617; x_wconf 89' lang='lat' dir='ltr'><strong>s.</strong></span> <span class='ocrx_word' id='word_1_165' title='bbox 1005 2567 1034 2617; x_wconf 89' lang='lat' dir='ltr'><strong>et</strong></span> <span class='ocrx_word' id='word_1_166' title='bbox 1050 2579 1076 2618; x_wconf 65' lang='lat' dir='ltr'><strong>s.</strong></span> <span class='ocrx_word' id='word_1_167' title='bbox 1088 2562 1117 2618; x_wconf 94' lang='lat' dir='ltr'><strong>b.</strong></span> 
     </span>
    </p>
   </div>
   <div class='ocr_carea' id='block_1_6' title="bbox 348 2725 1462 2799">
    <p class='ocr_par' dir='ltr' id='par_1_6' title="bbox 348 2725 1462 2799">
     <span class='ocr_line' id='line_1_21' title="bbox 348 2725 1462 2799; baseline 0.004 -16"><span class='ocrx_word' id='word_1_168' title='bbox 348 2725 524 2784; x_wconf 73' lang='lat' dir='ltr'><strong>salutatio</strong></span> <span class='ocrx_word' id='word_1_169' title='bbox 543 2728 637 2798; x_wconf 86' lang='lat' dir='ltr'><strong>regis</strong></span> <span class='ocrx_word' id='word_1_170' title='bbox 655 2728 711 2784; x_wconf 85' lang='lat' dir='ltr'><strong>vel</strong></span> <span class='ocrx_word' id='word_1_171' title='bbox 729 2728 955 2798; x_wconf 75' lang='lat' dir='ltr'><strong>imperatoris</strong></span> <span class='ocrx_word' id='word_1_172' title='bbox 973 2728 1016 2782; x_wconf 79' lang='lat' dir='ltr'><strong>ud</strong></span> <span class='ocrx_word' id='word_1_173' title='bbox 1033 2745 1153 2799; x_wconf 78' lang='lat' dir='ltr'><strong>popum</strong></span> <span class='ocrx_word' id='word_1_174' title='bbox 1172 2737 1207 2786; x_wconf 90' lang='lat' dir='ltr'><strong>et</strong></span> <span class='ocrx_word' id='word_1_175' title='bbox 1224 2730 1265 2786; x_wconf 83' lang='lat' dir='ltr'><strong>sd</strong></span> <span class='ocrx_word' id='word_1_176' title='bbox 1282 2732 1462 2788; x_wconf 79' lang='lat' dir='ltr'><strong>Romanos</strong></span> 
     </span>
    </p>
   </div>
   <div class='ocr_carea' id='block_1_7' title="bbox 318 2850 1494 3503">
    <p class='ocr_par' dir='ltr' id='par_1_7' title="bbox 318 2850 1494 3503">
     <span class='ocr_line' id='line_1_22' title="bbox 389 2850 1491 2933; baseline 0.003 -26"><span class='ocrx_word' id='word_1_177' title='bbox 389 2851 497 2908; x_wconf 92' lang='lat' dir='ltr'><strong>Domno</strong></span> <span class='ocrx_word' id='word_1_178' title='bbox 522 2852 564 2909; x_wconf 93' lang='lat' dir='ltr'><strong>.N.</strong></span> <span class='ocrx_word' id='word_1_179' title='bbox 589 2866 695 2906; x_wconf 88' lang='lat' dir='ltr'><strong>summo</strong></span> <span class='ocrx_word' id='word_1_180' title='bbox 723 2850 846 2921; x_wconf 85' lang='lat' dir='ltr'><strong>pontifici</strong></span> <span class='ocrx_word' id='word_1_181' title='bbox 871 2852 913 2908; x_wconf 92' lang='lat' dir='ltr'><strong>.N.</strong></span> <span class='ocrx_word' id='word_1_182' title='bbox 936 2853 989 2907; x_wconf 89' lang='lat' dir='ltr'><strong>Dei</strong></span> <span class='ocrx_word' id='word_1_183' title='bbox 1015 2855 1105 2933; x_wconf 76' lang='lat' dir='ltr'><strong>gretie</strong></span> <span class='ocrx_word' id='word_1_184' title='bbox 1132 2855 1317 2910; x_wconf 77' lang='lat' dir='ltr'><strong>Romanorum</strong></span> <span class='ocrx_word' id='word_1_185' title='bbox 1343 2854 1491 2925; x_wconf 69' lang='lat' dir='ltr'><strong>imperator</strong></span> 
     </span>
     <span class='ocr_line' id='line_1_23' title="bbox 319 2948 1490 3022; baseline 0.002 -17"><span class='ocrx_word' id='word_1_186' title='bbox 319 2954 454 3019; x_wconf 72' lang='lat' dir='ltr'><strong>augustus</strong></span> <span class='ocrx_word' id='word_1_187' title='bbox 476 2949 660 3006; x_wconf 79' lang='lat' dir='ltr'><strong>obedientiam</strong></span> <span class='ocrx_word' id='word_1_188' title='bbox 684 2953 713 3004; x_wconf 88' lang='lat' dir='ltr'><strong>ct</strong></span> <span class='ocrx_word' id='word_1_189' title='bbox 735 2948 908 3004; x_wconf 82' lang='lat' dir='ltr'><strong>dilectionem</strong></span> <span class='ocrx_word' id='word_1_190' title='bbox 932 2950 962 3005; x_wconf 88' lang='lat' dir='ltr'><strong>in</strong></span> <span class='ocrx_word' id='word_1_191' title='bbox 979 2948 1088 3006; x_wconf 80' lang='lat' dir='ltr'><strong>cbristo</strong></span> <span class='ocrx_word' id='word_1_192' title='bbox 1106 2950 1188 3007; x_wconf 89' lang='lat' dir='ltr'><strong>velud</strong></span> <span class='ocrx_word' id='word_1_193' title='bbox 1212 2952 1284 3022; x_wconf 80' lang='lat' dir='ltr'><strong>petri</strong></span> <span class='ocrx_word' id='word_1_194' title='bbox 1303 2950 1385 3007; x_wconf 85' lang='lat' dir='ltr'><strong>filius.</strong></span> <span class='ocrx_word' id='word_1_195' title='bbox 1456 2951 1490 3008; x_wconf 95' lang='lat' dir='ltr'><strong>N.</strong></span> 
     </span>
     <span class='ocr_line' id='line_1_24' title="bbox 318 3044 1491 3120; baseline 0.004 -20"><span class='ocrx_word' id='word_1_196' title='bbox 318 3045 371 3101; x_wconf 87' lang='lat' dir='ltr'><strong>Dei</strong></span> <span class='ocrx_word' id='word_1_197' title='bbox 389 3046 478 3115; x_wconf 73' lang='lat' dir='ltr'><strong>grstia</strong></span> <span class='ocrx_word' id='word_1_198' title='bbox 494 3046 680 3101; x_wconf 78' lang='lat' dir='ltr'><strong>Romanorum</strong></span> <span class='ocrx_word' id='word_1_199' title='bbox 698 3044 860 3115; x_wconf 82' lang='lat' dir='ltr'><strong>lmperctor¹</strong></span> <span class='ocrx_word' id='word_1_200' title='bbox 876 3046 1034 3104; x_wconf 85' lang='lat' dir='ltr'><strong>consuhbus</strong></span> <span class='ocrx_word' id='word_1_201' title='bbox 1051 3048 1157 3104; x_wconf 76' lang='lat' dir='ltr'><strong>senatui</strong></span> <span class='ocrx_word' id='word_1_202' title='bbox 1169 3050 1271 3120; x_wconf 89' lang='lat' dir='ltr'><strong>populo</strong></span> <span class='ocrx_word' id='word_1_203' title='bbox 1283 3049 1416 3119; x_wconf 68' lang='lat' dir='ltr'><strong>Romano,</strong></span> <span class='ocrx_word' id='word_1_204' title='bbox 1434 3065 1491 3105; x_wconf 83' lang='lat' dir='ltr'><strong>ms·</strong></span> 
     </span>
     <span class='ocr_line' id='line_1_25' title="bbox 318 3140 1494 3217; baseline 0.005 -20"><span class='ocrx_word' id='word_1_205' title='bbox 318 3140 422 3197; x_wconf 86' lang='lat' dir='ltr'><strong>ionbus</strong></span> <span class='ocrx_word' id='word_1_206' title='bbox 440 3146 470 3197; x_wconf 84' lang='lat' dir='ltr'><strong>et</strong></span> <span class='ocrx_word' id='word_1_207' title='bbox 487 3141 644 3211; x_wconf 86' lang='lat' dir='ltr'><strong>minoribus,</strong></span> <span class='ocrx_word' id='word_1_208' title='bbox 662 3142 780 3212; x_wconf 70' lang='lat' dir='ltr'><strong>gretiam</strong></span> <span class='ocrx_word' id='word_1_209' title='bbox 798 3157 877 3198; x_wconf 81' lang='lat' dir='ltr'><strong>susm</strong></span> <span class='ocrx_word' id='word_1_210' title='bbox 895 3158 957 3199; x_wconf 86' lang='lat' dir='ltr'><strong>cum</strong></span> <span class='ocrx_word' id='word_1_211' title='bbox 972 3142 1048 3200; x_wconf 83' lang='lat' dir='ltr'><strong>bons</strong></span> <span class='ocrx_word' id='word_1_212' title='bbox 1062 3148 1214 3203; x_wconf 73' lang='lat' dir='ltr'><strong>voluntate.</strong></span> <span class='ocrx_word' id='word_1_213' title='bbox 1285 3148 1318 3203; x_wconf 93' lang='lat' dir='ltr'><strong>N.</strong></span> <span class='ocrx_word' id='word_1_214' title='bbox 1331 3147 1385 3203; x_wconf 84' lang='lat' dir='ltr'><strong>Dei</strong></span> <span class='ocrx_word' id='word_1_215' title='bbox 1402 3148 1494 3217; x_wconf 69' lang='lat' dir='ltr'><strong>mus</strong></span> 
     </span>
     <span class='ocr_line' id='line_1_26' title="bbox 319 3239 1493 3314; baseline 0.006 -21"><span class='ocrx_word' id='word_1_216' title='bbox 319 3239 504 3294; x_wconf 73' lang='lat' dir='ltr'><strong>Romanorum</strong></span> <span class='ocrx_word' id='word_1_217' title='bbox 526 3240 676 3309; x_wconf 84' lang='lat' dir='ltr'><strong>impcrnto&#39;r</strong></span> <span class='ocrx_word' id='word_1_218' title='bbox 698 3239 852 3309; x_wconf 74' lang='lat' dir='ltr'><strong>nug&#39;nstus⁸</strong></span> <span class='ocrx_word' id='word_1_219' title='bbox 869 3239 912 3296; x_wconf 93' lang='lat' dir='ltr'><strong>.N.</strong></span> <span class='ocrx_word' id='word_1_220' title='bbox 929 3241 1024 3311; x_wconf 76' lang='lat' dir='ltr'><strong>regine</strong></span> <span class='ocrx_word' id='word_1_221' title='bbox 1043 3239 1195 3314; x_wconf 75' lang='lat' dir='ltr'><strong>Angiornm</strong></span> <span class='ocrx_word' id='word_1_222' title='bbox 1218 3245 1335 3300; x_wconf 85' lang='lat' dir='ltr'><strong>sulutem</strong></span> <span class='ocrx_word' id='word_1_223' title='bbox 1360 3248 1389 3299; x_wconf 82' lang='lat' dir='ltr'><strong>et</strong></span> <span class='ocrx_word' id='word_1_224' title='bbox 1410 3260 1493 3300; x_wconf 87' lang='lat' dir='ltr'><strong>omns</strong></span> 
     </span>
     <span class='ocr_line' id='line_1_27' title="bbox 319 3333 1493 3410; baseline 0.006 -19"><span class='ocrx_word' id='word_1_225' title='bbox 319 3333 431 3391; x_wconf 89' lang='lat' dir='ltr'><strong>bonum.</strong></span> <span class='ocrx_word' id='word_1_226' title='bbox 502 3336 537 3393; x_wconf 94' lang='lat' dir='ltr'><strong>N.</strong></span> <span class='ocrx_word' id='word_1_227' title='bbox 555 3335 608 3393; x_wconf 90' lang='lat' dir='ltr'><strong>Dei</strong></span> <span class='ocrx_word' id='word_1_228' title='bbox 625 3337 716 3407; x_wconf 77' lang='lat' dir='ltr'><strong>gratis</strong></span> <span class='ocrx_word' id='word_1_229' title='bbox 733 3350 781 3393; x_wconf 81' lang='lat' dir='ltr'><strong>rex</strong></span> <span class='ocrx_word' id='word_1_230' title='bbox 800 3337 873 3393; x_wconf 85' lang='lat' dir='ltr'><strong>clerc</strong></span> <span class='ocrx_word' id='word_1_231' title='bbox 889 3340 1047 3410; x_wconf 85' lang='lat' dir='ltr'><strong>populoque</strong></span> <span class='ocrx_word' id='word_1_232' title='bbox 1064 3341 1202 3410; x_wconf 74' lang='lat' dir='ltr'><strong>Romano,</strong></span> <span class='ocrx_word' id='word_1_233' title='bbox 1224 3341 1373 3399; x_wconf 72' lang='lat' dir='ltr'><strong>maioribus</strong></span> <span class='ocrx_word' id='word_1_234' title='bbox 1396 3348 1426 3398; x_wconf 88' lang='lat' dir='ltr'><strong>ct</strong></span> <span class='ocrx_word' id='word_1_235' title='bbox 1444 3344 1493 3398; x_wconf 88' lang='lat' dir='ltr'><strong>mi-</strong></span> 
     </span>
     <span class='ocr_line' id='line_1_28' title="bbox 319 3431 1371 3503; baseline 0.008 -16"><span class='ocrx_word' id='word_1_236' title='bbox 319 3431 441 3503; x_wconf 85' lang='lat' dir='ltr'><strong>noribus,</strong></span> <span class='ocrx_word' id='word_1_237' title='bbox 458 3434 564 3503; x_wconf 75' lang='lat' dir='ltr'><strong>gratiae</strong></span> <span class='ocrx_word' id='word_1_238' title='bbox 582 3448 649 3488; x_wconf 84' lang='lat' dir='ltr'><strong>suec</strong></span> <span class='ocrx_word' id='word_1_239' title='bbox 667 3439 696 3489; x_wconf 85' lang='lat' dir='ltr'><strong>et</strong></span> <span class='ocrx_word' id='word_1_240' title='bbox 713 3433 816 3503; x_wconf 82' lang='lat' dir='ltr'><strong>optime</strong></span> <span class='ocrx_word' id='word_1_241' title='bbox 833 3436 984 3491; x_wconf 77' lang='lat' dir='ltr'><strong>voluntatis</strong></span> <span class='ocrx_word' id='word_1_242' title='bbox 1001 3438 1215 3494; x_wconf 85' lang='lat' dir='ltr'><strong>sincerissimum</strong></span> <span class='ocrx_word' id='word_1_243' title='bbox 1233 3438 1371 3495; x_wconf 80' lang='lat' dir='ltr'><strong>affectum.</strong></span> 
     </span>
    </p>
   </div>
   <div class='ocr_carea' id='block_1_8' title="bbox 746 3600 1075 3674">
    <p class='ocr_par' dir='ltr' id='par_1_8' title="bbox 746 3600 1075 3674">
     <span class='ocr_line' id='line_1_29' title="bbox 746 3600 1075 3674; baseline 0.006 -17"><span class='ocrx_word' id='word_1_244' title='bbox 746 3600 924 3659; x_wconf 71' lang='lat' dir='ltr'><strong>Salutatio</strong></span> <span class='ocrx_word' id='word_1_245' title='bbox 945 3601 1075 3674; x_wconf 54' lang='lat' dir='ltr'><strong>regist.</strong></span> 
     </span>
    </p>
   </div>
   <div class='ocr_carea' id='block_1_9' title="bbox 319 3722 1496 4089">
    <p class='ocr_par' dir='ltr' id='par_1_9' title="bbox 319 3722 1496 4089">
     <span class='ocr_line' id='line_1_30' title="bbox 390 3722 1495 3796; baseline 0.009 -19"><span class='ocrx_word' id='word_1_246' title='bbox 390 3722 424 3778; x_wconf 91' lang='lat' dir='ltr'><strong>N.</strong></span> <span class='ocrx_word' id='word_1_247' title='bbox 438 3722 595 3794; x_wconf 78' lang='lat' dir='ltr'><strong>imperatori</strong></span> <span class='ocrx_word' id='word_1_248' title='bbox 615 3725 657 3781; x_wconf 92' lang='lat' dir='ltr'><strong>.N.</strong></span> <span class='ocrx_word' id='word_1_249' title='bbox 675 3724 728 3780; x_wconf 92' lang='lat' dir='ltr'><strong>Dei</strong></span> <span class='ocrx_word' id='word_1_250' title='bbox 745 3728 836 3795; x_wconf 72' lang='lat' dir='ltr'><strong>gratis</strong></span> <span class='ocrx_word' id='word_1_251' title='bbox 852 3742 902 3782; x_wconf 70' lang='grc' dir='ltr'><strong>τοι</strong></span> <span class='ocrx_word' id='word_1_252' title='bbox 919 3725 1072 3796; x_wconf 76' lang='lat' dir='ltr'><strong>Anglorum</strong></span> <span class='ocrx_word' id='word_1_253' title='bbox 1088 3726 1186 3783; x_wconf 87' lang='lat' dir='ltr'><strong>intimo</strong></span> <span class='ocrx_word' id='word_1_254' title='bbox 1203 3742 1254 3784; x_wconf 87' lang='lat' dir='ltr'><strong>sno</strong></span> <span class='ocrx_word' id='word_1_255' title='bbox 1271 3728 1447 3787; x_wconf 76' lang='lat' dir='ltr'><strong>diiectionem</strong></span> <span class='ocrx_word' id='word_1_256' title='bbox 1465 3736 1495 3787; x_wconf 83' lang='lat' dir='ltr'><strong>et</strong></span> 
     </span>
     <span class='ocr_line' id='line_1_31' title="bbox 320 3820 1495 3895; baseline 0.009 -22"><span class='ocrx_word' id='word_1_257' title='bbox 320 3833 413 3874; x_wconf 81' lang='lat' dir='ltr'><strong>verum</strong></span> <span class='ocrx_word' id='word_1_258' title='bbox 437 3820 593 3877; x_wconf 78' lang='lat' dir='ltr'><strong>amicitiem.</strong></span> <span class='ocrx_word' id='word_1_259' title='bbox 673 3822 707 3878; x_wconf 88' lang='lat' dir='ltr'><strong>N.</strong></span> <span class='ocrx_word' id='word_1_260' title='bbox 725 3824 808 3879; x_wconf 79' lang='lat' dir='ltr'><strong>mets-i</strong></span> <span class='ocrx_word' id='word_1_261' title='bbox 829 3839 879 3879; x_wconf 89' lang='lat' dir='ltr'><strong>sue</strong></span> <span class='ocrx_word' id='word_1_262' title='bbox 897 3824 939 3880; x_wconf 92' lang='lat' dir='ltr'><strong>.N.</strong></span> <span class='ocrx_word' id='word_1_263' title='bbox 957 3824 1013 3879; x_wconf 86' lang='lat' dir='ltr'><strong>Dei</strong></span> <span class='ocrx_word' id='word_1_264' title='bbox 1033 3824 1124 3895; x_wconf 72' lang='lat' dir='ltr'><strong>grstia</strong></span> <span class='ocrx_word' id='word_1_265' title='bbox 1145 3840 1195 3881; x_wconf 82' lang='lat' dir='ltr'><strong>rex</strong></span> <span class='ocrx_word' id='word_1_266' title='bbox 1216 3838 1252 3881; x_wconf 84' lang='lat' dir='ltr'><strong>cx</strong></span> <span class='ocrx_word' id='word_1_267' title='bbox 1273 3831 1334 3882; x_wconf 84' lang='lat' dir='ltr'><strong>toto</strong></span> <span class='ocrx_word' id='word_1_268' title='bbox 1351 3826 1436 3883; x_wconf 76' lang='lat' dir='ltr'><strong>corde</strong></span> <span class='ocrx_word' id='word_1_269' title='bbox 1454 3828 1495 3882; x_wconf 87' lang='lat' dir='ltr'><strong>di·</strong></span> 
     </span>
     <span class='ocr_line' id='line_1_32' title="bbox 319 3916 1496 3995; baseline 0.009 -25"><span class='ocrx_word' id='word_1_270' title='bbox 319 3916 465 3973; x_wconf 86' lang='lat' dir='ltr'><strong>lectioncm</strong></span> <span class='ocrx_word' id='word_1_271' title='bbox 489 3922 518 3973; x_wconf 89' lang='lat' dir='ltr'><strong>et</strong></span> <span class='ocrx_word' id='word_1_272' title='bbox 541 3920 566 3973; x_wconf 86' lang='lat' dir='ltr'><strong>si</strong></span> <span class='ocrx_word' id='word_1_273' title='bbox 588 3918 654 3989; x_wconf 83' lang='lat' dir='ltr'><strong>qnid</strong></span> <span class='ocrx_word' id='word_1_274' title='bbox 676 3924 720 3977; x_wconf 85' lang='lat' dir='ltr'><strong>est</strong></span> <span class='ocrx_word' id='word_1_275' title='bbox 742 3920 839 3977; x_wconf 87' lang='lat' dir='ltr'><strong>meiius</strong></span> <span class='ocrx_word' id='word_1_276' title='bbox 863 3926 893 3976; x_wconf 87' lang='lat' dir='ltr'><strong>et</strong></span> <span class='ocrx_word' id='word_1_277' title='bbox 912 3921 992 3977; x_wconf 72' lang='lat' dir='ltr'><strong>ulus.</strong></span> <span class='ocrx_word' id='word_1_278' title='bbox 1063 3922 1098 3978; x_wconf 90' lang='lat' dir='ltr'><strong>N.</strong></span> <span class='ocrx_word' id='word_1_279' title='bbox 1116 3936 1172 3977; x_wconf 87' lang='lat' dir='ltr'><strong>non</strong></span> <span class='ocrx_word' id='word_1_280' title='bbox 1189 3923 1350 3993; x_wconf 73' lang='lat' dir='ltr'><strong>murpcuve</strong></span> <span class='ocrx_word' id='word_1_281' title='bbox 1373 3923 1425 3980; x_wconf 82' lang='lat' dir='ltr'><strong>sed</strong></span> <span class='ocrx_word' id='word_1_282' title='bbox 1448 3924 1496 3995; x_wconf 75' lang='lat' dir='ltr'><strong>pic</strong></span> 
     </span>
     <span class='ocr_line' id='line_1_33' title="bbox 320 4010 1320 4089; baseline 0.008 -22"><span class='ocrx_word' id='word_1_283' title='bbox 320 4010 373 4068; x_wconf 85' lang='lat' dir='ltr'><strong>Dei</strong></span> <span class='ocrx_word' id='word_1_284' title='bbox 390 4013 560 4071; x_wconf 71' lang='lat' dir='ltr'><strong>ordinatione</strong></span> <span class='ocrx_word' id='word_1_285' title='bbox 577 4030 627 4071; x_wconf 84' lang='lat' dir='ltr'><strong>rex</strong></span> <span class='ocrx_word' id='word_1_286' title='bbox 645 4016 687 4073; x_wconf 90' lang='lat' dir='ltr'><strong>.N.</strong></span> <span class='ocrx_word' id='word_1_287' title='bbox 705 4032 761 4074; x_wconf 91' lang='lat' dir='ltr'><strong>non</strong></span> <span class='ocrx_word' id='word_1_288' title='bbox 779 4018 834 4072; x_wconf 83' lang='lat' dir='ltr'><strong>ism</strong></span> <span class='ocrx_word' id='word_1_289' title='bbox 852 4018 1002 4089; x_wconf 76' lang='lat' dir='ltr'><strong>apostolico</strong></span> <span class='ocrx_word' id='word_1_290' title='bbox 1020 4018 1071 4075; x_wconf 88' lang='lat' dir='ltr'><strong>ssd</strong></span> <span class='ocrx_word' id='word_1_291' title='bbox 1088 4016 1159 4075; x_wconf 74' lang='lat' dir='ltr'><strong>falso</strong></span> <span class='ocrx_word' id='word_1_292' title='bbox 1177 4019 1320 4077; x_wconf 81' lang='lat' dir='ltr'><strong>monscbo.</strong></span> 
     </span>
    </p>
   </div>
   <div class='ocr_carea' id='block_1_10' title="bbox 321 4244 1498 4457">
    <p class='ocr_par' dir='ltr' id='par_1_10' title="bbox 321 4244 1498 4457">
     <span class='ocr_line' id='line_1_34' title="bbox 390 4244 1497 4321; baseline 0.007 -20"><span class='ocrx_word' id='word_1_293' title='bbox 390 4266 411 4299; x_wconf 75' lang='lat' dir='ltr'><strong>c.</strong></span> <span class='ocrx_word' id='word_1_294' title='bbox 434 4244 888 4318; x_wconf 67' lang='lat' dir='ltr'><strong>isus-iv,zp.c-10,01-3.</strong></span> <span class='ocrx_word' id='word_1_295' title='bbox 949 4258 972 4304; x_wconf 80' lang='lat' dir='ltr'><strong>s.</strong></span> <span class='ocrx_word' id='word_1_296' title='bbox 993 4258 1059 4305; x_wconf 74' lang='lat' dir='ltr'><strong>nu</strong></span> <span class='ocrx_word' id='word_1_297' title='bbox 1118 4260 1497 4321; x_wconf 67' lang='lat' dir='ltr'><strong>·c.upsmsercnsp.ou</strong></span> 
     </span>
     <span class='ocr_line' id='line_1_35' title="bbox 321 4330 1498 4396; baseline 0.011 -20"><span class='ocrx_word' id='word_1_298' title='bbox 321 4330 447 4379; x_wconf 78' lang='lat' dir='ltr'><strong>ii.om.Z.</strong></span> <span class='ocrx_word' id='word_1_299' title='bbox 540 4335 800 4384; x_wconf 68' lang='lat' dir='ltr'><strong>siidemstadciZ.</strong></span> <span class='ocrx_word' id='word_1_300' title='bbox 885 4335 1008 4383; x_wconf 61' lang='lat' dir='ltr'><strong>{me.</strong></span> <span class='ocrx_word' id='word_1_301' title='bbox 1092 4340 1218 4396; x_wconf 59' lang='grc' dir='ltr'><strong>μην.</strong></span> <span class='ocrx_word' id='word_1_302' title='bbox 1303 4338 1498 4389; x_wconf 57' lang='lat' dir='ltr'><strong>noem</strong></span> 
     </span>
     <span class='ocr_line' id='line_1_36' title="bbox 321 4410 402 4457; baseline 0.012 -2"><span class='ocrx_word' id='word_1_303' title='bbox 321 4410 402 4457; x_wconf 60' lang='grc' dir='ltr'><strong>ΜΖ.</strong></span> 
     </span>
    </p>
   </div>
   <div class='ocr_carea' id='block_1_11' title="bbox 0 0 1587 4850">
    <p class='ocr_par' dir='ltr' id='par_1_11' title="bbox 0 0 1587 4850">
     <span class='ocr_line' id='line_1_37' title="bbox 0 0 1587 4850; baseline 0 0"><span class='ocrx_word' id='word_1_304' title='bbox 0 0 1587 4850; x_wconf 95' lang='lat' dir='ltr'><strong> </strong></span> 
     </span>
    </p>
   </div>
  </div>
 </body>
</html>
