3142 4850
302 302 366 368 182
667 307 834 368 enanmcr
856 319 983 368 conus.
1019 317 1062 370 aa.
1075 317 1110 369 04

300 501 411 549 samus
433 479 512 548 Deo.
586 479 707 546 Tamen
729 499 794 545 non
817 485 943 565 oportet
963 500 1022 546 nos
1045 481 1126 546 mori
1147 500 1207 547 nec
1229 500 1372 566 pugnare
1394 479 1473 546 mul·

300 603 384 679 tum3
414 596 497 681 quod
526 594 610 661 enim
640 594 768 678 gravius
791 596 867 680 fuit,
897 615 955 663 nos
978 597 1195 663 sustinuimus.
1229 596 1348 662 Verum
1370 601 1475 663 eastra
1560 579 1562 588 Ε

300 713 507 796 civitatesque
533 710 718 778 retinendae
740 731 760 776 a
780 711 873 780 nobis
895 711 1031 778 multum
1052 713 1269 778 inminuerunt
1289 714 1473 779 exereitum.

300 827 415 894 Venite
441 847 533 910 ergo,
561 826 724 910 festinate,
754 827 874 912 duplici
896 829 1037 913 praemio
1061 828 1299 912 remunerandi,
1329 827 1476 894 videlicet

300 948 388 1009 terra
409 941 583 1008 viventium
610 946 759 1026 terraque
786 942 880 1008 melle
907 949 939 1008 et
965 943 1047 1010 lacte
1069 949 1218 1010 manante
1241 943 1391 1028 omnique
1413 943 1476 1009 rie·

301 1058 381 1124 tuali
402 1056 614 1123 habundante.
648 1055 741 1140 Ecce,
765 1058 836 1140 viri,
860 1059 963 1124 nostri
984 1059 1147 1142 sanguinis
1163 1057 1314 1126 effusione
1336 1057 1476 1142 undique
1551 1087 1555 1099 ·

301 1177 414 1261 patent
435 1173 514 1238 viae.
550 1170 655 1236 Nichil
676 1171 839 1238 vobiscum
862 1171 1029 1258 afferatis,
1053 1175 1114 1240 nisi
1138 1174 1221 1258 quod
1241 1173 1477 1259 quoquomodo

303 1286 455 1370 sufficiat,
484 1306 647 1372 quousque
675 1288 716 1353 ad
738 1307 796 1353 nos
820 1289 964 1356 veniatis.
1003 1289 1072 1356 Viri
1094 1289 1313 1358 tantummodo
1336 1290 1476 1372 ueniant,

302 1403 439 1470 feminae
468 1401 571 1468 adhuc
592 1403 678 1468 domi
700 1402 910 1469 dimittantur.
957 1405 1006 1472 Do
1029 1405 1138 1488 domo,
1164 1407 1197 1472 in
1220 1425 1283 1490 qua
1305 1405 1368 1470 duo
1392 1409 1476 1488 sunt,

303 1519 383 1586 alter
405 1518 513 1584 veniat
539 1517 720 1603 expeditior
745 1517 787 1584 ad
810 1517 936 1585 bollum.
982 1518 1121 1588 Maxime
1145 1541 1217 1588 sere
1247 1520 1296 1604 hi,
1325 1521 1478 1606 quincta
1561 1507 1562 1512 ἵ

302 1635 460 1714 0000000ος
488 1634 544 1722 qui
570 1634 634 1700 nisi
662 1633 791 1700 veniant
818 1639 850 1700 00
873 1640 947 1700 rota
976 1636 1174 1721 persolvant,
1203 1656 1260 1720 ego
1284 1636 1479 1722 apostoliens

303 1749 485 1836 patriarcha
512 1755 544 1816 et
571 1750 713 1836 episcopi
738 1751 904 1836 omnisque
927 1751 1003 1817 ordo
1027 1752 1272 1818 orthodoxorum
1296 1771 1479 1818 exeommu-

303 1866 447 1932 nicamus
469 1869 502 1930 et
522 1865 652 1931 omnine
674 1884 729 1932 eos
751 1869 1006 1934 aeommnniene
1022 1867 1172 1934 ecclesiae
1192 1887 1402 1934 removemus.
1436 1866 1480 1932 Et

303 2002 361 2048 voa
382 1982 468 2048 idem
491 1981 597 2064 tacite,
621 1981 704 2065 qued
726 1999 786 2048 neo
809 1982 1004 2067 sepulturam
1027 1984 1110 2050 inter
1127 1983 1314 2050 christianos
1329 1983 1479 2066 habeant,

304 2097 367 2164 nisi
389 2097 582 2184 competenti
603 2115 699 2162 eausa
718 2105 911 2164 remaneant
947 2097 1070 2182 Venite,
1093 2104 1126 2166 et
1139 2098 1305 2168 nobiseum
1319 2097 1480 2184 duplicem

304 2212 438 2298 gloriam
460 2213 624 2300 percipite.
662 2211 732 2278 Hoc
753 2214 861 2298 itaque
884 2220 916 2280 ot
938 2233 994 2281 ves
1018 2214 1155 2282 scribite.

309 2424 370 2495 94.
393 2426 564 2492 Hecataeus
583 2426 686 2493 Vrec
708 2426 896 2493 Heinrieum
912 2428 968 2493 IV
982 2432 1203 2517 imperatorem
1225 2440 1327 2515 rapat,
1352 2429 1481 2492 mandet

395 2542 546 2607 Heiaraee
569 2540 682 2607 000000
706 2546 821 2625 cornia,
846 2557 881 2609 at
902 2548 964 2610 aidi
980 2544 1159 2629 Salfeldaoa
1178 2544 1360 2631 profecturo
1380 2565 1480 2629 prae-

395 2660 514 2724 aarum
536 2660 595 2723 det.
630 2657 781 2723 Natalem
796 2656 913 2725 0700000
934 2662 1016 2727 diem
1039 2663 1078 2727 ab
1102 2664 1289 2747 imperatore
1306 2680 1411 2724 secam
1426 2662 1483 2745 aqi

395 2772 509 2861 eapit'.
1343 2774 1382 2856 (Ε
1403 2774 1480 2857 183)

141 2912 292 2969 toea-1100
395 2906 532 2974 Domino
555 2906 642 2993 patri
657 2906 837 2974 venerando
852 2906 1055 2993 H(einrieus),
1079 2908 1138 2975 Dei
1155 2910 1259 2993 matie
1271 2908 1305 2974 id
1320 2908 1406 2995 qnod
1421 2914 1482 2991 est,

306 3044 379 3091 eum
412 3022 499 3089 lideli
531 3023 709 3091 orationum
736 3021 890 3089 instantia
919 3024 1123 3092 devotissima
1151 3044 1188 3090 ac
1215 3044 1340 3110 semper
1366 3030 1483 3111 parata

307 3140 450 3207 servicia

396 3252 541 3335 Diligens
563 3252 680 3319 caritas
703 3256 736 3319 00
757 3250 928 3321 affectuosa
951 3255 1151 3339 paternitatis
1174 3260 1297 3321 uestrae
1315 3254 1482 3337 serenitas,

308 3388 389 3457 quae
410 3369 445 3433 in
466 3366 611 3453 gerendis
633 3367 727 3434 rebus
750 3368 830 3435 meis
854 3369 1021 3437 sollicitam
1039 3390 1165 3456 semper
1181 3370 1308 3437 exhibet
1322 3368 1483 3436 consulta·

308 3486 437 3569 donem,
459 3484 519 3550 hoo
540 3483 635 3569 plano
657 3483 802 3549 hortatur
826 3490 858 3551 00
880 3485 1007 3553 suadet:
1031 3490 1067 3553 ut
1088 3487 1254 3553 universae
1278 3484 1404 3553 consilii
1419 3485 1483 3551 mei

308 3601 499 3668 intentiones
527 3619 583 3665 vos
612 3600 783 3686 praecipue
812 3601 984 3685 respiciant
1011 3606 1044 3667 00
1072 3602 1113 3669 ad
1141 3601 1324 3687 exequenda
1350 3601 1484 3685 negocia

309 3735 397 3800 mea,
426 3721 522 3801 prout
547 3719 674 3799 tempus
695 3720 729 3781 et
749 3716 922 3783 necessitas
945 3718 1102 3803 exposcit,
1130 3716 1331 3785 familiariter
1354 3736 1411 3783 ros
1435 3716 1483 3783 in·

309 3834 418 3901 vitent
502 3830 658 3908 Quoniam
678 3830 792 3915 igitur,·
811 3852 850 3897 ex
874 3830 1013 3898 consiliis
1036 3852 1177 3899 meorum
1199 3852 1300 3917 nuper
1323 3832 1482 3913 inductus,

309 3948 476 4015 inchoante
498 3946 655 4013 dominico
679 3946 818 4013 adventu
835 3944 973 4014 Salevelt
994 3948 1041 4014 ire
1064 3948 1189 4015 decrevi
1213 3984 1254 3994 -
1272 3948 1356 4033 qnod
1379 3952 1414 4015 00
1435 3948 1483 4013 in·

310 4064 432 4131 dustria
454 4068 562 4129 000000
582 4080 657 4147 sepe
678 4060 805 4143 litteris,
828 4082 903 4147 sepe
919 4062 1000 4128 rivis
1023 4062 1151 4129 vocibus
1174 4068 1305 4149 paterno
1323 4083 1374 4128 me
1397 4082 1483 4129 eoru·

310 4180 434 4245 monuit
457 4214 498 4224 -
522 4176 721 4243 commodum
745 4195 840 4260 quam
864 4177 1002 4244 maxime
1025 4177 1112 4262 duxi,
1136 4184 1172 4244 ut
1194 4178 1252 4244 hoo
1274 4179 1336 4245 iter
1359 4184 1392 4245 et
1413 4176 1482 4243 uni·

311 4313 417 4378 versa,
445 4312 525 4378 quae
548 4290 659 4358 honori
682 4296 714 4357 et
735 4288 867 4359 utilitati
888 4298 1013 4360 0000000
1035 4294 1241 4378 conveniunt,
1263 4294 1355 4362 iuxta
1375 4292 1483 4361 mode-

381 4449 402 4481 r.
425 4435 509 4483 osaB.
600 4432 624 4479 b.
647 4431 853 4491 aevosa-ce,
871 4434 892 4481 Ζ
903 4435 1074 4495 palli-178.
