3142 4850
462 329 628 378 nosurum
651 328 778 378 connx.
813 327 848 379 es
1179 313 1242 378 13⁷

85 509 164 572 sons,
190 489 223 553 in
247 487 414 556 dilectione
441 489 591 575 quioquid
618 489 799 573 iooundius,
827 489 1028 556 moratione
1055 494 1089 556 et
1115 489 1245 557 servitio
1265 505 1333 559 1001

85 605 219 688 quioquid
243 604 396 671 devotius.

162 718 297 786 Sinistra
324 721 410 786 mma
438 719 498 786 hoe
525 740 608 786 enno
638 739 658 786 ιι
684 719 829 806 pertibus
857 719 921 786 illis
952 719 1082 802 veniens
1109 720 1245 788 mutum

85 854 127 900 me
147 813 359 916 exacerbavit3
390 835 545 902 referens:
574 841 695 902 vostros
719 834 823 902 elide
845 841 878 902 et
899 836 1077 920 dilectione,
1100 836 1159 903 snb
1182 858 1246 923 qne

85 969 131 1015 ros
155 951 185 1015 iu
217 950 404 1017 Saxonism·
433 947 650 1034 dimisereut¹,
679 951 831 1018 defecisse
859 957 892 1018 et
919 958 1030 1018 contre
1058 952 1244 1036 diguitetem

83 1071 207 1132 venem
232 1063 457 1152 eonspiroese¹.
492 1065 583 1132 Unde
604 1065 683 1132 mihi
698 1067 817 1154 duplex
838 1071 915 1134 nem
937 1073 987 1134 est
1006 1067 1152 1152 tristicie,
1174 1075 1244 1135 tum

84 1181 147 1264 quis
173 1181 300 1248 debite*
328 1183 460 1249 ueritate
487 1186 594 1249 vestro
616 1182 728 1248 honori
757 1202 821 1249 oon
842 1203 956 1270 perum
980 1183 1146 1267 timebam,
1174 1189 1243 1250 tum

84 1295 148 1380 q'uis
167 1298 325 1364 communi
354 1298 493 1363 omnium
517 1299 663 1365 miseriae
686 1298 907 1381 condolebam
937 1301 1013 1385 quin
1040 1319 1134 1366 omns
1155 1299 1244 1366 nefus

82 1411 185 1498 irrupit
212 1414 246 1478 in
275 1412 335 1479 hoe
363 1433 454 1480 erum
484 1418 516 1480 et
544 1413 758 1480 straditions
781 1410 917 1480 domini⁸
946 1416 1001 1481 vix
1029 1415 1165 1501 ediquem
1194 1435 1245 1482 re·

82 1535 163 1594 nocet
183 1534 347 1615 respectus
370 1527 443 1594 fidei
466 1529 515 1594 vel
539 1525 755 1596 sacrementi.
791 1529 854 1596 Sed
878 1530 958 1598 elius
973 1551 1082 1598 rumor
1104 1531 1244 1599 dolorem

83 1662 175 1709 neum
203 1645 341 1710 mumrit
367 1646 402 1709 in
424 1645 591 1728 goudium
622 1646 698 1730 quie
727 1645 851 1730 audivi,
880 1646 1029 1731 quioquid
1054 1648 1244 1714 turbationis

82 1759 188 1843 lueret,
216 1761 361 1826 sedatum
392 1779 462 1828 esse
489 1766 522 1826 et
549 1761 656 1827 omnis
684 1761 724 1828 ed
753 1761 904 1829 honorem
932 1767 1072 1829 vestrm
1100 1763 1243 1830 semisse.

13 1929 14 1934 ,
82 1873 167 1942 Novit
193 1883 301 1942 summ
330 1877 501 1961 Dominus,
532 1877 625 1962 quod,
654 1877 682 1943 si
710 1877 799 1944 vobis
827 1878 875 1945 ite
902 1878 1024 1944 rioinns
1052 1898 1170 1963 essem,
1197 1879 1244 1947 uti

81 1988 359 2076 wirzeburgensis·
382 1995 547 2080 episeopus
555 1990 576 2076 ⁵,
599 1993 651 2060 vel
672 1993 707 2058 in
728 1993 785 2060 ille
806 1993 857 2060 vel
879 1995 913 2060 in
936 1993 999 2061 slis
1022 2015 1118 2062 muse
1139 2001 1245 2062 vestre

81 2106 175 2173 nullus
197 2109 288 2175 vobis
312 2108 454 2177 affuisset
475 2109 627 2196 paratius,
650 2129 742 2176 nemo
764 2108 889 2178 fidelius
911 2111 962 2177 vel
984 2112 1129 2178 devotius
1150 2131 1244 2199 opem

82 2223 194 2290 tulisset
217 2245 312 2310 quem
337 2244 405 2309 ego.
441 2225 520 2304 Quin
542 2244 617 2291 vero
639 2225 734 2292 nimis
757 2233 897 2293 remotos
911 2246 1006 2310 eum,
1036 2227 1120 2313 qnod
1141 2229 1245 2295 solum

82 2337 200 2406 obsens‘¹
224 2341 325 2426 valeo,
348 2342 450 2408 bonne
472 2359 561 2406 mese
576 2339 747 2408 uoluntatis
770 2361 885 2410 munus
900 2343 1007 2410 offero.
1046 2342 1109 2411 Sed
1123 2345 1190 2411 sive
1210 2347 1245 2410 in

13 2498 14 2503 κ
82 2457 159 2522 suris
186 2458 254 2523 sive
283 2458 374 2543 olibi,
403 2460 458 2526 ubi
481 2478 632 2545 praeseus
656 2478 725 2525 esse
753 2466 878 2546 potero,
906 2478 965 2547 pro
993 2460 1111 2529 honore
1139 2467 1244 2529 vestro

82 2572 172 2638 modis
196 2573 353 2657 omnibns,
377 2576 441 2641 sesi
463 2575 562 2641 nster
584 2574 720 2643 esrnulis
744 2594 856 2660 msem,
880 2575 1038 2643 lebornbo.

161 2686 288 2756 Gratias
311 2694 416 2757 nutem
440 2690 615 2759 uberrimus
638 2692 739 2758 refero
763 2690 897 2759 bonitati
920 2698 1059 2777 vestroe,
1087 2694 1162 2778 quis
1187 2712 1245 2780 per

83 2822 130 2868 sos
151 2804 337 2871 hiemalem·
365 2806 491 2873 domum
516 2807 612 2873 telem
638 2807 751 2890 habeo,
781 2812 819 2873 ot
846 2808 880 2873 in
909 2815 995 2875 terre
1016 2814 1126 2875 nostre
1147 2808 1244 2877 telem

83 2936 112 2984 se
129 2920 242 2987 hebere
270 2920 377 2988 nullus
405 2923 491 2989 diost
512 2924 649 2989 omnino.
692 2922 727 2991 si
749 2921 819 2989 lieri
841 2930 963 3010 posset,
991 2929 1029 2990 nt
1050 2926 1163 2991 vestris
1185 2925 1244 2991 hu-

81 3036 167 3103 meris
189 3037 269 3103 mihi
293 3056 363 3104 sem
387 3037 584 3124 attulissetis,
607 3058 671 3105 non
694 3038 831 3107 maiores
852 3039 927 3105 inde
949 3040 1038 3108 vobis
1053 3042 1172 3125 gratiss
1186 3041 1244 3109 hn-

13 3160 14 3163 ’
82 3148 193 3218 berem‘
221 3174 317 3239 quem
346 3154 454 3240 modo,
484 3174 543 3222 neo
569 3155 609 3223 sd
637 3156 848 3240 reddendum,
877 3156 1114 3244 quitoseunqoe
1141 3158 1245 3225 modis

81 3266 161 3334 robis
181 3270 347 3356 placuerit,
369 3272 511 3357 peretior
533 3292 634 3339 essem
657 3291 751 3357 quum
775 3270 880 3339 modo.

159 3384 221 3452 Pro
245 3388 403 3453 communi
427 3386 558 3455 elerico⁸
579 3390 687 3455 nostro
710 3393 850 3454 rostram
871 3406 948 3471 rogo
971 3386 1182 3473 elementiam,
1209 3394 1246 3455 ut

143 3566 162 3599 ι
186 3554 284 3601 sunnis
298 3554 321 3601 0.
392 3555 414 3601 b,
439 3555 517 3602 debite
532 3579 554 3587 -
567 3558 616 3603 tum
633 3556 686 3617 quio
701 3571 744 3603 οιιι.
755 3557 777 3603 V.
849 3571 869 3603 c.
885 3556 1068 3615 wirzburgensis
1080 3556 1105 3604 Z.
1168 3557 1191 3603 d.
1214 3557 1244 3604 sd

82 3642 180 3689 museus
193 3632 241 3687 Vs,
263 3634 346 3680 sbseos
365 3632 388 3681 0.
513 3651 533 3681 e.
557 3636 684 3695 hyemalem
696 3634 740 3683 Vs.
865 3635 881 3682 l.
905 3636 1012 3683 referrem
1024 3636 1073 3692 VZ,
1094 3636 1201 3684 hebetem
1220 3635 1244 3685 0.
1288 3676 1294 3679 .

82 3723 100 3768 ι
121 3714 213 3761 eoncilio
226 3714 250 3760 V.

145 3821 167 3873 1.
191 3818 330 3889 Repertus
354 3819 425 3875 enim
449 3818 661 3889 Bembergensls
687 3824 716 3875 et
739 3818 882 3875 Comedus
905 3820 1090 3876 Trsisotensie
1113 3820 1244 3891 episeopi

83 3918 182 3961 musam
201 3907 322 3962 Heinriei
335 3906 372 3962 lV
386 3907 459 3976 regis
478 3912 633 3978 sequentes,
652 3909 680 3962 in
693 3907 813 3966 Saxonis
830 3923 924 3963 mense
940 3908 1090 3964 Februario
1104 3910 1170 3963 1081
1190 3910 1244 3964 eol·

82 3992 164 4062 loquio
186 3994 224 4050 illi
247 3994 439 4067 Ksufuogenei
466 3997 546 4051 simul
571 3994 757 4051 interfuerunt.
788 3996 819 4052 V.
838 3996 931 4051 Bnroo
955 3996 990 4052 de
1012 3996 1095 4051 bello·
1108 3996 1244 4051 Soxonioo

83 4094 103 4133 o.
116 4084 176 4155 lus,
199 4085 271 4140 tlon
285 4084 376 4140 Germ.
393 4083 475 4140 SS.V
490 4086 551 4139 382.
641 4088 666 4139 2.
691 4100 785 4140 meuse
803 4085 882 4141 lunio
901 4087 969 4141 1081
993 4085 1144 4141 adversarii
1162 4085 1244 4141 Hein-

83 4168 124 4224 sioi
140 4172 178 4227 lv
197 4188 272 4243 „noo
297 4174 378 4243 longe
397 4190 415 4229 s
432 4172 616 4243 Buhenberg“
637 4171 760 4243 fuerunt,
784 4178 857 4230 teste
878 4174 1007 4231 Brunone
1031 4174 1065 4230 do
1088 4172 1159 4229 bello
1178 4171 1243 4229 Sex.
1330 4207 1336 4217 ‚

84 4272 104 4312 e.
114 4262 168 4329 130,
185 4262 203 4315 1.
216 4262 233 4316 l.
246 4280 272 4332 p.
283 4262 344 4317 384,
428 4264 454 4317 3.
472 4262 593 4317 Heinrioi
605 4262 653 4317 IV.
736 4264 762 4317 4.
781 4263 845 4319 eire.
859 4263 903 4318 die
916 4265 932 4319 9
945 4264 1018 4333 Aug.
1032 4260 1150 4318 10812o
1163 4262 1244 4319 Hein-

84 4347 126 4401 rid
145 4349 306 4405 sdverssrlis
325 4350 497 4407 Hermernus
515 4366 564 4408 rex
582 4356 690 4421 orestus
708 4354 760 4405 est.
849 4353 874 4406 5.
894 4350 1034 4409 Adslbero
1057 4353 1154 4422 (qoem
1173 4368 1245 4409 enno

86 4436 146 4491 1086
163 4438 197 4493 ob
215 4440 342 4495 Heindoo
356 4440 395 4496 lv
407 4438 544 4497 detentum
563 4454 624 4495 esse
642 4440 764 4508 seimus).
