3142 4850
305 273 367 340 152
696 288 861 337 enatares
883 287 1011 336 conum
1047 284 1082 338 ra

214 470 283 526 1089
301 451 495 520 correctione
523 467 631 516 eornm
662 448 702 514 ab
730 448 778 514 his
807 449 863 533 qui
889 449 967 514 ioris
1001 453 1077 514 sunt
1109 449 1226 516 benum
1259 446 1476 514 testimouium

301 567 443 634 habeatis
472 570 504 632 et
527 565 755 631 murmurantis
783 564 894 649 populi
920 565 1124 632 insolentiam
1151 563 1313 649 quiescere
1340 563 1475 628 faciatis

210 710 216 718 ·
301 683 343 750 Hi
370 701 462 766 vero,
493 681 548 766 qui
576 681 690 746 missas
720 684 921 766 peccatorum
949 680 1147 746 sacerdotum
1174 684 1330 766 respuunt
1361 683 1396 744 et
1425 679 1478 763 qui

302 798 347 865 eis
371 801 444 864 ante
467 783 576 862 iudicii
598 795 701 862 nostri
723 815 889 862 censuram
912 796 1069 882 opinionis
1093 815 1168 863 suae
1183 795 1415 882 praeiudicium
1430 795 1477 862 iu·

301 914 423 996 ferunt,
453 911 672 978 communione
702 916 829 978 sanctae
860 909 1010 978 ecclesiae
1037 929 1137 994 usque
1161 911 1201 976 ad
1223 910 1477 978 emendationem

301 1028 478 1116 priventur.
556 1024 800 1094 Coniunctiones
823 1033 929 1094 autem
951 1027 1253 1109 consanguineorum
1276 1025 1346 1092 fieri
1369 1026 1477 1112 prohi-

301 1142 388 1224 bets3
412 1142 560 1226 quoniam
583 1141 641 1208 has
664 1146 696 1208 et
719 1141 845 1208 divinae
867 1147 900 1208 et
921 1142 1018 1207 seculi
1041 1141 1210 1228 prohibent
1230 1140 1327 1225 leges.

393 1255 578 1323 Consideret
600 1247 690 1342 iero,
716 1257 832 1324 fratres
855 1257 1070 1340 dilectissimi,
1092 1262 1200 1324 vestra
1221 1257 1380 1324 excellens
1402 1277 1478 1344 pru·

303 1374 426 1457 dentis,
451 1392 545 1457 quam
568 1372 685 1440 bonum
709 1373 766 1457 sit,
791 1373 960 1459 persistere
982 1374 1017 1439 in
1039 1373 1275 1458 dispensatione
1295 1373 1388 1440 vobis
1411 1392 1479 1439 cre·

303 1488 371 1555 dita
395 1495 426 1555 et
448 1489 481 1554 in
497 1487 558 1554 fide
573 1493 669 1572 reeta,
693 1493 787 1574 atque
809 1489 956 1554 hereticis
972 1494 1004 1554 et
1019 1487 1132 1554 emulis
1147 1488 1266 1554 Christi
1287 1509 1478 1574 repugnare,

303 1610 336 1672 et
357 1623 517 1688 nunquam
541 1625 560 1670 a
583 1604 726 1670 veritatis
749 1605 877 1670 tramite
899 1603 1074 1686 declinare3
1105 1605 1253 1689 quoniam
1276 1604 1425 1670 dominus
1447 1611 1480 1671 et

303 1720 442 1787 salvator
457 1720 607 1804 omnium,
631 1720 720 1786 cuius
743 1718 836 1785 iidem
859 1725 1014 1803 tenemus,
1038 1719 1093 1806 qui
1115 1739 1173 1806 pro
1196 1719 1287 1787 nobis
1309 1721 1393 1786 mori
1415 1740 1480 1786 non

303 1836 461 1904 dubitavit
483 1840 515 1903 et
536 1837 665 1922 proprio
680 1855 738 1902 nos
762 1837 915 1919 sanguine
931 1835 1075 1920 redemit,
1097 1835 1192 1902 tidem
1207 1835 1294 1902 beati
1307 1834 1394 1901 Petri
1414 1855 1481 1902 non

303 1951 496 2018 defecturam
519 1952 675 2037 promisit,
699 1957 731 2018 et
753 1951 938 2018 confirmare
961 1971 1032 2018 eum
1055 1952 1170 2017 fraires
1192 1971 1265 2017 suos
1286 1951 1478 2016 admonuit.

303 2067 393 2145 Quod
409 2066 595 2152 apostolicos
611 2066 785 2153 pontifices,
797 2087 888 2134 meae
902 2068 1086 2150 exiguitatis
1101 2066 1387 2153 praedecessoresl,
1405 2087 1480 2134 eon·

303 2181 437 2249 fidenter
451 2183 564 2249 fecisse
580 2203 715 2269 semper,
738 2184 860 2250 cunetis
877 2188 926 2250 est
940 2184 1117 2267 cognitum
1141 2203 1274 2267 quorum
1292 2189 1325 2249 et
1345 2183 1481 2269 pusilla·

303 2298 432 2365 nimitas
455 2317 536 2381 mea,
559 2297 634 2364 licet
655 2297 760 2384 impar
782 2304 816 2366 et
836 2299 979 2384 minima,
1003 2319 1061 2386 pro
1080 2304 1225 2384 suscepta
1246 2301 1353 2366 tanmn
1370 2299 1481 2366 diviua

304 2414 486 2498 dignatione
510 2413 685 2481 ministerio
714 2415 904 2501 pedissequa
931 2415 1020 2501 eupit
1046 2415 1191 2482 existere.
1228 2414 1274 2481 Ve
1303 2416 1388 2482 enim
1418 2418 1481 2484 erit

303 2530 409 2616 nobis,
440 2530 495 2616 qui
516 2530 609 2596 hrains
631 2531 801 2597 ministerii
822 2550 902 2597 onus
924 2532 1137 2617 suscepimus,
1165 2532 1194 2598 si
1215 2533 1383 2599 veritatem
1404 2532 1482 2600 fidei

304 2646 345 2713 ad
380 2646 473 2713 huius
507 2644 750 2713 destructionem
781 2648 898 2714 erroris
931 2647 1115 2733 praedicare
1148 2648 1390 2731 neglexerimus.
1434 2649 1481 2716 Vc

305 2763 365 2829 erit
394 2762 500 2847 nobis,
529 2763 557 2828 si
585 2763 750 2829 veritatem
780 2761 907 2829 silentio
930 2762 1195 2848 obpresserimus,
1224 2784 1318 2849 quam
1348 2784 1481 2848 erogare

304 2878 524 2945 nummulariis
536 2878 691 2945 iubemur.
719 2878 849 2963 idcirco,
861 2879 986 2963 fratres,
999 2878 1107 2945 hortor
1117 2878 1317 2947 dilectionem
1328 2885 1480 2966 vesunu,

280 3000 282 3005 ’
304 2994 444 3061 obtestor
466 2998 498 3060 et
521 3013 650 3061 moneo:
674 2998 720 3079 ut,
745 3014 808 3079 qua
829 2993 951 3061 debetis
973 2998 1006 3060 et
1029 2995 1171 3081 potestis,
1199 2996 1411 3065 sollicitudine
1433 3000 1480 3066 ri·

304 3109 408 3193 giletis
432 3109 472 3175 ad
495 3110 731 3192 investigandos
754 3110 909 3177 hereticos
933 3116 965 3176 et
985 3110 1130 3177 inimicos
1153 3116 1280 3179 sanome
1296 3113 1357 3179 Dei
1379 3115 1480 3181 ecole-

305 3225 386 3309 siae,
416 3230 448 3291 et
472 3244 491 3289 a
513 3226 599 3291 sanis
622 3225 795 3309 mentibus,
825 3246 865 3293 ue
887 3225 986 3313 pesds
1009 3225 1067 3293 hee
1087 3227 1184 3294 latius
1207 3227 1400 3314 divulgetur,
1430 3250 1480 3298 se·

305 3341 518 3426 veritateque
540 3342 672 3426 potestis
695 3360 753 3427 pro
769 3341 890 3407 viribus
905 3344 1097 3429 exstirpetis.
1129 3343 1295 3429 Quoniam,
1319 3346 1402 3413 siout
1424 3347 1481 3414 ha·

305 3454 392 3522 bebit
415 3476 434 3521 a
455 3454 523 3521 Deo
552 3457 666 3541 dignae
688 3459 951 3526 remunerationis
980 3460 1172 3545 praemium,
1202 3461 1257 3547 qui
1284 3460 1478 3548 diligentius,

305 3572 389 3657 quod
413 3570 601 3639 adsalutem
625 3573 812 3640 commissae
827 3574 888 3641 sibi
910 3574 1012 3661 plebis
1026 3574 1181 3662 proficiat,
1203 3577 1300 3643 fuerit
1317 3584 1478 3664 executus,

304 3686 351 3753 ita
379 3692 452 3755 ante
481 3688 619 3756 tribunal
642 3688 771 3755 Domini
800 3690 840 3757 de
867 3694 959 3757 reatu
980 3692 1190 3776 negligentiae
1212 3712 1248 3759 se
1269 3713 1334 3759 uon
1362 3695 1480 3781 poterit

306 3822 472 3889 excusare,
504 3806 680 3891 quicunque
707 3805 833 3892 plebem
862 3827 952 3873 suam
980 3814 1090 3875 cenna
1117 3814 1184 3876 mm
1207 3810 1380 3894 sacrilegae
1406 3830 1479 3898 per·

308 3920 464 3987 suasionis
488 3926 631 3989 auctores
653 3920 792 3988 noluerit
812 3922 980 3989 custodire.

375 4075 396 4109 a.
421 4062 545 4110 ammonuit
562 4062 588 4109 Z.
748 4064 770 4109 b.
795 4076 954 4123 praecessores
969 4064 996 4112 Ζ.

785 4276 999 4288 ὴ..-
