3142 4850
309 299 377 366 656
579 315 703 364 moure
726 315 807 364 vura
829 315 987 364 ornem.
1020 314 1087 362 ure.
1103 315 1143 362 ru
1163 312 1221 363 as

223 493 291 548 1127
312 475 498 557 obiurgavit
533 474 593 553 Qui
615 480 820 562 protestatus,
843 474 966 560 plebem
982 472 1218 559 archiepiscopo
1239 491 1297 538 suo
1311 469 1476 555 Noriperte

234 567 290 625 ΑΨ·
311 588 476 674 rebellem,
505 609 541 656 eo
565 590 649 674 quod
671 589 793 656 duriori
815 590 976 656 servitutis
998 589 1072 672 iugo
1094 607 1165 654 eum
1186 585 1356 669 subiugure
1377 590 1476 670 temp·

216 757 240 768 ..
311 710 404 790 taret,
427 704 514 772 nullo
530 705 623 772 modo
638 705 707 789 cogi
731 723 826 792 posse
845 704 1013 788 fatebatur,
1035 710 1073 771 nt
1087 704 1128 770 ab
1142 723 1179 770 cc
1194 703 1336 768 domiue
1350 700 1478 767 verbum
1563 692 1564 731 ³

310 822 481 908 reciperen
511 821 564 888 sed
588 820 677 907 prius
699 821 812 888 mortis
833 839 977 887 occasum
1001 839 1097 905 quern
1118 818 1280 885 servitutis
1301 814 1479 883 huiusmodi

312 955 390 1002 onus
407 935 512 1003 subire
526 941 672 1022 puratum
688 955 766 1002 esse
800 935 886 1002 Idem
902 955 977 1001 vero
986 933 1184 1001 Wirikindus
1200 932 1402 1019 supplicebst
1415 930 1480 1016 epi·

289 1069 422 1137 ¹scopo:
452 1056 487 1116 ut
509 1050 611 1118 eidem
633 1051 755 1118 civitati
784 1069 922 1117 errorem
946 1069 1039 1116 suum
1066 1049 1205 1135 pandere
1227 1067 1292 1114 non
1315 1047 1479 1126 sbnucret3

312 1166 430 1251 diceus,
454 1166 581 1233 monitis
604 1167 672 1233 eius
696 1165 795 1233 multo
817 1166 980 1232 ardentius
1003 1164 1127 1251 plebem
1142 1183 1237 1249 quam
1254 1161 1480 1248 archiepiscopi

311 1282 362 1348 sui
378 1280 569 1349 iussionibus
584 1281 744 1358 obaudire.
835 1280 896 1358 cui
917 1285 1007 1346 stans
1029 1280 1062 1346 in
1077 1280 1179 1348 editu·
1195 1286 1268 1346 ente
1290 1283 1418 1365 portam
1439 1277 1482 1343 ei·

312 1395 436 1480 vitatis,
466 1397 556 1462 omni
578 1396 695 1481 populo
724 1397 902 1463 coadunato
924 1395 1054 1462 verbum
1082 1394 1195 1462 salutis
1223 1393 1425 1481 predicebam
1452 1397 1483 1459 et

312 1511 541 1579 abdicationem
565 1511 657 1578 huius
681 1511 834 1594 sacrilege
847 1511 1040 1580 celebritatis
1054 1511 1148 1578 iacile
1167 1509 1252 1596 apud
1266 1529 1321 1576 eos
1335 1508 1481 1590 obtinuit,

312 1627 560 1714 protestantibus
575 1626 637 1692 cis:
661 1627 757 1692 etism
773 1627 923 1712 baptismi
944 1627 1080 1711 gratiam
1095 1625 1232 1693 snbalie
1247 1624 1482 1710 archispiscopo

312 1761 347 1808 sc
375 1747 525 1828 prompta
546 1739 707 1808 voluntate
730 1748 944 1828 susceptures.
984 1741 1060 1808 Pius
1082 1762 1157 1809 vere
1180 1741 1360 1828 prediestor
1382 1740 1483 1806 eidem

312 1855 491 1924 Wirikindo
505 1855 673 1941 magnaml
689 1857 759 1923 auri
775 1858 984 1941 quantitatem
1007 1863 1041 1924 et
1059 1858 1186 1940 coniugi
1208 1857 1276 1924 eius
1298 1853 1483 1940 psalterium

312 1973 501 2059 preciosum,
523 1972 617 2038 solite
632 1991 707 2038 usus
723 1971 945 2056 benivolentia,
968 1972 1093 2052 tribnlt3
1115 1972 1224 2057 ibique
1237 1971 1367 2037 diversa
1378 1969 1484 2036 itineri

313 2087 490 2154 neccssaria
513 2106 585 2152 cum
604 2087 736 2170 triginta
759 2087 910 2174 plsustrls
924 2087 1131 2172 compararit
1220 2085 1344 2152 Deinde
1361 2083 1484 2152 aWiri·

312 2201 408 2286 gindo
423 2202 591 2287 exquirere
612 2203 706 2288 cepit,
730 2203 757 2268 si
773 2203 922 2270 ducetum
946 2202 1007 2269 sibi
1030 2223 1087 2288 per
1101 2203 1260 2285 regionem
1276 2221 1382 2284 susm,
1406 2201 1485 2267 sieut

313 2318 347 2384 iu
369 2315 621 2400 Mersebnrgeusi
649 2317 767 2404 oppido
794 2337 900 2384 coram
928 2317 1156 2402 gloriosissime
1183 2337 1258 2401 rege
1278 2315 1433 2382 lotherio
1458 2315 1484 2381 ei

313 2432 537 2520 spoponderat,
560 2432 692 2518 prebere
706 2440 838 2520 paratus
853 2438 945 2501 esset.
979 2433 1040 2512 Qui
1055 2433 1196 2501 ubnnens
1210 2433 1391 2519 respondit:
1415 2451 1485 2499 cum

313 2568 372 2636 per
393 2554 495 2615 terras
517 2548 654 2615 hostium
678 2568 807 2617 suorum
829 2550 924 2634 peulo
947 2556 1020 2636 post
1039 2550 1257 2633 transiturum,
1278 2547 1416 2632 ideoque
1430 2548 1483 2613 du-

314 2670 419 2731 catum
443 2664 473 2729 ei
500 2664 632 2750 prebere
655 2684 718 2730 uon
746 2684 855 2751 posse3
884 2684 926 2731 ne
946 2666 1029 2732 torte
1050 2664 1204 2732 satellites
1226 2664 1276 2730 sui
1303 2664 1345 2730 sb
1367 2662 1484 2731 eisdem

315 2779 461 2846 hostibus*
480 2780 565 2865 capti
587 2784 620 2846 et
641 2780 774 2862 iugulati
796 2780 972 2846 interirent

176 2923 295 2985 mm,
403 2896 434 2961 4.
471 2894 549 2962 Tum
573 2896 665 2981 peter
687 2894 843 2979 amabilis,
861 2896 1042 2962 ⁴fortissimo
1060 2895 1123 2961 Dei
1143 2914 1241 2960 mann
1263 2912 1360 2979 super
1381 2912 1420 2959 se
1438 2894 1485 2958 in·

314 3016 436 3093 tuceta,
459 3010 545 3095 copti
564 3009 690 3075 itineris
706 3029 834 3077 cursum
857 3030 1025 3095 aggressus
1041 3016 1099 3077 est
1188 3008 1271 3075 Erst
1290 3008 1360 3075 illic
1373 3007 1485 3075 emtis·

315 3126 398 3193 sime
418 3125 508 3191 silas
546 3123 631 3202 Qus·
653 3124 764 3191 diebus
787 3126 926 3211 quinque
947 3126 1145 3209 transmissa,
1168 3126 1256 3192 veuit
1276 3122 1318 3189 ad
1340 3128 1486 3207 magnum

315 3241 395 3307 mire
417 3239 637 3323 longitudinis3
667 3240 721 3307 ubi
743 3241 986 3309 homuncionem
1011 3260 1110 3328 petre
1130 3240 1321 3307 insidentem
1344 3236 1486 3305 naricule

314 3355 557 3441 contemplatus,
579 3355 739 3442 copiosam
757 3354 797 3421 cb
812 3376 849 3422 eo
871 3356 1007 3443 piscium
1030 3354 1264 3423 multitudinem
1279 3355 1485 3441 comper-trit

316 3468 379 3537 Sed
401 3471 486 3557 ipse,
516 3471 631 3537 mirum
655 3469 768 3554 dictul,
798 3478 929 3554 argento
956 3472 1057 3538 multo
1084 3470 1219 3557 aliisque
1240 3469 1407 3557 speciebus
1428 3468 1489 3537 sibi

315 3584 498 3672 propositis,
521 3585 567 3651 nil
589 3586 682 3671 pretii
705 3584 766 3651 nisi
791 3591 915 3653 tentum
931 3586 979 3655 sal
995 3588 1137 3673 accipere
1151 3586 1321 3654 consensit
1356 3584 1490 3653 Dicebat

316 3700 418 3767 onim:
442 3698 606 3785 septennio
629 3720 663 3767 se
686 3720 800 3786 punem
817 3720 880 3767 nou
898 3706 1053 3785 guadere,
1077 3703 1134 3768 sad
1156 3698 1296 3788 piscibus
1310 3704 1437 3766 tentum
1458 3703 1490 3765 st

315 3834 400 3900 sque
420 3815 525 3898 stagni
547 3813 632 3881 illins
653 3814 750 3881 vitam
774 3814 859 3881 alere
881 3816 1020 3903 inopem.
1055 3817 1229 3903 Siquidem,
1252 3820 1348 3902 eapte
1369 3834 1391 3881 s
1411 3814 1489 3881 dum

316 3928 446 3997 Potonie
468 3930 578 3997 eedem
601 3929 774 4015 prouincia,
798 3930 867 4016 ipse
889 3950 962 3997 eum
984 3952 1084 4001 uxore
1099 3952 1158 3999 sua
1172 3932 1309 4014 fugiens,
1332 3930 1436 3997 securi
1458 3934 1489 3995 et

316 4044 404 4110 escis
425 4064 482 4110 sne
505 4049 683 4131 assumpte,
712 4064 844 4131 parram
871 4047 907 4111 in
928 4046 1033 4114 medio
1055 4047 1161 4131 stequi
1189 4046 1291 4132 ipsius
1320 4044 1488 4131 planiciem

316 4158 451 4242 invenit3
474 4158 528 4226 ubi
544 4158 688 4226 edificata
703 4158 895 4227 domuncula
909 4180 1017 4229 secure
1032 4161 1206 4245 habitabat
1228 4163 1415 4246 tantamque
1428 4160 1489 4227 sie·

316 4278 458 4339 cetorum
486 4274 621 4360 piscium
649 4274 884 4343 multitudinem
908 4274 1008 4343 estivo
1030 4282 1174 4363 tempore
1196 4276 1426 4361 congregabat,
1453 4282 1488 4341 ut

387 4426 408 4458 u
427 4413 909 4477 estiusdltoprmctapositossstist'.
970 4417 993 4463 b.
1009 4414 1119 4475 mannia
1180 4430 1200 4464 c
1216 4416 1292 4477 qult'.
1354 4412 1486 4464 (1.6ὼο
