3142 4850
440 320 605 370 unsnmor
627 321 754 370 conum
790 319 834 371 44.
847 319 884 370 eo
1202 305 1244 369 97

82 479 197 565 pietur?
228 479 305 560 Aut„
329 479 356 544 si
371 478 555 546 emendatus
570 480 677 565 fuerit
700 499 772 548 oum
787 479 831 546 sit
845 478 1145 563 exeommumoetm,
1168 499 1246 565 quo-
1273 493 1344 548 noio

81 591 168 660 modo
187 593 376 679 recipietur?
708 589 713 597 '
1265 565 1347 614 ω·

161 707 210 774 Eu
231 708 357 792 longius
380 713 411 776 et
433 708 561 776 breuius
585 695 679 793 quem
701 708 854 775 vellemus
870 708 1054 794 paternitati
1068 713 1174 776 uestro
1195 729 1246 775 re-

82 823 271 909 spondimus3
294 829 513 891 verumtamen
535 824 673 910 sepienti
695 828 746 890 set
768 824 887 890 dietum
908 827 966 889 est.
1030 831 1034 845 '
1056 822 1149 890 Nono
1171 843 1246 908 ergo

82 957 132 1023 per
151 937 312 1006 Christum
335 959 390 1005 vos
412 959 571 1024 rogemus,
595 944 631 1006 ut
652 939 716 1026 ipsi
732 938 859 1006 Christo
877 938 1074 1025 supplioetis,
1097 941 1246 1024 quatinus

82 1051 235 1119 moesiam
262 1060 331 1120 tem
358 1054 535 1140 periculose
556 1053 762 1121 fluctuantem
792 1052 910 1140 pleoito
938 1051 1001 1120 sibi
1028 1057 1156 1139 pestere
1178 1073 1247 1118 mo·

81 1171 144 1234 turs
164 1173 335 1254 componet
356 1174 389 1236 et
410 1170 572 1254 gubernet
607 1169 742 1236 Multum
765 1170 851 1236 euim
873 1169 959 1237 uolet
974 1169 1156 1256 deprecatio
1170 1169 1247 1234 iusti

82 1279 231 1364 residua¹3
268 1289 301 1350 et
329 1284 409 1350 bene
435 1285 552 1369 nostis,
583 1304 678 1370 quem
706 1291 831 1368 gratum
863 1281 1090 1372 receptumque
1116 1283 1165 1350 illi
1192 1284 1246 1367 sit,

83 1399 195 1484 quondo
218 1418 277 1485 pro
301 1419 358 1465 suo
381 1399 443 1466 sibi
464 1419 607 1486 corpore,
630 1401 715 1487 quod
738 1406 786 1467 est
808 1400 951 1485 eeclesia,
978 1421 1072 1467 suum
1093 1399 1155 1466 sibi
1177 1417 1247 1466 eor-

81 1533 136 1599 pus
154 1534 209 1600 per
231 1513 444 1581 inestimabile
467 1516 643 1582 misterium
667 1515 805 1582 offertur.

161 1629 294 1700 Omnem
308 1627 552 1714 ieiunitatem,
569 1630 627 1697 sub
640 1630 728 1697 vobis
744 1627 950 1698 et'vobiseum¹
961 1629 1030 1696 Deo
1045 1631 1245 1713 servientem,

82 1743 211 1810 omnium
233 1750 396 1812 nostrum·
419 1741 581 1812 humilitus
604 1745 696 1812 uniee
717 1746 752 1812 in
775 1745 901 1812 Christo
924 1744 1051 1812 salutat

81 1953 138 2024 45.
160 1956 375 2043 Sir-{froom
391 1959 645 2046 archiepiscopus
661 1960 868 2044 Moqoooinrio
887 1954 1041 2042 Greyorio
1055 1955 1126 2021 VII
1137 1977 1248 2043 papae

161 2073 285 2166 ambio
304 2075 478 2160 'epicopus
509 2075 662 2159 quondam
691 2074 877 2153 concilium,
908 2073 994 2158 qood
1022 2073 1079 2158 uqi
1107 2073 1245 2150 inusserit,

157 2201 291 2274 propter
313 2189 479 2254 tumultum
508 2189 582 2254 belli
608 2189 816 2274 differendum
844 2210 908 2254 esse
936 2208 1067 2254 eernere.
1108 2185 1152 2253 Se
1174 2207 1246 2250 oero

161 2325 282 2370 onmem
302 2326 370 2370 rem
391 2304 524 2370 arbetio
547 2307 613 2370 eius
634 2297 862 2390 proponere⁵¹.
1110 2299 1150 2380 (li
1169 2299 1246 2378 133)

162 2432 313 2520 Speoieli's
334 2437 529 2503 reuerentiae
552 2438 637 2523 petri
660 2434 830 2521 Gregorio·
853 2436 975 2521 primae
1001 2434 1086 2501 sedis
1108 2433 1245 2499 antistiti
1284 2452 1353 2507 1075

80 2544 275 2635 Sligiiridus),
299 2549 503 2635 Moguntiuus
525 2552 559 2617 id
582 2550 669 2637 quod'
681 2557 730 2618 est
744 2550 805 2618 Dei
825 2550 939 2635 gretie,
963 2548 1047 2636 quod
1062 2549 1147 2636 petri
1161 2547 1245 2614 filins
1262 2524 1372 2584 ΜΨ

80 2664 157 2747 quod
178 2666 319 2752 praelato
342 2667 510 2734 subiectus.

104 2778 107 2781 ’
159 2780 311 2849 Adhibito
339 2781 479 2849 desidiae
501 2787 665 2869 postorum
694 2788 726 2849 et
747 2780 958 2865 negligentius
981 2785 1109 2847 sanctes
1133 2778 1247 2845 exhor·

79 2895 199 2962 tutionis
221 2903 254 2964 et
277 2898 511 2964 ammonitionis
534 2898 748 2981 inuitamento,
771 2896 938 2980 vigilantis
956 2893 1127 2982 pastoralis
1151 2891 1247 2958 offioii

10 3002 17 3079 ζ
78 3012 184 3096 uestri,
213 3014 259 3079 mi
288 3014 460 3080 reverende
481 3018 589 3100 peter,
618 3032 676 3079 noe
700 3012 792 3099 quusi
815 3012 854 3078 de
877 3030 988 3077 somno
1011 3009 1179 3089 excitarim
1203 3013 1246 3091 et,

79 3130 110 3191 ut
123 3146 200 3212 opus
215 3127 382 3213 euangelii,
407 3128 448 3195 od
464 3129 548 3213 quod
564 3129 647 3196 servi
669 3128 769 3214 putris
789 3126 928 3193 iomilios
946 3124 1090 3211 deputoti
1108 3117 1245 3207 sumus⁸‚

10 3234 11 3239 ’
78 3239 285 3311 indesinenter
312 3244 457 3311 ouremus
480 3244 629 3331 lmplere,
660 3263 754 3328 quom
784 3242 925 3309 studiose
947 3240 1060 3308 incitet
1082 3242 1150 3305 tem
1172 3237 1246 3304 reli-

28 3440 33 3447 ,
78 3356 158 3437 giose
179 3359 304 3425 invitet.
340 3358 456 3427 Senote
479 3378 614 3445 nemque
629 3363 662 3426 et
684 3360 739 3445 pie
760 3356 940 3424 sollicitudo
955 3354 1082 3442 providi
1095 3354 1246 3440 postoris,

78 3468 164 3539 boeto
189 3480 223 3539 et
249 3474 490 3542 remunerabilis
513 3474 675 3541 eneoutio‘
699 3474 793 3539 huius
815 3472 916 3539 diuini
939 3470 1059 3557 operisl
1100 3467 1163 3537 Sed
1185 3468 1247 3535 heu

79 3587 204 3655 multum
232 3590 386 3657 reelemst
414 3610 520 3657 rerum
550 3591 669 3674 vertigo
701 3593 733 3655 et
760 3588 912 3673 iniquitas
947 3586 1110 3672 temporis.
1201 3584 1247 3651 At

78 3720 159 3787 sero,
188 3704 267 3771 etsi·
297 3706 364 3771 dies
393 3705 470 3771 mali
492 3712 581 3791 suut,
610 3710 717 3772 tamen
744 3702 785 3769 od
814 3701 948 3771 monito¹
971 3706 1078 3767 vestre
1099 3698 1245 3783 vigilanti

78 3817 193 3885 mutele
214 3825 342 3905 ternpus
369 3820 588 3887 redimendum
611 3816 693 3902 osi‘3
722 3838 779 3903 ue,
809 3819 838 3884 si
859 3822 991 3905 propter
1013 3834 1109 3883 auree
1132 3815 1246 3881 intenu-

78 3933 190 4015 periem
217 3934 344 4001 vineam
367 3934 496 4003 Domini
524 3934 682 4002 oulturore
709 3934 860 4017 desistet,
888 3932 928 3999 de
950 3930 1144 4015 negligentia
1172 3948 1246 3995 oon·

139 4080 160 4111 ι
182 4066 264 4115 οιιθ.
327 4068 350 4114 b.
374 4083 403 4115 ee
419 4068 588 4125 Vere-ee,
604 4069 627 4115 Ζ
637 4084 662 4129 p.
674 4066 791 4115 93-95.
858 4078 879 4112 o.
902 4064 930 4111 G.
946 4063 973 4110 Z.
1040 4063 1063 4109 (l.
1088 4061 1204 4109 exeuntis
1221 4060 1245 4119 V,

79 4146 199 4192 eremum
215 4144 241 4192 Ζ
321 4160 343 4192 e.
367 4147 427 4194 siV.
504 4148 521 4195 5.
545 4146 645 4193 imonite
660 4160 723 4193 corr.
738 4144 765 4192 in
780 4145 811 4191 sd
826 4146 912 4191 monitu
927 4142 959 4199 V,·
973 4140 1074 4188 imonltu
1090 4140 1117 4189 Ζ.

142 4233 166 4285 1.
185 4230 277 4287 looob.
290 4232 317 4299 ὁ,
333 4232 375 4286 16.
454 4235 479 4287 2.
499 4232 651 4302 Resorimlt
668 4232 818 4301 Gregorius
836 4231 881 4285 (lie
899 4232 916 4284 8
935 4228 1095 4299 esperone
1114 4226 1245 4296 (Registr.

12 4376 13 4405 ἦ
78 4314 153 4387 1114,
170 4335 255 4389 supro
265 4320 300 4374 T.
310 4319 338 4375 ll
355 4334 383 4389 p.
395 4320 467 4387 107).
538 4321 565 4375 3.
584 4318 625 4375 Ol.
638 4318 734 4375 llottln
745 4320 788 4391 24,
801 4320 846 4374 45.
916 4319 944 4373 4.
962 4316 1167 4387 Ephes.5,16:
1188 4330 1247 4385 „rs-

12 4408 13 4433 1
79 4401 205 4463 omenta
223 4412 342 4477 tempus,
361 4408 489 4477 quonium
507 4407 567 4464 dies
585 4409 649 4464 moli
667 4406 758 4463 sunt“.

116 4502 193 4555 rust
208 4506 353 4551 nmmum
364 4506 393 4549 v.
1016 4503 1031 4557 7
