3142 4850
182 377 186 383 .
268 403 272 408 ᾖ
348 334 976 417 nuseonorursooons.nm.13aae
1088 385 1099 411 ,
1183 321 1248 388 729

83 496 153 562 fecit
174 496 237 579 eis,
261 496 294 562 iu
317 495 457 565 bonitate
480 502 512 564 et
533 496 649 581 gaudio
672 516 725 564 eos
748 497 921 565 dimittens.
1013 499 1042 566 ls
1065 499 1192 584 modus,
1215 499 1248 565 id
1270 515 1339 569 1126

84 611 214 679 officium
238 614 268 681 ei
289 612 352 679 init
372 612 517 679 omnibus
541 614 632 680 annis
655 613 762 699 inopie
785 632 823 679 ac
845 612 1031 682 sterilitatis.
1264 587 1346 635 Μ

167 729 220 795 34.
255 727 329 795 Dux
345 727 475 796 Polonie
490 726 674 797 Bolezlaus¹
696 748 867 815 omnesque
890 730 1034 799 meliores
1057 737 1141 797 terre
1162 729 1248 797 illius

83 864 202 911 summa
224 845 253 911 ei
276 845 417 911 amicitia
439 846 538 911 iuncti
560 850 659 912 erant
693 844 888 929 Frequenter
903 846 933 913 ei
947 846 1148 915 salutatorias
1162 845 1248 913 litte-

83 980 131 1026 ras
152 960 336 1045 mittebant,
365 960 505 1027 donariis
528 962 594 1028 suis
623 980 694 1029 eum
718 960 885 1045 magnifice
908 962 1096 1047 visitabant,
1124 962 1247 1029 meritis

82 1075 179 1161 ipsine
201 1096 239 1142 ac
260 1076 407 1162 precibus
430 1097 465 1143 se
488 1076 572 1162 apud
594 1076 697 1143 Deum
724 1077 828 1143 iuvari
856 1097 950 1163 posse
978 1077 1150 1167 plurimum
1174 1098 1248 1146 con-
1355 1168 1357 1171 Ι

82 1188 219 1259 fidentes.
297 1191 363 1257 Alii
387 1211 511 1276 quoque
534 1192 693 1278 principes
718 1212 755 1259 ac
776 1192 890 1261 divites
913 1193 952 1261 de
974 1194 1120 1261 omnibus
1143 1194 1248 1279 tenio,

83 1307 240 1375 audiemes
262 1307 379 1375 mam
403 1328 534 1394 operum
550 1309 628 1391 eius,
652 1308 816 1375 audientes
832 1308 1019 1377 elemosinas
1040 1315 1071 1378 et
1085 1310 1248 1395 largitates

83 1424 145 1489 eins
160 1424 245 1490 circa
259 1430 397 1509 egentes,
420 1422 522 1490 multa
542 1424 572 1490 ei
588 1443 795 1509 sepenumero
810 1424 952 1508 ingentia
966 1426 1050 1493 dona
1064 1426 1247 1510 mittebant3

82 1540 179 1606 socios
207 1560 241 1607 se
267 1538 336 1607 fieri
366 1546 399 1607 et
425 1540 656 1627 conparticipes
685 1540 861 1607 studiorum
885 1542 969 1626 eius,
999 1543 1110 1610 devote
1139 1549 1248 1630 postn-

80 1653 189 1723 lantes.
270 1654 411 1734 Quadam
435 1656 503 1723 vice
525 1657 732 1739 tegimentum
754 1656 938 1725 nocturnale
960 1658 1114 1725 mirabilis
1137 1660 1246 1745 precii,

80 1770 118 1839 de
138 1772 239 1839 eorico
262 1792 339 1839 auro
362 1778 395 1839 et
416 1767 592 1856 megalina¹
608 1772 691 1858 pello
712 1772 900 1857 confectum,
923 1774 1006 1841 inter
1028 1773 1093 1841 alia
1115 1774 1197 1843 dona
1218 1777 1248 1843 ei

80 1886 208 1955 allatum
231 1894 289 1955 est
325 1888 459 1973 Ipseque
482 1894 591 1955 auctor
613 1888 698 1972 doni,
721 1888 868 1974 specialis
892 1890 1030 1958 amicitie
1046 1890 1171 1975 signum
1188 1892 1248 1959 hoc

80 2022 146 2071 esse
173 2004 342 2088 nuncians,
375 2003 490 2071 obnixe
517 2004 664 2088 rogabat:
699 2005 797 2070 utin
825 2006 1074 2073 recordationem
1101 2009 1151 2076 sui
1180 2010 1247 2075 eius

79 2139 168 2187 usnrn
192 2120 385 2204 dignaretur.
420 2119 507 2187 Neve
530 2120 570 2188 de
592 2120 811 2207 profligatione
839 2122 885 2189 rei
908 2110 1107 2209 causaretur,
1136 2124 1248 2192 devote

79 2237 250 2321 promittit:
281 2236 340 2303 hoc
362 2236 478 2303 detrito
501 2236 551 2303 vel
572 2257 743 2325 parumper
766 2238 950 2325 absumpto,
979 2238 1065 2306 aliud
1087 2260 1121 2308 se
1143 2249 1248 2309 trans·

78 2352 258 2419 missurum.
294 2352 339 2420 At
360 2353 484 2439 presul,
508 2359 639 2441 accepta
659 2360 762 2440 veste,
789 2355 888 2443 plicat
910 2375 980 2424 eam
1003 2376 1041 2424 ao
1062 2356 1195 2445 replicat
1217 2364 1249 2428 et

78 2469 245 2554 diligenter
272 2469 410 2555 undique
440 2475 638 2558 perspectam
662 2472 811 2540 vestiario
839 2493 895 2538 suo
917 2475 1125 2542 commendat.
1164 2473 1247 2542 Dein

77 2585 283 2670 portitoribus
306 2591 338 2654 et
360 2585 473 2671 legatis
496 2586 554 2654 snb
576 2607 713 2674 persona
734 2588 889 2656 mittentis
910 2593 1090 2656 reverenter
1105 2590 1246 2675 inclinat,

77 2703 258 2788 gratiasque
281 2703 348 2788 agit
369 2702 493 2770 dicens:
522 2703 689 2791 Siquidm
714 2727 828 2771 munus
856 2706 914 2770 boe
936 2728 1048 2792 mapue
1071 2707 1246 2774 dilectionis

77 2822 288 2886 uetimouium
310 2833 362 2886 eu.
396 2821 440 2886 Ee
454 2843 509 2906 epo
523 2821 559 2885 iu
572 2824 757 2888 menmium
779 2822 900 2888 datoris
921 2824 1151 2908 imperpetuum
1165 2825 1249 2892 illud
1328 2813 1332 2819 ¹

77 2957 202 3002 amere
224 2935 358 3013 eureb03
380 2939 426 3002 ito
448 2959 534 3016 aene,
557 2949 593 3002 ut
614 2937 779 3022 uersuros
795 2917 1068 3022 miebifureutur,
1092 2961 1148 3006 eeu
1162 2944 1247 3008 tineo

77 3053 266 3119 deuoliurur
280 3052 329 3117 oet
350 3046 473 3139 eupo⁸.
508 3051 653 3120 Habebat
675 3058 779 3120 antem
804 3053 944 3138 cognitos
966 3057 998 3120 et
1012 3074 1051 3120 ex
1068 3055 1247 3124 nominibus

76 3168 215 3255 propriis
237 3172 363 3234 notatos
386 3187 495 3234 omnes
517 3167 709 3254 paralyticos
730 3169 897 3254 languidos
918 3189 1102 3238 cancerosos
1124 3191 1180 3240 seu
1202 3171 1247 3240 lc-

75 3303 186 3369 prosos
211 3283 251 3350 de
272 3283 401 3350 civitate
422 3303 495 3368 sua,
524 3284 653 3350 modum
677 3289 802 3372 tempus
825 3290 858 3352 et
880 3285 1064 3371 qualitatem
1086 3287 1247 3372 languoris

76 3419 184 3466 eorum
208 3400 279 3486 ipse
292 3400 503 3484 investigaus3
527 3419 727 3486 congruaque
741 3401 882 3468 subsidia
897 3402 1041 3470 omnibus
1062 3404 1248 3491 providebat

76 3520 108 3583 et
129 3522 302 3584 curatores.
337 3516 455 3584 Vocato
478 3536 554 3600 ergo
576 3517 741 3584 vestiario:
775 3517 864 3586 Tolle
893 3519 939 3586 ait
964 3521 1145 3608 preclarum
1166 3522 1249 3588 illud

76 3646 240 3700 eteorum
266 3635 364 3699 michi
389 3637 587 3720 tepimentum
617 3659 655 3700 ue
683 3657 765 3720 poue
788 3657 883 3721 super
904 3637 995 3701 illum
1016 3639 1247 3724 paralyticum

74 3751 203 3817 nomine
226 3769 324 3815 unum
348 3749 527 3833 designans,
550 3769 643 3836 quem
665 3749 786 3818 sciebat
799 3748 901 3834 longis
917 3751 1075 3820 doloribus
1092 3753 1247 3822 adtrecta-

75 3869 142 3934 tum
166 3864 326 3933 ulceribus
349 3871 521 3933 scatentem
545 3872 578 3933 et
592 3865 761 3950 vermibus,
784 3867 873 3934 cuius
895 3867 1028 3936 fetorem
1044 3868 1159 3935 vicinia
1180 3875 1248 3938 tota

74 3981 292 4068 perhorrebat.
326 3981 417 4047 Abiit
438 3981 490 4049 ille
513 4001 552 4048 ao
566 3982 748 4050 mandatum
769 3981 915 4070 implevit
936 3983 1093 4070 pontificis
1116 3991 1147 4052 et
1170 3985 1247 4054 deli·

75 4099 239 4165 catissima
261 4102 349 4164 veste
371 4097 583 4166 miserrimum
605 4098 694 4166 illum
716 4099 888 4185 cooperuit,
912 4099 1099 4168 mirantibus
1123 4121 1158 4168 ac
1181 4106 1248 4170 stu·

75 4214 224 4300 pentibus
248 4213 403 4298 omnibns,
427 4214 481 4300 qni
504 4212 563 4280 boc
586 4214 692 4283 videre
713 4219 893 4302 potuerunt.
1298 4305 1305 4318 ·

150 4328 364 4396 -Sefriduat
388 4329 490 4396 Huius
511 4330 559 4396 rei
581 4351 639 4414 ego
661 4331 752 4398 testis
775 4351 855 4396 snm.
891 4331 953 4398 Sed
969 4331 1119 4401 confiteor
1136 4353 1247 4422 pecca·

146 4464 172 4517 1.
190 4460 241 4516 111.
402 4463 428 4516 2.
447 4461 562 4517 murina.
722 4463 749 4517 3.
767 4461 903 4533 trumo,
918 4463 959 4520 19.
973 4465 1016 4520 20.
