3142 4850
299 330 364 393 812
563 346 741 393 rrnnsonnr
764 346 945 393 ornnoous.
979 346 1046 392 nra.
1061 346 1101 391 ru
1126 339 1165 391 ιι.
1181 341 1212 391 re

212 522 278 575 1127
297 506 390 573 facile
420 510 607 592 portaretur.
650 504 799 571 Substitit
820 506 986 591 episcopus
1010 511 1043 570 et
1064 504 1230 587 diligenter
1251 506 1369 568 ratem·
1393 523 1468 569 con·

298 622 471 704 siderabat3
500 622 745 709 perpenditque,
772 621 856 705 quod
884 622 917 687 in
941 618 1160 707 pacatissimo*
1185 639 1276 685 amne
1297 620 1351 684 sir
1373 624 1468 685 conto

298 737 473 821 gubernata
495 757 588 803 unam
612 758 779 824 personam
804 742 932 823 portare
953 735 1121 821 sufficeret,
1143 735 1259 802 nedum
1273 735 1308 800 in
1321 733 1468 800 ductibus

299 854 430 920 marinis
460 853 528 920 sine
555 855 639 920 omni
672 852 902 937 gubernaculo,
933 852 995 918 uisi
1023 852 1083 918 boc
1107 852 1213 917 divine
1235 851 1360 917 mmntm
1384 857 1468 917 esset

298 970 494 1036 miraculum.
536 969 663 1035 Gratias
692 970 758 1052 agit
779 969 848 1036 Deo
877 968 988 1035 beatus
1018 968 1165 1051 onustes,
1194 967 1279 1053 qnod
1306 966 1467 1033 incredule

297 1086 383 1170 genti
411 1087 558 1153 virtutem
583 1104 673 1151 snam
696 1084 753 1151 tali
775 1085 859 1151 facto
882 1085 1138 1152 demonstrasset
1173 1081 1337 1148 Liberatus
1359 1089 1466 1148 suurn

298 1202 479 1269 subridens:
504 1202 598 1268 Hauc
612 1205 731 1268 idcirco
745 1204 898 1288 suspendi
908 1204 982 1286 feei
994 1204 1039 1267 od
1050 1214 1188 1290 portam,
1210 1215 1246 1265 ut
1260 1202 1467 1284 inpredtesses

299 1333 326 1385 ct
355 1322 542 1405 egredientes
571 1320 628 1384 doc
653 1320 747 1403 facto
776 1321 944 1398 ducmmt,
975 1320 1054 1404 quid
1080 1322 1114 1383 ia
1143 1320 1209 1381 suis
1235 1316 1467 1381 necessa'tuta'baa

298 1437 336 1499 de
359 1438 574 1501 misericordia
599 1436 665 1500 Dei
686 1457 724 1499 uc
746 1436 785 1498 dc
807 1438 869 1499 turb
891 1438 1026 1513 meritis,
1054 1435 1249 1499 saumana
1267 1445 1370 1518 pater,
1394 1454 1466 1518 spe·

297 1574 371 1616 rare
393 1552 543 1617 deberent.
636 1548 693 1615 His
717 1549 826 1633 dictis,
850 1550 881 1614 in
906 1549 1172 1615 consertissimas‘
1194 1547 1303 1613 turbas
1328 1566 1467 1633 pagano·

270 1686 378 1750 .rum,
402 1666 554 1733 ministris
578 1665 812 1749 comitantibus,
835 1666 868 1732 in
891 1666 1029 1733 medium
1051 1665 1154 1731 forum
1177 1684 1247 1730 sese
1269 1663 1378 1729 intulit
1399 1665 1467 1750 epi·

296 1802 418 1868 scopus.
453 1782 556 1849 Erant
578 1788 682 1849 autem
705 1782 750 1847 ibi
773 1782 890 1865 gradum
912 1779 1035 1866 lignei¹,
1063 1780 1237 1866 dequibus
1262 1799 1411 1866 precones
1435 1785 1467 1846 et

296 1899 499 1983 magistratus
532 1899 709 1966 concionari
743 1898 828 1965 soliti
857 1904 956 1965 eraut
999 1897 1035 1963 ln
1063 1897 1176 1981 quibus
1205 1902 1293 1963 stans
1321 1897 1468 1964 minister

296 2014 451 2097 euangelii
486 2035 661 2081 sermonem
692 2015 791 2101 cepit3
820 2014 982 2081 fremitum
1009 2017 1116 2079 summ
1146 2013 1328 2079 dissidentis
1356 2012 1467 2098 populi

296 2130 470 2199 Witscacus
493 2132 560 2197 sice
583 2132 726 2216 preconis
751 2150 846 2195 manu
869 2135 902 2195 et
925 2146 999 2195 voce
1022 2129 1163 2195 sedabat

387 2249 438 2313 18.
473 2246 615 2331 Cumque
643 2266 751 2313 omncs
780 2246 1003 2312 conticuissent
1031 2251 1063 2312 et
1085 2246 1214 2312 verbum
1237 2244 1467 2311 exhortationis

296 2384 369 2452 pars
393 2364 533 2431 maxima
548 2362 681 2430 libenter
698 2363 832 2446 audiret,
856 2381 928 2429 ecoe
941 2382 1023 2428 unus
1039 2361 1234 2429 sacerdotnm
1243 2356 1265 2446 ²,
1289 2362 1339 2428 uir
1354 2360 1466 2444 Belial,

296 2479 407 2565 plenus
430 2481 545 2565 furore,
568 2480 695 2567 pinguis
719 2484 750 2546 et
765 2497 924 2564 procerus,
948 2480 981 2544 in
1000 2478 1137 2546 medium
1153 2479 1244 2545 turbe
1259 2499 1329 2544 sese
1342 2479 1470 2545 fortiter

295 2597 469 2680 intrudens,
493 2597 674 2662 cambucam
700 2615 788 2661 suam
813 2615 909 2660 manu
932 2597 1086 2679 gestabat,
1109 2596 1297 2681 spiransque
1320 2601 1354 2661 et
1372 2595 1470 2661 anbe-

294 2712 363 2778 lans
391 2731 489 2797 nsque
519 2713 558 2778 ad
586 2713 672 2798 ipsos
700 2711 819 2795 gradus
848 2713 981 2778 accessit
1007 2713 1174 2798 levataque
1196 2731 1292 2776 mann
1314 2710 1415 2776 semel
1438 2717 1471 2777 et

293 2828 342 2894 bis
375 2829 575 2914 columpnam
604 2829 757 2911 graduum
787 2827 982 2896 validissime
1010 2830 1174 2914 percussit
1215 2827 1298 2894 Dein
1329 2826 1471 2894 clamore

294 2963 408 3028 magno
437 2950 469 3010 et
492 2944 595 3010 verbis
624 2945 728 3012 nescio
758 2947 871 3030 quibos
894 2944 1121 3012 contumeliose
1150 2944 1280 3030 prolatis
1304 2943 1469 3010 silentium

293 3061 425 3127 mandat
446 3059 597 3144 loquenti,
622 3081 738 3146 suaeque
753 3063 839 3128 uocis
860 3060 1071 3145 grossitudine
1086 3080 1234 3143 magnum
1252 3065 1378 3144 tonans,
1400 3080 1471 3127 ser·

294 3195 419 3243 monem
442 3177 624 3262 interpretis
652 3183 684 3242 et
706 3178 846 3263 episcopi
875 3177 995 3263 pariter
1016 3176 1177 3263 oppressit
1202 3175 1383 3264 populoque
1403 3179 1470 3243 ait:

188 3262 196 3282 ι
295 3293 361 3373 stc,
386 3296 572 3358 oiaaenaata'
592 3293 680 3358 stulti
700 3307 727 3358 et
741 3297 866 3374 u'aeatea
891 3317 990 3380 quare
1004 3295 1126 3380 decepti
1148 3307 1176 3359 et
1198 3297 1354 3359 incantari
1375 3296 1473 3360 eatis?

293 3409 374 3474 Ecce
396 3409 492 3474 bootia
515 3423 612 3475 cester
635 3422 663 3474 et
685 3411 780 3476 bostra
805 3412 934 3475 deorum
958 3423 1138 3476 aestrorum.
1176 3409 1264 3492 Quid
1277 3413 1474 3497 expectans?

293 3525 447 3590 Feruntur
461 3529 588 3611 doepuoe
606 3539 634 3591 et
649 3539 856 3612 conteuqrtum
871 3539 899 3591 et
914 3527 1086 3592 iniussum?
1119 3524 1237 3591 Omnes
1252 3531 1359 3592 autem
1380 3527 1473 3593 inoe-

293 3637 409 3706 debant
431 3640 557 3705 hastati.
594 3641 650 3706 Ait
665 3661 755 3724 ergo:
780 3643 847 3707 Hac
870 3645 936 3707 dies
954 3645 1095 3708 erunibus
1111 3643 1269 3708 erronbua
1285 3645 1351 3707 des
1366 3645 1471 3726 fimus

292 3760 437 3843 imponet
474 3755 651 3840 Omnesque
673 3757 856 3841 adhortans,
879 3757 1082 3840 singillatim*
1098 3777 1248 3843 quosque,
1270 3757 1310 3823 de
1331 3779 1473 3843 qnorum

293 3872 489 3955 malignitate
512 3877 615 3937 certus
639 3879 716 3956 erat,
733 3873 871 3959 propriis
887 3873 1066 3939 nominibus
1082 3873 1301 3959 compellabat
1336 3874 1380 3941 Et
1396 3877 1472 3960 qni-

292 4007 414 4072 ounque
433 3989 547 4073 spiritu
563 4007 677 4053 vesano
694 3989 897 4072 agitabantur
911 3988 1087 4074 quibusque
1101 3989 1259 4056 familiare
1272 3991 1334 4057 tuit
1349 3991 1472 4058 audac·

293 4109 342 4168 ter
365 4103 464 4185 magis
489 4123 581 4186 quam
606 4103 746 4171 consulte
769 4125 835 4170 rem
861 4125 963 4190 agere,
988 4105 1028 4172 ad
1051 4105 1185 4172 dicentis
1209 4127 1316 4172 uocem
1340 4106 1474 4175 indam-

363 4292 382 4324 a.
407 4281 477 4324 ratem
493 4278 580 4340 scripsi
596 4296 642 4340 pro
659 4294 705 4325 rom
723 4282 776 4328 NR.
870 4283 892 4328 b.
916 4284 1039 4342 pacissimo
1056 4283 1086 4330 N.
1186 4297 1207 4330 c.
1230 4285 1419 4332 conuertissim
1438 4287 1474 4338 N.

294 4357 473 4402 consertissimas
490 4357 519 4403 n.
613 4359 634 4404 d.
659 4359 780 4417 singilatim
799 4361 828 4407 N.

365 4457 389 4510 1.
408 4455 449 4511 ef.
463 4458 522 4514 Ebc
536 4461 574 4515 lIl
588 4463 635 4516 15:
655 4463 818 4532 ,piramides
836 4465 1021 4522 muratae“.
1111 4469 1137 4522 2.
1157 4465 1199 4523 cf.
1211 4467 1272 4524 Eoo
1284 4467 1324 4522 lll
1338 4469 1380 4522 le.
