3142 4850
428 330 594 378 unnuuror
617 330 744 379 conon.
779 327 907 379 muso
1189 311 1258 377 423

90 491 152 558 dom
168 509 292 574 quoque
307 491 449 570 mtrem,
472 509 567 574 quem
582 489 773 572 miserimus,
788 488 881 554 tratri
895 493 1005 556 nostm
1020 484 1258 570 Atdnlbcronii'
1295 502 1365 556 11³0

90 607 243 674 Bremensi
262 605 499 692 archiepiscopo
518 605 644 690 plenam
659 603 818 670 iustitiam
831 602 900 670 fieri
916 623 975 689 pro
992 609 1098 670 rmtra
1112 610 1146 670 et
1159 605 1258 670 totius
1273 573 1339 622 ⁸⁰¹³*
1349 575 1379 621 ²⁴

89 723 170 806 regni
198 721 302 805 gratia
330 721 543 807 disposuimus
574 724 605 786 et
631 741 688 786 sua
711 718 863 786 ecclesiae
886 719 933 785 illi
954 719 1123 804 priuilegia
1144 718 1259 785 confir·

89 855 178 904 mare.
264 837 383 904 Datum
406 835 525 903 Romae
548 835 633 921 apud
657 834 810 902 Sanctum
831 833 962 902 Petrum
985 837 1007 901 6
1029 833 1099 902 Kni.
1115 833 1234 900 Martii.

89 1048 170 1118 245.
194 1048 363 1118 Gaoltcras
384 1050 638 1136 archiepiscopus
655 1049 824 1114 liccem
843 1049 1001 1117 Nordcrto
1019 1049 1258 1134 archiepiscopo

193 1166 461 1252 Maqdebarpeaoo'
472 1166 510 1230 dc
521 1165 847 1232 permarcescunt.
867 1161 1264 1246 monumentarii

190 1303 313 1368 popam
328 1293 476 1368 sequatur
492 1294 663 1366 auctorque
678 1281 831 1347 Miiucio
843 1281 898 1348 m
912 1283 982 1366 cepi
995 1281 1046 1360 ec,
1070 1291 1106 1344 at
1121 1279 1259 1344 Romam

194 1419 290 1484 qaam
309 1399 453 1482 primum
469 1405 585 1483 petat'.
1121 1389 1160 1474 (E
1177 1390 1256 1473 345)

169 1527 353 1596 Venerabili
374 1527 502 1596 domino
518 1527 699 1610 Ntorberto)
722 1533 853 1596 sanctos
865 1525 1185 1613 Parthenopolitnnae
1206 1544 1258 1590 se
1312 1535 1382 1590 1130

84 1644 194 1712 cluniac
230 1645 467 1731 archiepiscopo
497 1643 691 1725 Gtueltsrus)
722 1650 851 1712 sanctae
877 1643 1072 1711 Ravennatis
1107 1639 1258 1706 ecclesiae
1271 1606 1426 1668 Μ’ψ·

84 1762 227 1828 minister
258 1759 333 1827 licet
363 1759 511 1844 indignus
544 1759 679 1828 salutem
711 1765 743 1827 et
774 1765 962 1846 perpetuam
991 1758 1025 1824 in
1053 1756 1178 1823 Christo
1210 1755 1259 1821 di·

82 1875 258 1944 bodonem.

169 1991 257 2060 Visis
279 1990 498 2058 sanctissimus
526 1989 727 2076 paternitatis
751 1995 876 2058 vesum
898 1988 1030 2072 literis,
1059 1986 1174 2073 quibus
1194 2006 1257 2070 me,

83 2125 273 2192 quamquam
302 2106 441 2174 inrisum
467 2111 499 2172 et
525 2106 605 2172 iacis
632 2107 792 2191 ignotum,
814 2106 946 2172 visitare
968 2103 1129 2187 voluistis,
1157 2101 1259 2188 pluri-

81 2243 166 2290 mum
189 2223 226 2290 in
241 2222 378 2290 Domino
401 2221 502 2306 gavisi
526 2226 559 2289 et
579 2222 789 2305 congratulati
811 2241 930 2288 snmus.
965 2219 1064 2298 Quem
1087 2219 1146 2286 etsi
1163 2217 1259 2302 longa

81 2345 239 2406 tertuum
262 2337 370 2426 spacia
392 2337 518 2404 anobis
541 2343 699 2425 separent,
722 2336 930 2424 corporaliter
947 2340 1053 2402 tammo
1074 2336 1110 2400 in
1124 2355 1162 2402 ea
1176 2335 1258 2401 cari·

79 2461 154 2540 tate,
180 2475 264 2541 quae
286 2455 390 2522 divisa
411 2455 570 2521 connectit
592 2460 740 2541 separatu
761 2454 940 2537 coniungit,
970 2451 1179 2538 spiritumiter
1201 2470 1258 2518 ros

79 2572 319 2659 amplectimur3
347 2575 380 2637 ot
401 2590 458 2657 pro
481 2590 575 2657 posse
597 2575 705 2637 nostro
730 2569 818 2637 vobis
841 2570 961 2635 servire
981 2567 1087 2655 parati
1109 2587 1228 2634 samus.

169 2688 275 2773 Super
297 2686 358 2754 hoc
373 2706 457 2770 omo,
481 2686 565 2775 unde
587 2692 730 2753 noenum
746 2685 912 2753 consilium
930 2683 1128 2767 desideratis,
1150 2682 1259 2749 taliter

78 2803 320 2891 respondemus.
411 2801 591 2869 Decedente
613 2803 814 2869 sanctissimo
829 2800 990 2867 Romanae
1005 2799 1089 2867 sedis
1108 2799 1258 2885 episcopo
1274 2814 1341 2861 reor.
1351 2816 1381 2862 14

78 2918 190 2987 beatas
215 2918 389 2985 momoriae
410 2922 501 3004 patre
527 2922 636 2985 nostro
659 2916 818 3001 Honorio,
847 2917 930 2983 sicut
957 2915 1135 2982 audivimus
1164 2918 1197 2980 et
1224 2915 1259 2979 in

79 3038 215 3103 scutato
241 3034 462 3121 comperimus,
486 3034 697 3118 Innocentius,
721 3035 775 3117 qui
799 3032 957 3118 quondam
980 3030 1151 3115 Gregorius
1174 3029 1258 3095 dice·

79 3150 170 3219 batur
195 3150 309 3219 Sancti
328 3149 444 3234 Angsli
466 3149 617 3217 diaconus
640 3148 821 3233 cardinalis,
844 3153 973 3215 auctore
996 3147 1136 3213 omnium
1158 3144 1258 3212 bono-

78 3287 147 3333 rum
171 3267 245 3335 Deo
270 3265 533 3351 quemadmodum
558 3265 597 3333 ab
619 3270 749 3333 aeterno
771 3264 954 3351 providerat
974 3263 1176 3349 disponente,
1200 3280 1258 3347 per

78 3382 269 3451 electionem
292 3381 520 3449 venerabilium
547 3382 682 3448 fratrom
710 3385 742 3447 et
768 3380 968 3446 dominorum
996 3384 1177 3445 neruorum
1199 3396 1258 3443 un·

79 3500 232 3567 animitsr
246 3500 281 3565 in
301 3518 400 3567 unum
415 3497 680 3580 convenientium,
704 3494 873 3563 Guillelmi
887 3494 1085 3561 Praenestini
1100 3491 1258 3560 Mathaeib

77 3614 275 3683 Albanensis
297 3612 445 3681 Iohannis
461 3612 638 3679 Hosticnsis
655 3611 853 3678 chuonradi⁸
877 3610 1072 3678 Subioicnsis
1094 3610 1258 3695 episcopo-

78 3752 146 3799 rum
164 3736 200 3799 et
214 3730 412 3815 reliquorum
427 3728 651 3796 catholicorum
668 3726 888 3811 cardinalium,
903 3727 944 3793 ad
959 3731 1087 3793 sanotae
1097 3724 1259 3791 Romanae

79 3846 234 3915 acclesiae
257 3846 399 3929 regimen
421 3844 570 3913 canonice
596 3846 778 3929 assumptus
806 3848 864 3909 est
955 3841 1160 3908 Postmodum
1183 3858 1259 3907 roro

77 3961 193 4031 Petrus
215 3960 352 4045 Leonis,
385 3960 439 4045 qui
461 3964 613 4046 poputum
638 3980 658 4025 a
679 3958 781 4043 longis
805 3963 891 4025 retro
913 3956 1109 4043 temporibus
1132 3954 1258 4022 affecto·

79 4085 178 4163 rorat,
195 4082 371 4165 pareutum
384 4075 547 4158 violantia,
563 4074 725 4159 sanguinis
741 4072 902 4159 offusione,
921 4072 1152 4139 decrustatione
1167 4090 1258 4139 sanc-

80 4200 183 4261 tarum
208 4194 403 4277 imaginum,
430 4191 513 4257 iacta
541 4191 638 4257 etiam
660 4191 910 4277 conspiratione,
937 4188 1149 4257 inverecunda
1176 4188 1258 4254 facie

151 4360 173 4392 a
198 4359 231 4393 cc
248 4340 481 4399 Visne—um
496 4356 521 4403 p.
532 4342 677 4389 erc—31⁶.
770 4340 793 4389 ir.
817 4340 884 4403 Η.
977 4338 1082 4387 e.·c.t⁷.

149 4439 234 4497 1.11.
