3142 4850
423 315 590 364 unsnmcr
612 315 739 364 courrx.
777 313 837 366 roa.
852 313 903 366 roe
1183 297 1249 364 349

95 469 169 540 193.
189 473 372 560 Presbyteri
391 475 570 540 eordrbolee
587 475 707 540 Rornae
729 477 872 562 depectere
892 475 1068 542 electionem
1083 472 1202 540 Calirts'
1213 474 1256 539 Il

183 611 302 676 popae,
326 592 385 656 ersi
404 603 513 656 contro
527 611 644 656 moron
660 589 841 657 Romanum
854 592 992 677 foetum,
1017 591 1248 677 comprobant&

1115 704 1154 785 (Ε
1171 703 1249 786 295)

168 834 350 903 Cardinalcs
366 837 483 904 Romae
499 836 648 920 degentes
661 837 841 905 Bouilacins
855 837 941 904 tituli
959 839 1061 904 sancti
1075 837 1185 922 Marci,
1201 837 1250 903 lo·
1270 841 1339 959 ff

88 949 196 1017 hanncs
211 952 295 1019 tituli
311 959 439 1020 sanctae
451 952 596 1038 Cecilioe,
620 953 810 1020 Anastasius
826 953 931 1020 tituli*
952 954 1053 1020 sancti
1068 952 1249 1037 Clementis,
1330 947 1336 960 '

86 1063 262 1134 Benedictus
276 1067 362 1136 tituli
376 1069 522 1136 sanctae*
537 1068 712 1153 Eudoxias,
736 1068 871 1135 Dirizo·
885 1068 991 1135 tituli⁴
1005 1067 1136 1154 Equitii,
1160 1067 1250 1134 Diet-

84 1181 204 1267 paldus·
228 1184 312 1250 tituli
334 1183 544 1271 Pammaobii,
574 1185 741 1252 Reinerus'
763 1184 849 1250 tituli
872 1190 1053 1251 sanctorum
1074 1184 1251 1250 Marcellini

85 1302 113 1362 ot
137 1296 237 1382 Petri,
273 1299 457 1366 Desiderius
486 1300 572 1367 tituli
604 1305 731 1367 sanctae
760 1299 929 1383 Praxedis,
966 1299 1136 1384 Gregorius
1165 1298 1251 1366 tituli

83 1418 202 1480 sanctae
225 1411 380 1498 Lucinae,
410 1415 502 1499 Hugo
525 1415 608 1482 tituli
632 1415 864 1502 apostolorum,
893 1415 1070 1482 karissimis
1097 1415 1250 1482 fratribus

84 1533 112 1593 et
131 1529 353 1614 cardinalibus,
376 1532 429 1616 qui
452 1532 536 1598 ultra
558 1537 681 1598 montes
705 1536 789 1615 sunt,
813 1531 958 1598 salutem.

162 1645 372 1712 Dilectionem
401 1651 538 1714 vestram
568 1647 668 1714 latere
695 1667 760 1712 non
787 1646 960 1713 credimus:
991 1647 1074 1730 quod
1102 1657 1160 1713 cx⁶
1188 1645 1250 1712 Ro·

80 1777 186 1826 manae
202 1760 354 1828 ecclesiae
368 1761 442 1828 filiis
461 1762 645 1849 presbiteris
662 1762 711 1829 vel
727 1761 965 1828 diaconibus-
979 1765 1011 1828 et
1032 1761 1116 1826 infra
1138 1759 1249 1827 urbem

79 1875 104 1940 si
125 1877 277 1962 possibile
298 1878 404 1962 luerit,
429 1878 478 1944 vol
501 1884 592 1944 extra
614 1879 649 1945 in
662 1877 740 1944 locis
755 1877 899 1943 finitimis
914 1912 956 1923 -
973 1881 1046 1963 post
1067 1875 1249 1943 excessum¹¹

77 1993 188 2058 summi
217 1992 377 2080 pontificis
404 2013 540 2080 persona
567 1994 606 2059 ad
640 1991 754 2081 papale
783 1992 921 2061 officium
947 1993 1078 2076 idonea,
1114 1992 1248 2058 decretis

77 2113 257 2174 sanctorum
284 2108 468 2195 pontificum
497 2109 647 2194 testibus,
677 2109 717 2176 ad
746 2109 871 2176 culmen
899 2108 1108 2194 apostolicum
1136 2107 1249 2175 debeat

76 2222 216 2290 exaltari.

161 2339 248 2406 Sane
271 2339 408 2424 quidem,
431 2339 549 2406 nostris
573 2338 771 2424 exigentibus
794 2339 926 2425 meritis,
950 2341 1025 2426 quia
1047 2361 1105 2406 nos
1128 2359 1247 2424 sumus,

73 2453 103 2518 in
119 2474 198 2540 quos
214 2454 295 2522 fines
312 2455 488 2523 seculorum
504 2457 706 2541 devenerunb
723 2476 795 2523 cum
811 2478 850 2523 cx
861 2456 1003 2523 Romano
1018 2476 1106 2528 more
1122 2454 1249 2523 electio·

72 2588 140 2636 nem
176 2572 285 2638 facere
321 2572 547 2659 impediamur,
591 2573 791 2657 electionem,
827 2592 923 2658 quam
957 2573 1025 2639 ros*
1057 2572 1097 2637 de
1132 2570 1354 2639 domnorum

74 2682 247 2771 Guidone¹,
278 2686 353 2753 olim
377 2688 613 2775 archiepiscopo
637 2688 807 2755 Viennensi
835 2707 921 2754 nunc
943 2708 1017 2754 vero
1041 2686 1168 2752 dominc
1190 2704 1248 2751 no·

72 2804 151 2885 stro,
175 2804 317 2887 fecistis,
347 2804 478 2871 curitme
502 2804 608 2871 debita
630 2804 861 2889 consentimus,
890 2809 922 2870 et
944 2800 1167 2869 consentiendo
1190 2820 1248 2867 nos

71 2912 191 3002 Spiritu
217 2918 337 2986 dirino'
361 2918 488 2987 afflante
515 2918 698 3004 laudemus,
725 2920 934 2987 unanimitate
958 2918 1114 2985 vinciente
1141 2937 1247 2984 corro-

70 3030 229 3101 boramus.

73 3242 156 3314 194.
178 3248 345 3313 Diaconos
369 3250 547 3315 cardinales
572 3249 693 3315 Romae
715 3251 856 3335 depectes
881 3248 1057 3315 electionem
1080 3246 1198 3313 Caluri
1210 3246 1253 3312 Il

174 3386 290 3451 pupae
311 3364 481 3451 protanam.
1111 3362 1151 3443 (Ε
1167 3362 1246 3443 296)

154 3494 402 3564 Venerabilibus
425 3498 459 3563 iu
481 3497 617 3564 Domino
641 3497 793 3564 fratribus
817 3495 999 3564 diaconibus
1022 3494 1245 3579 cardinalibus,
1267 3514 1336 3568 1119

68 3610 120 3694 qui
141 3612 233 3679 ultra
263 3618 387 3680 montes
416 3619 504 3697 sunt,
534 3614 680 3680 diacones
710 3612 902 3696 cardinales,
932 3610 986 3717 poi
1016 3610 1135 3678 Romae
1161 3616 1245 3695 sunt,
1268 3586 1334 3633 ³¹⁸⁸*

65 3726 211 3795 salutem.

152 3844 431 3924 Quemadmodum
462 3844 552 3911 nobis
581 3844 771 3931 scripsistis,
804 3842 983 3927 karissimi,
1017 3842 1053 3907 in
1080 3840 1247 3908 dilectione

132 4044 154 4077 ι.
179 4046 216 4083 ex,
229 4032 252 4077 V
266 4032 324 4085 121,
347 4031 570 4091 ΜΔΝ-965.
599 4029 732 4077 Edldmot
748 4045 776 4077 eu
794 4026 841 4087 (L)
860 4027 910 4075 cod.
928 4029 952 4074 Β.
968 4026 1095 4074 namt·
1110 4024 1246 4073 Leodimsis

64 4108 173 4157 uerum
190 4118 214 4157 et
231 4109 340 4157 Darasa
357 4109 413 4157 Goll.
430 4109 528 4171 umpll
540 4112 596 4157 6⁴5.
674 4109 697 4155 b.
721 4123 763 4155 om.
775 4107 803 4155 L.
882 4120 902 4153 c.
925 4106 1046 4153 DirisoL
1124 4105 1148 4151 d.
1172 4106 1246 4152 sancti

65 4186 156 4237 sucu.
232 4204 256 4237 ο.
277 4188 425 4237 Tibulduslt.
496 4190 510 4235 l.
535 4188 656 4236 Rainerlua
667 4188 694 4235 L.
765 4201 786 4246 g.
810 4186 883 4242 sve,
901 4200 928 4232 cr
939 4185 968 4232 L.
1037 4186 1060 4232 ln
1086 4185 1205 4232 decessum
1217 4183 1245 4231 L.

64 4266 177 4317 inosZ.
256 4268 280 4314 lc
295 4268 392 4315 widona
403 4269 426 4323 V,
443 4268 562 4315 Gnnidoue
574 4268 600 4325 Ζ,
618 4267 694 4315 Gula.
766 4267 782 4313 l.
804 4266 881 4314 divino
896 4266 994 4313 onem
1067 4280 1097 4312 m.
1118 4280 1147 4311 m
1161 4266 1244 4322 Vm,

64 4346 86 4391 Ζ
98 4362 123 4407 p.
134 4351 197 4396 265.
229 4346 367 4395 Edideruat
383 4346 430 4406 (L)
452 4362 481 4395 eu
501 4346 550 4395 cod.
567 4344 885 4395 &mollescimus
901 4346 1010 4393 Mos-teas
1029 4352 1051 4393 et
1066 4344 1171 4392 Durmsd
1188 4344 1245 4392 (loll

64 4426 130 4488 onpl.
148 4429 164 4475 1
179 4430 241 4476 old.
