3142 4850
313 275 357 340 do
699 289 865 340 unsumor
885 289 1013 338 eonux.
1049 286 1106 340 ne

213 465 293 585 riwi
401 448 434 516 -Ι-
454 445 662 515 Ancstesius¹
696 447 876 534 Ungrorum
905 448 1162 535 achiepiscopus
1193 447 1324 514 interfui
1352 449 1386 514 et
1411 445 1482 514 sub-

400 679 436 746 ·t·
455 677 614 746 Adelbero
636 677 811 746 Besilemis
833 678 964 746 interfui
986 685 1021 746 et
1041 678 1225 766 subscripsi.

401 794 434 862 ÷
456 793 548 877 Hugo
571 790 766 860 Genuensis¹
789 794 972 882 subscripsi.

400 910 436 977 ÷
456 902 641 975 Heinricus⁸
663 906 877 977 Lauronensis
898 911 1082 996 subscripsi.

401 1024 436 1092 ÷
456 1023 624 1091 Eokeherd
647 1023 865 1110 Slesuigensis
887 1025 1070 1112 subscripsi.

402 1140 436 1206 ÷
457 1139 626 1208 Albericus
648 1139 810 1210 Cumanus
832 1142 998 1229 episcopus
1020 1140 1150 1208 interfui
1171 1143 1204 1206 et
1225 1137 1407 1224 subscripsi
1456 1191 1461 1198 .

401 1255 435 1323 Ἰ-
457 1253 617 1322 Richolfos
641 1255 892 1341 Tergestincneis
913 1257 1045 1326 ecclesie
1067 1254 1297 1344 episcopum-i.

315 1470 351 1542 8.
381 1469 538 1536 Iohannes
569 1469 625 1534 IV
649 1471 842 1556 patriarcha
868 1471 1082 1557 Aquileiensis
1110 1470 1262 1537 Hermo
1291 1467 1316 1534 I
1339 1471 1485 1554 epsicopo

382 1585 632 1672 Wezehcrqmi
645 1587 684 1650 ds
698 1587 883 1672 episcopato
896 1587 1124 1674 Bamderpenos'
1139 1587 1263 1652 condito
1276 1579 1484 1670 pandam!

1371 1696 1411 1777 (E
1429 1697 1485 1778 82)

126 1813 129 1823 ’
227 1843 295 1898 root
403 1833 592 1904 Beatissimo
615 1831 744 1900 domino
767 1837 801 1900 et
822 1833 948 1901 ducere
968 1835 1102 1902 cerimte
1129 1832 1287 1917 diligendo
1309 1829 1486 1911 H(einrico]

313 1957 442 2019 sencino
470 1947 742 2033 wirzeburgensis
771 1948 921 2017 ecclesiae
949 1949 1123 2018 venerebili
1156 1949 1303 2035 episcopo
1330 1946 1488 2014 Iohannes

314 2071 442 2134 sonctse
470 2063 700 2149 Aqrrileiensie·
733 2065 884 2133 ecclesius
916 2065 1099 2152 patriarche
1130 2084 1203 2132 cum
1235 2062 1381 2130 omnibus
1409 2081 1488 2128 suec

314 2181 475 2248 dioceseos
503 2179 660 2265 episcopie
689 2181 863 2248 fraternum
891 2181 1093 2249 dilectionem
1115 2181 1149 2246 in
1172 2201 1225 2264 eo,
1251 2179 1306 2265 qui
1326 2178 1415 2265 prior
1438 2177 1489 2242 di·

312 2296 394 2364 iexit
418 2315 477 2362 nos
505 2299 538 2362 et
564 2295 697 2362 tradidit
725 2301 827 2364 semet
847 2297 953 2383 ipsum
974 2316 1034 2384 pro
1055 2295 1258 2381 nobis,10su
1282 2293 1406 2361 onusto
1431 2292 1489 2360 do-

313 2412 400 2481 mino
422 2415 541 2479 nostro.
1114 2491 1117 2497 ¹

402 2525 501 2612 Licet,
528 2526 701 2595 reverende
722 2526 841 2613 freter,
869 2529 1030 2596 iratumne
1051 2526 1228 2595 dilectionis
1251 2546 1328 2593 curn
1349 2544 1407 2593 nos
1431 2524 1490 2591 ad-

314 2648 456 2727 monent,
486 2647 522 2709 ut
542 2642 576 2707 iu
603 2641 748 2709 omuibus
778 2644 927 2730 operibns
954 2644 1063 2728 bonis,
1095 2664 1156 2730 que
1184 2643 1330 2710 conditor
1355 2642 1491 2709 hnmani

313 2760 438 2845 generis
465 2756 712 2827 misericorditer
747 2759 789 2827 sd
816 2758 952 2827 sulutem
978 2761 1109 2828 cottidie
1137 2760 1294 2847 disponit,
1326 2757 1491 2825 inmenens

313 2876 488 2960 mederum
515 2875 655 2943 notiones
684 2876 746 2962 ipsi
770 2894 863 2959 ogere
886 2875 1072 2959 debeamus,
1103 2876 1351 2961 quandocunque
1379 2879 1490 2939 tumen

314 2990 364 3058 vel
385 2992 563 3077 ubicunque
584 3011 624 3057 ex
645 2996 798 3077 prouectu
819 2996 948 3058 ssuctne
968 2990 1118 3059 molosso
1133 2990 1184 3058 vel
1204 2992 1272 3058 eius
1294 2988 1491 3058 exultatione

313 3104 487 3173 locustioued
516 3105 636 3191 aliquid
663 3125 721 3172 nos
751 3105 911 3191 magnifici
940 3108 1046 3193 operis
1074 3106 1185 3173 audire
1212 3105 1408 3190 contigerit,
1438 3106 1492 3171 in·

313 3240 444 3289 meusne
465 3220 642 3289 deuotionis
665 3219 780 3289 effectu
802 3226 836 3289 et
857 3222 1010 3310 spiritslis
1033 3221 1237 3290 exultationis
1261 3220 1375 3289 effectu
1395 3221 1493 3289 illum

313 3335 445 3403 laudere
467 3341 500 3405 et
527 3335 711 3404 benedicere
734 3342 767 3404 et
788 3337 973 3423 praedicere
1000 3338 1167 3423 debemus,
1190 3339 1279 3404 cuins
1304 3337 1384 3405 hoec
1404 3338 1495 3405 donn

314 3456 496 3519 suntote
526 3470 588 3536 quo
617 3452 701 3520 bone
728 3458 842 3520 cuncte
869 3452 1070 3521 ineffabiliter
1097 3453 1283 3541 procedunt
1316 3453 1379 3532 Qui
1403 3455 1494 3522 inter

315 3566 558 3634 innumerabilis
587 3566 799 3654 sempiternes
821 3568 1013 3652 dignationis
1042 3575 1242 3637 sacramente
1268 3590 1307 3636 es
1333 3569 1433 3637 etiam
1453 3571 1494 3637 in

315 3702 445 3751 suorum
467 3681 613 3750 cordibus
634 3683 816 3770 principum
838 3683 949 3768 dictet,
972 3703 1034 3770 que
1055 3684 1097 3751 nd
1111 3685 1283 3753 multorum
1306 3684 1493 3771 exemplum

315 3804 349 3865 et
370 3797 505 3867 salutem
527 3797 694 3885 profuturo
715 3803 875 3886 procuret

403 3913 441 3981 In
463 3912 577 3999 quibus
600 3934 698 3981 unum
715 3920 772 3999 est,
797 3914 881 4000 quod
896 3934 998 4002 nuper
1012 3915 1165 3982 divinitus
1179 3916 1299 3983 fuctum
1313 3916 1496 3985 maximnm

314 4030 473 4099 mentibus
494 4028 612 4097 uostris
633 4028 794 4099 heticium
814 4032 987 4115 gensrsuit
1021 4032 1212 4099 Audivimus
1233 4050 1381 4117 nemque,
1404 4034 1496 4118 qnod

385 4212 406 4244 ι
429 4198 522 4245 interfui
537 4201 561 4245 et
576 4197 703 4259 subscripsi
715 4198 773 4247 'odd
784 4198 848 4247 VZC.
909 4200 932 4248 b.
956 4202 1162 4257 &Vno—33,
1180 4200 1202 4247 Ζ
1210 4216 1237 4262 p.
1247 4202 1279 4248 64
1294 4206 1317 4247 et
1332 4200 1387 4256 ue,
1407 4198 1495 4249 017σ

315 4278 389 4323 -18,
461 4290 480 4324 c
504 4277 672 4337 Aquilonensis
687 4278 711 4326 V.
781 4280 803 4326 d
827 4278 877 4336 εἰος
891 4293 925 4327 ue
938 4280 1069 4328 locutione?
1139 4296 1159 4329 s.
1183 4279 1321 4339 contingerit
1337 4278 1363 4329 0.

387 4390 412 4443 1.
431 4388 596 4445 sdsoricus
614 4388 733 4462 archiep.
745 4388 951 4462 strigoniensis.
1022 4395 1049 4448 2.
1067 4393 1247 4449 Geuevensie.
1318 4393 1346 4447 3.
1362 4392 1386 4447 Ι.
