3142 4850
393 300 516 348 annuis
539 301 620 348 vrrs
641 300 800 349 orroms.
834 302 900 350 ara.
917 301 943 348 11
965 299 983 349 a
1205 283 1270 348 623

100 457 278 544 Statimque
300 459 453 545 completa
468 461 672 539 dedicatione,
698 483 777 546 opne
793 460 951 545 euanpelii
970 459 1186 526 indubitanter
1199 459 1270 526 oolo
1290 473 1361 528 1124

98 574 240 658 appredi.
276 573 409 640 Interim
430 597 514 655 nero,
539 588 669 662 accepta
686 601 707 640 a
721 597 769 642 nte
787 577 936 661 pecnnia,
960 586 1056 640 oeetee
1079 586 1108 640 et
1128 596 1269 639 neceesa-

97 691 285 774 niuemque
300 688 359 754 tibi
381 711 539 776 conopaeo.
577 689 663 770 Quia
678 692 722 756 ad
735 692 961 775 suppetam
982 691 1067 756 beati
1086 692 1152 754 oiri
1165 690 1270 756 Bern-

97 803 195 868 bandi
214 826 279 868 non
301 826 372 868 enon
394 808 541 870 tenuitate
562 807 618 870 aed
632 806 855 871 mandanae
868 817 934 870 wan
948 807 1079 870 onnam
1094 826 1189 890 qum
1203 808 1269 870 oic-

97 915 234 982 tnabinen
254 919 450 987 Pomeranoe
474 921 563 985 adire
585 941 643 984 noe
666 932 802 1005 oportet·
824 942 873 999 ne,
898 941 969 984 cnm
989 923 1189 1006 paupertatis
1211 943 1269 984 on·

94 1035 219 1118 queam
241 1035 277 1098 in
292 1033 383 1098 nobie
399 1035 667 1120 deprehenderint,
690 1057 755 1100 non
776 1035 843 1100 zelo
865 1037 983 1100 imane
1003 1037 1059 1100 red
1079 1057 1140 1119 pro
1162 1037 1271 1120 inopie

95 1148 267 1213 relevanda
288 1151 469 1216 necestitate
490 1151 547 1216 illo
563 1173 620 1216 nos
635 1152 790 1235 miproeee
806 1149 992 1214 cavillentur
1006 1161 1044 1229 et,
1068 1151 1196 1216 verbnm
1217 1174 1270 1216 aa·

97 1263 174 1330 labb
195 1264 383 1348 rffnwntes,
413 1289 435 1329 a
454 1265 576 1347 finibin
598 1269 665 1330 saie
687 1287 745 1329 noa
768 1267 899 1340 eiciant·
926 1267 1009 1330 sicat
1037 1277 1067 1330 et
1092 1265 1185 1330 illam
1206 1266 1273 1332 Dei

86 1378 255 1463 fanniam
278 1381 463 1445 abiecerunt.
501 1379 567 1446 Sed
582 1393 611 1446 et
625 1401 748 1446 eneam
763 1382 823 1446 tibi
836 1379 1003 1465 quemlibet
1018 1380 1146 1462 fidelem
1169 1394 1198 1446 et
1219 1384 1269 1446 in-

95 1495 255 1558 amman
282 1497 317 1558 in
344 1497 516 1560 miniaterio
542 1497 690 1581 provide,
723 1517 815 1580 quem
842 1496 915 1559 baio
942 1494 1046 1559 labori
1071 1507 1182 1580 aptam
1207 1518 1271 1560 eece

95 1610 290 1691 ooqnooerie.
362 1607 450 1674 Tunc
465 1607 645 1676 Udalrioua:
669 1611 729 1676 Eat
744 1609 849 1694 inquit
862 1609 1041 1674 adobecene
1058 1610 1162 1693 officio
1178 1611 1269 1675 cieri·

94 1743 153 1786 ene
167 1725 293 1788 nornine
300 1721 477 1807 Sessidae',
489 1728 616 1810 inpenio
628 1739 736 1792 acutae
751 1738 917 1790 stennone
932 1738 961 1789 et
969 1725 1094 1806 fidelia·
1107 1728 1164 1810 qni
1176 1729 1271 1790 etiam

94 1840 195 1902 emnia
216 1840 253 1902 in
274 1841 394 1918 tinere,
421 1862 491 1904 enm
512 1863 632 1907 necesso
647 1854 701 1920 eet,
725 1841 898 1905 eonibentia
920 1853 1062 1926 pronatae
1085 1852 1114 1905 et
1135 1842 1271 1925 impiaer

95 1954 166 2017 erit
202 1951 308 2032 Hane,
332 1957 540 2020 meoiudicio
560 1957 708 2020 idonenni
730 1956 803 2020 baio
821 1957 1084 2042 pnepoinationi,
1108 1967 1159 2020 tae
1178 1967 1271 2040 poter

94 2067 262 2133 dilectioni
283 2068 388 2153 offae.
478 2068 569 2146 Quod
589 2070 661 2155 pius
679 2069 753 2136 Otto
776 2075 939 2153 gratanter
962 2068 1152 2154 eusdpiens:
1176 2070 1272 2136 Recte

94 2179 146 2246 ait
167 2182 326 2250 indicanti.
361 2183 425 2248 Hic
443 2185 588 2270 dnnoepe
610 2187 798 2271 precipnrnn
819 2189 902 2252 inter
914 2186 1101 2270 familiares
1123 2207 1217 2265 eneae,
1242 2199 1272 2252 te

93 2310 290 2382 aapperente,
317 2299 419 2362 locam
442 2299 597 2365 obtinebit.

186 2409 264 2477 Post
285 2410 343 2479 heo
364 2411 461 2497 igitur
484 2412 627 2480 dedicata
649 2419 756 2482 sancte
772 2413 861 2481 Fidis
883 2413 1015 2481 eeclesia
1037 2419 1070 2481 et
1089 2416 1141 2481 vie
1164 2434 1271 2501 sump-

93 2526 183 2593 tibus
206 2528 401 2611 aggregatis,
431 2547 501 2593 oum
526 2526 743 2614 proficiscendi
765 2535 890 2615 tempus
912 2530 1062 2613 instaret,
1088 2529 1270 2596 Udalricum
1287 2553 1431 2613 ape-uu.

93 2662 224 2733 servum
251 2641 313 2709 Dei
345 2643 513 2729 repentina
546 2643 642 2711 febris
676 2644 802 2711 invasit.
847 2644 972 2712 Ancilla
1005 2645 1122 2711 etenim
1153 2643 1271 2711 Christi

91 2756 277 2823 Berchrada
300 2762 332 2824 et
346 2755 602 2825 Weudelmu0t⁵¹
624 2779 695 2825 oum
719 2758 801 2842 aliis,
824 2760 937 2844 quibus
960 2759 1014 2825 ille
1031 2759 1099 2826 Deo
1122 2764 1270 2844 aceeptus

92 2872 244 2939 sacerdos
267 2872 301 2939 in
323 2873 391 2939 looo
408 2872 663 2957 Babenbergeusi
686 2874 791 2941 verbis
813 2879 847 2941 et
867 2873 1021 2960 exemplis
1043 2874 1271 2959 irreprehensi·

92 2987 203 3055 biliter
225 2994 362 3073 preerat,
390 2990 524 3056 assiduis
548 2989 589 3055 ad
611 2988 713 3056 Deum
737 2989 884 3075 precibus
906 2994 940 3055 et
960 2987 1100 3055 lacrimis
1123 2987 1175 3054 hio
1197 3009 1270 3055 eum

90 3104 313 3185 detinuerant;
338 3124 470 3189 quorum
493 3103 714 3191 proculdubio
730 3104 858 3171 vocibus
874 3102 981 3170 divine
998 3125 1089 3171 aures
1104 3102 1269 3171 clementie

90 3218 264 3305 patebant,
294 3221 369 3305 quia
397 3225 429 3285 et
451 3240 487 3285 eo
510 3224 653 3306 tempore
675 3220 705 3286 ei
734 3221 766 3286 in
791 3221 857 3285 suis
887 3221 1045 3306 preceptis
1068 3219 1270 3287 devotissime

91 3333 317 3401 obaudiebant.
410 3334 472 3401 Sed
495 3336 566 3420 pius
583 3334 668 3419 Otto,
692 3335 870 3417 egritudine
892 3336 960 3419 eius
982 3335 1054 3422 plus
1071 3356 1167 3420 quam
1183 3335 1270 3402 credi

91 3454 204 3537 potest
218 3450 422 3517 contristatus
437 3450 604 3534 triduoque
619 3449 704 3517 ultra
719 3451 897 3517 condictum
912 3423 1037 3535 teinpus
1051 3455 1182 3536 propter
1197 3468 1269 3517 eum

90 3565 128 3631 iu
152 3564 281 3631 civitate
303 3564 556 3648 Babenbergensi
579 3565 775 3649 demoratus,
806 3565 937 3632 cottidie
964 3585 1037 3631 eum
1063 3570 1128 3631 nm
1156 3586 1214 3651 per
1235 3585 1270 3631 so

91 3700 193 3765 quam
222 3700 280 3765 per
303 3700 376 3748 suos
398 3680 572 3747 familiares
595 3681 745 3748 visitabat
773 3686 820 3762 et,
848 3681 877 3747 si
900 3700 963 3765 qua
984 3659 1131 3752 sanitatis
1152 3680 1270 3747 iudicia

2 3834 5 3837 ·
90 3796 260 3879 adessem,
289 3801 423 3882 paterna
449 3795 659 3863 sollicitudine
687 3794 882 3882 explorabat
917 3795 1035 3861 Verum
1058 3814 1122 3861 non
1144 3814 1269 3861 cassan

91 3912 182 3979 tibus
205 3910 365 3979 doloribus
393 3910 491 3977 immo
513 3910 687 3977 cottidiana
709 3909 769 3976 Dei
798 3915 879 3975 nuta
899 3910 1096 3976 incrementa
1116 3910 1270 3995 capienti·

91 4026 166 4109 bus,
190 4025 239 4091 vir
253 4024 313 4093 Dei
330 4025 463 4092 electum
481 4044 537 4091 sue
560 4025 823 4110 peregrinationis
837 4025 985 4091 comitem
1008 4044 1071 4090 non
1089 4023 1158 4090 sine
1179 4024 1269 4107 gravi

170 4214 191 4247 a.
216 4200 314 4249 Siirldan
332 4199 356 4247 0.
433 4200 457 4246 b.
480 4200 516 4247 aio
531 4200 618 4263 etr-ipsi
628 4200 854 4261 proWantzelmnot
871 4199 902 4257 G,·
918 4196 950 4262 cfi
960 4201 1030 4247 nott
1046 4205 1068 4247 et
1083 4198 1111 4246 1..
1122 4199 1164 4245 111
1174 4213 1195 4247 e.
1202 4201 1239 4246 14.

171 4298 194 4351 1.
214 4296 257 4350 De
269 4294 464 4350 wendelmuot
481 4308 629 4364 moverta,
652 4295 776 4365 „nomed
798 4292 911 4350 anuum
929 4294 959 4351 S.
971 4294 1045 4349 Petri
1063 4292 1160 4349 Bamb.
1178 4310 1205 4350 v.
1217 4293 1269 4349 Ne·

91 4383 162 4439 arel.
176 4381 204 4438 S.
218 4383 291 4437 Petri
310 4382 346 4437 ad
363 4383 381 4438 3
399 4382 440 4437 ld.
454 4381 521 4451 Apr.
541 4396 624 4451 supra
640 4398 667 4451 p.
680 4384 743 4437 tor.
