3142 4850
301 308 369 375 6‘10
580 323 705 373 anours
726 324 808 371 vrrs
830 322 987 371 muours.
1022 322 1089 379 erp.
1104 320 1144 368 ru
1166 316 1200 369 ro

213 500 283 555 112⁷
301 485 421 571 gratias
443 504 547 568 agore,
571 484 656 568 qnod
677 502 787 549 servus
811 482 872 549 Dei
894 481 934 549 ab
957 481 1003 547 cis
1026 480 1216 562 saoesusset,
1244 476 1319 563 quia
1342 496 1378 543 eo
1401 495 1472 562 pre-

302 606 391 669 sente
414 600 496 667 bello
518 599 674 666 insumam
697 599 760 665 sibi
773 602 899 681 gentem
916 596 1064 681 obpotero
1080 596 1233 679 nequiret
1325 591 1383 659 Oui
1406 591 1473 677 epi·

302 736 432 803 scopus:
455 718 529 783 aui
550 738 605 803 spo
628 716 676 781 ait
695 716 818 795 saecu,
843 716 898 779 scd
919 714 1105 779 Uodolsicus
1128 712 1346 777 dilectissimus
1368 708 1473 795 cupel-

303 834 395 899 laous
415 854 503 897 meua
524 834 573 897 idi
591 834 758 912 remansit,
789 853 880 916 quem
905 852 968 917 pro
991 829 1207 913 confirmando
1229 824 1473 892 accusanda

300 949 390 1036 plcbc
414 948 565 1034 aeopbt'tu
589 948 657 1012 tuo
683 948 817 1033 reliqui3
845 960 874 1013 et
901 970 965 1011 ooo
993 947 1113 1011 minori
1135 966 1198 1030 pro
1227 965 1261 1008 eo
1292 963 1387 1027 quam
1412 960 1473 1025 pro

301 1076 410 1129 mouet
438 1066 509 1149 ipso
537 1086 640 1149 uapor
665 1063 885 1128 sollicitudine.
931 1061 1068 1127 Novaria
1095 1081 1185 1145 erpo,
1217 1058 1272 1141 fili
1298 1058 1473 1134 barusim,

302 1182 395 1265 quio,
422 1180 453 1243 εἰ
471 1200 587 1244 novum
609 1178 726 1245 curua
745 1200 895 1264 sponsum
917 1178 976 1243 boc
996 1178 1115 1261 impetu
1137 1174 1212 1239 delli
1232 1184 1474 1259 conquassatam

294 1297 377 1379 fidoi
396 1297 472 1381 iopo
494 1294 733 1374 odulman-is,
757 1297 793 1358 io
816 1294 972 1359 truncando
995 1294 1138 1357 counias
1152 1292 1305 1355 rationem
1321 1288 1392 1354 Deo
1414 1308 1473 1373 po·

302 1413 420 1476 satam
443 1414 521 1488 cosb5
549 1412 605 1475 sed
626 1423 655 1475 et
676 1432 732 1496 epo
754 1430 815 1495 pro
839 1410 947 1475 ooibue
970 1408 1214 1473 oblimatas
1235 1416 1366 1471 mortem
1391 1407 1473 1469 ecci·

298 1548 377 1613 pere
396 1538 531 1612 paratus
548 1548 627 1590 cum.
717 1524 770 1590 Aa
792 1524 849 1591 hec
872 1523 940 1589 ille:
969 1523 1010 1590 sc·
1030 1522 1135 1607 inquit
1155 1522 1338 1587 domaratus
1358 1520 1474 1585 Pome-

301 1662 455 1707 ruoooum
481 1644 548 1705 dua
572 1644 874 1726 persemetipsum
899 1640 998 1705 misdi
1023 1660 1185 1735 ocurrere
1211 1650 1240 1703 et
1266 1640 1393 1702 aenium
1421 1638 1474 1700 de·

299 1747 430 1844 precari
455 1756 602 1836 oolacrt't,
633 1758 764 1841 facium
796 1758 966 1821 amodum
999 1758 1126 1821 verbum
1157 1768 1252 1819 wana.
1304 1752 1475 1837 Testorque

302 1873 498 1952 Demadi,
523 1874 609 1957 quod
629 1894 687 1937 uec
707 1875 834 1938 domino
858 1894 924 1937 mco
947 1874 1017 1957 rapi
1039 1871 1191 1937 luthorio
1214 1872 1248 1935 io
1272 1882 1338 1935 tum
1356 1868 1477 1954 prandi

301 1992 429 2074 nepoco'o
452 2008 639 2064 annuerem
665 1989 722 2052 sed
745 2010 830 2053 aaut
852 1988 1008 2053 tonoraoi
1026 1988 1150 2073 faciem
1171 1999 1258 2051 mom
1281 1998 1309 2051 ot
1331 2006 1473 2051 recum·

301 2105 377 2169 ἅαηι
399 2107 556 2184 candum,
581 2125 677 2188 quum
695 2125 758 2189 pro
773 2126 880 2169 autore
895 2104 961 2168 Dct'
981 2105 1017 2169 s'u
1031 2116 1097 2168 tum
1116 2114 1250 2168 remotos
1265 2100 1474 2167 barbarorum

301 2223 444 2305 rubeos
457 2219 605 2304 satipore
626 2240 691 2283 noo
705 2220 865 2284 aalma.
956 2216 1031 2283 blox
1049 2237 1124 2301 ergo
1146 2215 1241 2301 legati
1264 2214 1474 2296 honombilcs,

302 2332 509 2402 Wortizlaom
532 2332 643 2399 docem
671 2338 704 2399 et
724 2332 925 2399 Uodalrioum
949 2332 1144 2419 capellanum
1174 2331 1398 2413 accersientes,
1428 2330 1477 2395 di-

301 2451 465 2536 riguntur,
494 2449 569 2516 data
591 2450 637 2516 eis
660 2450 749 2536 prius
770 2449 951 2516 firmissime
979 2449 1067 2536 pacis
1090 2449 1268 2516 desiderata
1293 2448 1475 2514 securitate

302 2565 374 2650 Qui,
396 2566 491 2633 trium
516 2566 636 2633 diorum
659 2566 774 2631 itinere
789 2565 940 2650 coniecto,
963 2564 1126 2631 Polouiam
1142 2569 1296 2631 venerunt
1311 2569 1354 2646 et,
1377 2563 1477 2630 lrono-

301 2681 389 2750 rilice
416 2701 488 2749 cum
521 2702 579 2748 suo
608 2681 761 2748 comitatu
790 2681 944 2766 suscepti,
979 2699 1108 2748 oausam
1136 2701 1194 2767 pro
1229 2700 1293 2766 qua
1322 2685 1478 2746 uenerant

301 2803 439 2865 uacare
461 2802 621 2883 oeperunt.
657 2795 719 2862 Sed
741 2816 799 2882 por
819 2796 897 2862 duos
912 2797 980 2863 dies
1003 2797 1239 2864 interminatam
1262 2795 1476 2881 reliquerunt3

302 2915 402 2981 torcia
422 2913 553 2980 tandom
574 2913 640 2995 dio,
670 2912 808 2978 Domino
831 2911 1006 2998 opitulante
1028 2919 1061 2979 et
1088 2913 1140 2998 pio
1164 2912 1279 2978 Ottone
1303 2911 1478 2996 mediante,

301 3028 496 3098 reconciliati
518 3030 605 3115 pacis
629 3027 736 3095 ustula
756 3027 859 3095 libant
881 3034 927 3110 et,
959 3027 1104 3095 abdicata
1127 3026 1264 3094 bellandi
1286 3028 1477 3111 intentione,

302 3146 393 3212 fedus
424 3147 612 3212 intemerato
640 3143 817 3211 dilectionis
850 3144 943 3210 ambo
972 3144 1066 3210 ducas
1100 3163 1204 3211 coram
1236 3145 1410 3229 primatum
1445 3149 1481 3210 ot

302 3261 455 3329 nobilium
482 3260 660 3345 trudentia
690 3260 889 3346 popigerunt
979 3259 1050 3345 lpse
1079 3279 1202 3345 quoquo
1230 3259 1295 3325 dux
1324 3258 1480 3326 Pomoru-

302 3377 470 3444 nummio
493 3376 708 3443 testimonium
730 3375 906 3442 devotionis
933 3395 989 3442 suo
1017 3395 1165 3460 magnam
1193 3375 1324 3462 pecunie
1347 3376 1481 3460 quanti-

303 3497 400 3559 tatem
429 3512 525 3578 super
553 3491 646 3558 altari
674 3490 757 3557 boati
779 3489 946 3558 Adalbsrti
974 3492 1129 3576 martiris,
1158 3491 1380 3557 canonicorum
1407 3490 1483 3558 illio

301 3607 371 3674 Deo
393 3607 597 3674 servientium
619 3606 729 3674 usibus
751 3606 960 3692 profuturam,
985 3607 1113 3688 obtulit3
1138 3605 1332 3691 multumque
1352 3627 1389 3672 so
1402 3625 1482 3674 ora-

301 3721 441 3790 tionibus
463 3743 572 3789 eorum
600 3723 840 3807 commendans,
868 3723 982 3790 itinero
1005 3741 1066 3808 quo
1089 3727 1219 3788 venerat
1240 3739 1312 3787 cum
1341 3723 1394 3807 pio
1419 3723 1482 3789 Ot-

302 3843 377 3906 tone
398 3839 607 3923 universoque
629 3839 781 3904 comitatu
804 3837 938 3904 Uznoim
966 3857 1111 3905 reversus
1134 3842 1191 3904 ast
1281 3835 1376 3904 Plebs
1398 3857 1481 3922 ergo

301 3973 404 4041 nuper
425 3953 544 4021 Christi
569 3953 691 4038 legibus
714 3954 834 4038 dicata,
860 3973 919 4040 pro
943 3973 1091 4020 concaua
1113 3971 1133 4018 a
1154 3951 1222 4018 Deo
1245 3953 1333 4038 pacis
1355 3955 1483 4020 sauri-

302 4074 369 4137 tato
390 4089 462 4136 oum
484 4069 624 4136 lacrimis
646 4071 766 4153 gratias
789 4089 897 4154 agana,
919 4069 1054 4136 invicem
1077 4087 1146 4134 sose
1170 4067 1210 4133 ud
1225 4068 1480 4136 admonendam

301 4188 388 4252 rocta
421 4185 494 4252 lidei
527 4185 729 4252 traditionem
765 4183 998 4251 cohortabatur.
1044 4183 1181 4268 Piusque
1220 4183 1400 4270 predicator
1435 4185 1481 4251 ad

302 4297 541 4387 circumpositas
563 4301 707 4366 civitates
729 4300 818 4367 verbi
841 4299 1015 4383 ministros,
1038 4299 1120 4366 sicut
1141 4304 1174 4366 et
1196 4304 1299 4382 antea,
1327 4299 1480 4386 pervigili

302 4412 514 4482 sollicitudine
536 4415 702 4498 dirigebat.
