3142 4850
515 330 564 377 ax
586 329 754 379 mamonis
776 330 881 379 nmno
1222 312 1285 378 541

112 488 204 553 Nam
229 491 317 574 ipsos
339 511 464 575 paucos
492 492 657 577 scriptoris
682 493 781 577 floreo
807 494 1074 578 praetermittam,
1103 490 1289 557 nonnullam

102 602 302 689 folinturcm
329 604 592 691 Bamberpensem
619 606 716 671 mmet
742 628 813 671 cum
839 605 1003 690 fructibus
1033 606 1231 692 Aupuetaor's
1262 620 1290 672 et

111 718 384 805 Ensdcrfenesbue
406 722 588 806 promiscue
617 722 750 787 deculcit
778 743 908 808 eamque
925 706 1133 809 scrrdpioem
1159 722 1215 787 aab
1239 722 1288 787 co

111 835 233 900 11111111
256 836 331 915 „Ec
346 834 602 924 ctrcnoprcptc'c
616 836 803 903 Heimonis“
822 850 851 904 et
866 838 1030 917 „Acoetes
1045 838 1286 924 Bobenberpen-

111 950 184 1016 see“
204 946 366 1038 protelet

203 1067 276 1133 Hoc
297 1066 365 1133 loco
381 1079 485 1135 uatem
504 1069 541 1133 id
556 1068 637 1133 miti
649 1070 854 1155 spectandum
869 1091 933 1135 esse
950 1072 1075 1157 putori,
1100 1083 1144 1151 ut,
1163 1090 1287 1157 propc-

111 1185 184 1249 suo
205 1182 272 1248 illes
296 1205 377 1270 quoe
397 1186 543 1270 superins
564 1187 708 1250 recensui
729 1185 805 1250 libri
826 1187 993 1272 capitibus,
1019 1208 1056 1251 ee
1070 1188 1229 1252 memoriis
1245 1187 1289 1251 ad

111 1298 217 1385 cyclos
240 1300 398 1365 1111111111
422 1320 473 1364 ecs
498 1303 624 1366 omnino
646 1302 852 1387 impressione
874 1302 988 1387 dipcas
1006 1302 1182 1388 deliperem,
1208 1323 1288 1388 quoe

109 1415 202 1495 milei,
226 1436 378 1480 manuum
400 1417 581 1481 comantem
602 1418 785 1502 respicienti
806 1418 987 1503 codicesque
1009 1420 1090 1483 inter
1104 1440 1137 1483 se
1159 1440 1286 1503 compo·

108 1534 210 1611 roam,
235 1543 264 1596 et
285 1532 325 1597 ab
346 1533 419 1618 epto
441 1532 595 1598 Heimone
617 1546 740 1620 etpost
761 1536 827 1599 11111
850 1545 979 1599 monem
1002 1558 1022 1600 e
1043 1534 1286 1621 Bomherpeoec'·

109 1646 171 1711 bue
192 1648 330 1733 scriptae
351 1669 415 1713 esse
435 1650 624 1713 mdmentur.

202 1762 352 1829 Berclici
372 1764 414 1830 11
438 1764 512 1830 Kal.
529 1764 717 1829 Decembres
740 1764 838 1831 1868.

595 1924 808 1933 ———-.-—-.

350 2016 588 2087 PRAEFATIO
619 2018 781 2087 PRIORIS
816 2018 1053 2087 EDITIONIS·.

604 2134 716 2201 Prolo
749 2156 801 2202 us.

205 2246 437 2334 Meministine,
464 2250 564 2317 frater
587 2256 619 2317 et
640 2156 868 2337 compgresbiter
895 2251 929 2317 in
952 2250 1077 2319 Christo
1100 2250 1171 2319 Iesu
1193 2251 1288 2318 dilec-
1307 2266 1378 2322 1135

108 2363 237 2431 tissime
250 2362 460 2451 Burcbarde',
482 2367 743 2454 compotistarum
757 2366 859 2434 nostri
875 2368 1027 2455 temporis
1046 2367 1287 2454 studiosissime,

109 2484 243 2546 mutuae
265 2486 298 2548 et
318 2482 492 2567 frequentis
515 2503 651 2550 necnon
666 2483 832 2550 familiaris
848 2491 974 2552 nostrae
990 2484 1187 2552 collationis?
1222 2483 1288 2551 Me·

108 2597 291 2682 ministine‚
319 2598 465 2684 inquam,
496 2619 590 2684 quam
620 2619 696 2686 sepe
724 2600 845 2667 turbati
873 2620 982 2668 sumus
1008 2607 1040 2668 et
1062 2601 1225 2686 conquesti
1249 2600 1288 2667 de

108 2713 247 2798 regulis,
274 2735 353 2799 quas
376 2714 521 2798 magistri
542 2715 643 2781 nostri
666 2714 871 2783 calculatores
895 2721 927 2783 et
949 2715 1053 2783 verbis
1075 2717 1166 2804 nobis
1189 2715 1287 2784 tradi-

110 2829 229 2896 derunt
256 2836 288 2896 et
310 2830 436 2916 scriptis
464 2829 673 2915 reliquerunt3
704 2831 825 2898 scilicet
848 2833 887 2900 de
912 2832 1108 2899 inveniendis
1133 2833 1224 2899 annis
1248 2831 1287 2898 ab

109 2945 330 3012 incarnatione
352 2943 482 3012 Domini
504 2965 563 3013 nec
584 2965 648 3011 non
672 2947 712 3013 ab
735 2948 858 3031 origine
880 2949 1005 3015 mnndi:
1036 2948 1119 3034 quod
1141 2946 1288 3014 videlicet

110 3061 180 3126 sint
207 3060 303 3127 nimis
330 3060 501 3148 perplexae
530 3061 571 3128 ad
599 3062 861 3146 intellegendum
896 3071 928 3132 et
960 3065 1086 3132 tandem
1119 3069 1287 3151 postquam

110 3177 274 3243 discussae
297 3181 329 3243 et
350 3178 479 3263 perviae
501 3178 566 3244 sint
587 3177 771 3264 intellectui,
795 3180 974 3247 nullatenus
993 3184 1098 3247 tamen
1117 3186 1289 3247 consonent

111 3291 316 3376 euangelicae
330 3293 457 3360 veritati
473 3299 505 3360 et
520 3293 692 3361 catholicae
714 3294 789 3363 fidei
804 3302 836 3363 et
851 3297 1080 3380 ecclesiasticae
1101 3297 1287 3363 assertioni?

110 3409 195 3476 sicat
217 3408 276 3476 tibi
297 3409 499 3476 notissimum
528 3416 561 3477 et
587 3410 845 3496 probatissimum
870 3419 918 3480 est
940 3418 972 3480 et
994 3413 1122 3480 cuilibet
1145 3412 1287 3479 animad-

111 3531 236 3594 vertere
258 3523 376 3592 volenti
400 3530 509 3612 patere
531 3526 658 3613 poterit

186 3663 207 3696 a.
232 3663 261 3696 cc
277 3649 299 3695 A
312 3646 361 3710 sot
372 3651 408 3695 18.

184 3730 209 3783 1.
229 3727 287 3782 Nec
303 3725 375 3781 vidit
391 3727 528 3798 Pettalus,
551 3727 711 3784 Haimonem
731 3743 766 3784 ex
784 3729 902 3785 ecclesia
920 3728 948 3785 S.
961 3728 1054 3785 lacobl
1077 3745 1110 3784 ac
1128 3744 1182 3785 non
1204 3745 1239 3784 ex
1257 3729 1286 3785 S.

110 3814 253 3872 1111111111
271 3814 404 3871 coenobio
421 3813 515 3871 tuisse.
604 3819 630 3873 2.
654 3817 718 3873 ruit
734 3817 910 3873 Burcbardns
927 3817 1072 3890 presbyter
1090 3823 1119 3873 et
1136 3817 1286 3874 monachae

110 3903 140 3960 S.
159 3903 302 3960 tticbaelis
326 3904 540 3973 Bambergensis
573 3907 616 3972 (v.
639 3903 839 3962 Praeiattonem
866 3907 995 3963 editionis
1026 3907 1186 3978 posterioris
1216 3905 1286 3962 infra
1405 3920 1408 3930 ⁴

109 4009 138 4064 p.
152 3994 220 4048 543:
246 3992 313 4064 „sd
335 3990 447 4048 tratrem
470 3998 499 4049 et
522 3995 775 4068 compresbyterum
795 3995 982 4052 Bnrcbardum
1007 3995 1169 4052 monacham
1191 3993 1219 4051 S.
1237 3995 1286 4050 111·

109 4081 236 4138 ehaelis“
256 4085 336 4149 eet).
369 4081 429 4137 Nec
445 4081 560 4138 dubiam
577 4089 634 4154 est,
653 4084 719 4154 quin
737 4083 810 4140 idem
830 4083 925 4156 faerit,
946 4101 1027 4155 qaam
1047 4085 1149 4140 scimus
1167 4083 1285 4154 priorem

110 4169 294 4227 §.Michaelis
317 4175 455 4227 mortuam
478 4185 540 4228 esse
558 4171 585 4227 d.
600 4173 635 4229 14
652 4172 727 4243 Sept
742 4174 819 4228 1119.
853 4171 899 4229 Sic
922 4174 994 4230 enim
1018 4177 1062 4229 est
1084 4173 1112 4228 in
1129 4173 1286 4243 necrologio

109 4257 300 4316 Michaelis
321 4258 433 4315 Baraba
458 4261 514 4331 „18
531 4261 567 4316 Κ.
580 4259 639 4317 Oct
658 4261 840 4317 Ellenbardus
862 4263 936 4333 prior
955 4263 1037 4332 1127,
1060 4267 1089 4317 et
1111 4261 1287 4318 Bnrcbardus

108 4349 186 4420 prior
198 4349 269 4404 1149
286 4347 441 4420 presbytcri
459 4355 489 4404 11
506 4365 578 4403 mon.
591 4367 618 4404 n.
631 4365 761 4421 congreg.
795 4350 851 4406 1111
870 4350 997 4406 multos
1019 4349 1127 4406 libros
1150 4366 1287 4423 compa-

108 4441 280 4494 raverunt
302 4436 381 4493 bnic
404 4437 630 4494 aecclesiae“.
