3142 4850
398 351 521 401 ssoms
545 355 625 401 vrrs
648 353 805 402 οιιοιιιε.
840 355 907 402 ms.
923 355 964 401 ιιι
987 351 1020 402 12
1225 335 1289 402 stt

118 511 305 579 Uodslricus
328 513 450 580 sancito
472 513 572 597 pado
596 514 637 580 sd
660 513 844 600 episcopum
871 515 982 596 robiit3
1010 519 1044 582 st
1069 519 1190 580 noeto
1219 533 1290 580 sum
1310 528 1380 584 1127

119 628 324 695 conveniens:
349 629 424 695 Non
447 633 515 694 sine
538 653 634 695 causa
648 630 751 714 inquit
765 631 824 696 bae
837 634 1083 717 inpedimentum
1101 633 1295 711 dedicationi
1352 625 1360 634 ’

118 759 225 811 nostre
258 747 390 821 aecs'dit,·
426 749 503 831 quia
536 759 614 811 nutu
646 747 714 811 Dei
746 769 802 833 epa
836 751 872 811 in
904 747 1077 812 reclusione
1102 749 1293 832 pessuma

110 862 221 945 filium
242 863 400 948 principis
416 861 587 926 Damonem
607 865 724 941 inveni,
749 865 825 926 dum
847 884 908 948 pro
929 862 1086 927 cineribus
1109 862 1291 948 collipendis

118 977 270 1052 abessem
299 989 328 1041 et
347 999 412 1041 non
439 979 556 1063 poterit
577 979 732 1043 dedicatio
754 991 829 1043 rata
851 1000 932 1058 esse,
960 980 1027 1042 nesi
1046 979 1098 1042 bie
1119 1001 1190 1043 cum
1216 978 1291 1044 reli-

118 1094 191 1178 quis
215 1091 404 1157 absolvatur.
447 1091 504 1156 Oui
534 1093 717 1179 spiscopus:
748 1093 820 1158 Iam
847 1093 894 1158 uit
916 1105 1006 1160 tanta
1029 1097 1169 1180 prestitit
1187 1093 1290 1174 nebu,

119 1208 206 1293 quod
227 1229 292 1272 non
312 1229 458 1292 presumo
482 1231 551 1273 eum
573 1211 712 1294 amplius
734 1209 952 1295 interpellare3
982 1211 1133 1294 quostiam
1160 1231 1196 1273 re
1217 1231 1292 1274 vera

117 1343 174 1386 nec
208 1326 243 1387 in
277 1321 455 1388 deonicis
485 1327 666 1410 ropionibus
694 1328 864 1411 quisquam
890 1327 1076 1411 principum
1108 1325 1165 1390 bae
1189 1324 1294 1408 facile

118 1450 234 1524 opera.
271 1437 336 1504 Sed
358 1441 388 1503 si
408 1439 513 1519 vultis,
537 1451 651 1505 secreto
668 1463 737 1505 sum
757 1464 818 1527 per
838 1463 895 1506 oos
910 1443 1084 1516 convenitis
1107 1454 1135 1505 et
1147 1440 1294 1524 forsitan

118 1555 294 1640 acquiescet
315 1555 413 1634 uobis,
439 1553 509 1620 licet
529 1577 627 1642 praue
646 1559 688 1621 sit
708 1561 882 1640 nepocium
973 1552 1160 1620 Uodslricus
1175 1553 1292 1637 itaquo,

120 1673 284 1753 assumpto
312 1668 487 1755 interprete
514 1689 570 1736 suo
595 1668 785 1754 Atiliano,
815 1670 855 1736 de
882 1670 977 1736 turbs
1004 1669 1115 1736 eduxit
1142 1667 1291 1736 Mizlsam

119 1783 313 1870 prinoipem
342 1789 375 1850 st
403 1786 541 1870 primum
569 1786 655 1872 pacis
683 1785 801 1852 Christi
825 1785 920 1852 sorbo
944 1795 1033 1854 sum·
1055 1784 1213 1867 salutans,
1242 1803 1293 1850 rs-

120 1898 233 1984 quirit:
268 1900 295 1965 si
330 1919 438 1966 omnes
473 1902 590 1987 captivi
624 1901 692 1968 sius
726 1901 861 1968 relaxati
897 1906 1011 1969 essent
1058 1901 1125 1980 Qua
1152 1899 1291 1967 boonis:

118 2017 240 2097 Etiam
265 2015 456 2082 Abalbsrtus
477 2016 653 2103 interpres:
677 2017 740 2082 Our
753 2019 875 2104 fallere
897 2021 1023 2084 conaris
1046 2016 1212 2098 Cbeistm
1238 2019 1295 2102 qui

109 2133 198 2220 salli
223 2155 286 2198 non
313 2135 434 2220 potest?
463 2157 520 2199 eser
548 2135 724 2222 apostolum
752 2138 820 2199 eius
846 2137 991 2222 nepanda
1014 2147 1042 2200 ct
1064 2135 1293 2200 dissimulando

120 2249 310 2316 contristas?
348 2249 430 2314 Ecce
451 2253 697 2337 inpedimentum
721 2253 915 2317 dedicationi
935 2252 1009 2317 buia
1033 2264 1089 2316 tua
1111 2251 1293 2316 dissimula·

118 2370 205 2433 tione
222 2365 342 2451 fecesti.
382 2365 548 2453 Siquidem
572 2369 706 2448 cineres,
730 2367 873 2434 bestsmto
896 2369 947 2435 die
969 2369 1020 2434 bic
1041 2371 1187 2457 repositi,
1215 2379 1294 2435 nutu

119 2484 229 2548 diuino
253 2484 345 2548 bodie
368 2484 601 2569 disparuerunt.
640 2484 684 2549 Et
706 2486 781 2549 dnm
807 2486 993 2551 karissimus
1014 2488 1138 2551 domini
1157 2487 1221 2550 mei
1241 2506 1294 2549 ca·

117 2598 265 2687 pellamus
295 2598 498 2679 Uodalricus,
527 2620 591 2663 non
615 2622 690 2665 casn
712 2604 767 2665 sed
790 2601 860 2667 Deo
883 2605 929 2666 sic
951 2603 1149 2687 disponente,
1178 2602 1223 2665 ad
1241 2622 1292 2664 rs·

120 2718 292 2803 quirendos
321 2719 438 2781 dneres
466 2716 596 2796 abisset,
625 2718 745 2782 inuenit
774 2721 933 2805 captivum
962 2730 1066 2797 tuum,
1096 2738 1188 2802 quens
1209 2715 1292 2796 Deo,
1402 2718 1412 2738 ⁶

119 2834 175 2896 eui
196 2834 303 2895 amnia
330 2845 448 2918 potent,
475 2834 629 2899 occultare
650 2836 785 2899 voluisti.
826 2832 884 2898 His
908 2832 1034 2915 auditis,
1058 2830 1294 2916 obstupefactus

118 2946 285 3033 princeps:
320 2948 385 3012 Hic
408 2948 455 3013 ait
476 2952 617 3035 captivus
632 2950 837 3037 simpuioriter
858 2950 955 3014 micbi
971 2970 1032 3035 pre
1055 2948 1197 3014 comibus
1219 2946 1294 3012 aliis

120 3064 276 3130 obnocius
299 3078 359 3140 esti
382 3066 515 3150 idioque
537 3067 723 3153 suppliciter
741 3080 828 3153 pcto,
852 3088 891 3131 ne
913 3088 1009 3131 causa
1031 3066 1097 3129 sius
1113 3063 1293 3147 manifeste-

119 3194 190 3257 tm,-
218 3182 274 3245 sed
295 3184 396 3265 mapis
419 3183 454 3245 in
476 3180 677 3247 subterraneo
700 3182 894 3263 habitaculo,
917 3194 953 3246 ut
972 3182 1088 3267 dipnus
1110 3192 1168 3260 est,
1192 3200 1293 3244 emer·

118 3308 219 3361 netur.
245 3284 324 3360 'Cui
350 3314 459 3389 sersus
482 3295 542 3362 Dsi
565 3296 767 3363 Uodalrious:
798 3298 893 3364 Absit
919 3296 1024 3381 inquit
1050 3309 1086 3363 ut
1107 3309 1197 3363 tanta
1224 3298 1293 3383 pie·

119 3414 196 3480 tatis
220 3434 332 3499 opera,
359 3434 418 3498 qus
441 3412 511 3479 Dso
535 3414 719 3494 exhibuisti,
748 3417 795 3480 ita
817 3428 853 3479 ut
873 3415 941 3500 ipsi
962 3416 1056 3479 etiam
1077 3414 1205 3478 domina
1226 3434 1294 3477 meo

119 3532 267 3615 episcopo
291 3530 499 3594 admirationi
519 3532 563 3593 sis
586 3543 614 3595 et
635 3532 759 3609 bonosi,
783 3530 843 3594 bac
864 3552 930 3594 uno
952 3530 1135 3595 erudelitate
1154 3540 1293 3615 patant

121 3642 190 3711 Sed
211 3666 246 3709 re
267 3668 343 3709 vera
364 3648 462 3726 scias,
492 3648 570 3731 quia
593 3648 804 3711 sacratissime
825 3647 1032 3711 dedicationis
1059 3646 1152 3710 buius
1173 3646 1295 3731 paudio

118 3760 299 3827 nuHatsnus
322 3764 535 3827 consummari
560 3775 720 3848 poterunt,
745 3765 826 3842 nisi,
856 3774 885 3827 st
905 3762 989 3827 bunc
1012 3784 1082 3827 eum
1104 3763 1211 3826 retnis
1238 3760 1294 3824 ab·

118 3878 260 3958 solvens,
296 3891 423 3964 protum
451 3877 592 3943 Domino
619 3879 809 3962 sacrificium
837 3877 993 3944 obtuleris.
1033 3876 1077 3942 Et
1103 3874 1172 3943 ills:
1209 3875 1296 3956 Quid

119 4015 196 4079 erpo
217 3992 277 4075 flet
299 3994 344 4059 ait
367 3996 405 4059 de
428 3996 605 4080 quinpsntis
629 3998 753 4079 arpenti
775 3994 914 4074 tabuiis,
946 4005 1081 4078 epatre
1104 3995 1206 4078 ipsius
1231 4012 1295 4077 pra

119 4110 368 4195 incomparabili
389 4112 529 4197 dampna
552 4112 649 4175 miebi
669 4112 760 4176 illato
778 4109 993 4175 sustinendis?
1020 4107 1072 4173 Ad
1087 4106 1171 4192 quod
1192 4107 1295 4173 famu·

120 4224 172 4291 lus
195 4223 272 4291 Dii:
302 4224 377 4292 Non
401 4226 505 4310 inquit
528 4239 616 4292 tanta
641 4248 737 4313 super
759 4226 817 4291 boe
840 4225 998 4310 afsliparis
1019 4224 1179 4300 molestia3
1206 4223 1296 4289 babet

120 4342 293 4421 Dominus,
317 4344 401 4407 ands
423 4342 482 4407 tibi
503 4344 538 4407 in
554 4344 731 4429 centuplum
746 4343 801 4407 bec
814 4343 967 4407 restitum.
1058 4338 1146 4405 Tunc
1168 4338 1296 4405 demum

196 4496 216 4529 s.
240 4496 284 4530 om.
295 4480 319 4531 0.
