3142 4850
313 265 357 332 76
711 282 878 332 uomsrm
899 281 1026 331 conux.
1060 277 1096 331 ar

211 457 280 514 1071
315 443 385 510 bari
412 439 533 530 potest,
561 463 635 510 vere
657 443 833 526 credimus,
862 441 946 527 qued
968 441 1070 525 Deus,
1098 441 1308 508 conscientiae
1329 439 1426 508 iudex
1455 448 1488 508 et

201 531 297 590 m
314 561 421 644 testis,
448 559 482 625 in
505 559 600 625 corde
622 577 679 626 suc
702 557 821 626 sederit
842 578 901 645 pro
923 557 1075 624 tribunali
1103 562 1229 626 etcum
1251 577 1289 623 eo
1312 559 1488 626 exercuerit

314 695 479 743 censuram
501 673 611 742 indicii
634 675 693 759 sui,
716 674 771 742 ubi
793 674 953 761 peccabix
974 674 1167 742 conscientia
1187 673 1413 757 cogitationum
1434 692 1487 740 ac-

313 791 491 859 cusantium
514 810 578 857 non
601 790 819 858 excusantium
841 789 1039 874 testimonio,
1068 807 1109 856 ne
1131 789 1257 856 veritati
1278 795 1311 856 st
1332 790 1487 874 acquitab'

313 909 484 991 resisteret,
507 906 680 993 dampnate
701 911 750 973 est
772 910 805 972 et
825 905 1004 972 constricta

199 1038 296 1096 neers
403 1022 439 1088 In
455 1023 627 1088 erastinum
643 1041 789 1107 namque,
813 1020 938 1107 quaudo
952 1020 1169 1107 sperabamus,
1192 1020 1293 1106 quod·
1306 1019 1399 1086 iuxta
1411 1039 1488 1106 pro-

313 1138 447 1204 missum
470 1157 562 1204 suum
586 1137 709 1204 obiecta
730 1141 882 1222 purgaret
907 1141 941 1204 et
961 1135 1196 1203 consecratione
1217 1135 1365 1220 dignum
1394 1136 1488 1203 inno-

314 1253 450 1322 centiam
472 1272 563 1319 suam
586 1253 801 1337 monstrando,
824 1273 859 1319 se
880 1252 1040 1340 preberet,
1062 1251 1117 1318 ills
1133 1287 1172 1298 -
1195 1253 1260 1318 1010
1283 1256 1389 1319 mente
1410 1271 1488 1320 eou-

313 1371 417 1450 lusus3
440 1388 504 1436 non
526 1368 612 1434 ultre
630 1367 734 1436 ferens
753 1373 914 1455 aspectum
929 1367 1072 1449 concilii3
1095 1372 1138 1451 et,
1161 1366 1294 1434 interius
1316 1367 1488 1453 iudicatus,

313 1505 378 1552 non
401 1491 491 1552 extra
514 1485 672 1551 sustinens
694 1483 818 1571 pondua
840 1484 1036 1550 imminentis
1049 1482 1160 1550 iudicii
1174 1517 1216 1530 ·-
1231 1481 1394 1550 ultroneus
1416 1484 1488 1571 ipse

309 1603 348 1686 in
370 1621 405 1668 ss
427 1601 620 1668 sentenciam
642 1599 725 1667 tulit
760 1599 805 1666 Et
826 1599 956 1667 anulum
978 1605 1011 1667 et
1031 1598 1167 1666 ferulam
1187 1598 1379 1685 pastoralem
1402 1595 1488 1666 ei¹a

314 1737 375 1804 quc
403 1718 520 1784 iniuste
547 1722 712 1804 acceparat
738 1717 919 1800 resignans,
947 1716 1146 1783 sacerdotum
1174 1735 1263 1801 spem
1292 1721 1325 1782 et
1353 1719 1487 1801 metum,

314 1853 408 1921 quem
431 1851 541 1920 proso
564 1832 725 1918 gerebant,
748 1831 857 1898 labora
870 1830 1022 1916 longioris
1037 1831 1230 1917 quaestionis
1246 1829 1395 1914 absolvit3
1419 1831 1488 1898 cul·

314 1969 387 2037 pam
412 1969 500 2016 suam
524 1967 587 2014 nnc
609 1951 719 2031 tegens
741 1947 839 2034 pellic
860 1948 1089 2016 excusationis:
1112 1947 1197 2031 quod
1210 1948 1301 2014 iuxta
1314 1947 1489 2014 decretalia

314 2064 502 2132 (lucelentinib
524 2082 627 2151 papae
650 2063 818 2151 episcopus
839 2064 911 2131 dari
931 2063 1031 2132 nollet
1050 2059 1187 2130 invitis&

402 2179 553 2248 Videntes
576 2183 681 2246 entem
704 2181 896 2248 sanctissimi
919 2179 1098 2248 sacerdotes
1113 2177 1284 2263 magnalia,
1308 2198 1389 2264 quae
1410 2178 1489 2246 feeit

313 2296 478 2381 Dominus,
502 2301 533 2362 et
546 2293 632 2364 fideli
648 2296 870 2364 ammiratione
886 2299 1104 2380 retractantes,
1128 2315 1223 2380 quam
1245 2293 1488 2381 incomprehen-

313 2410 418 2480 sibilia
440 2415 515 2479 sunt
536 2412 654 2479 iudicia
681 2413 749 2481 eius
777 2416 811 2480 et
837 2411 1073 2497 investigabiles
1094 2411 1166 2479 viee
1193 2405 1309 2496 eius⁶⁸,
1337 2410 1432 2478 corde
1454 2416 1489 2477 et

313 2548 367 2596 ore
391 2533 422 2596 et
445 2528 626 2596 omnimoda
647 2528 813 2597 devotione
834 2529 1024 2597 benedicunt
1045 2528 1114 2595 Deo
1136 2528 1307 2613 altissimo,
1336 2529 1391 2613 qui
1415 2528 1487 2596 lou·

312 2664 369 2729 gos
392 2664 501 2712 eorum
523 2644 647 2712 labores
674 2650 739 2713 tam
767 2645 897 2732 inopino
918 2643 1103 2711 terminarit
1124 2644 1327 2731 compendi03
1357 2649 1487 2711 oranms

313 2766 346 2828 et
367 2761 597 2849 deprecantasz‘
610 2767 648 2828 ut
669 2760 708 2827 de
724 2780 822 2844 regno
844 2780 902 2827 suo
925 2759 1067 2827 eliminet
1088 2780 1215 2827 omnem
1238 2760 1432 2847 apomasiam
1454 2766 1489 2827 et

313 2878 419 2945 omnia
434 2876 593 2962 seandala,
615 2897 674 2944 nec
688 2876 774 2943 ultra
788 2876 920 2943 satban⁴¹
935 2876 1065 2963 eiusque
1080 2876 1240 2963 apostolos
1253 2878 1289 2943 iu
1303 2896 1362 2943 sue
1375 2882 1489 2944 sancta

312 3014 446 3078 regnare
468 2994 553 3060 sinat
574 2992 720 3075 ecolesia;
744 2993 799 3061 sed
821 2994 856 3059 iu
876 2992 1023 3060 omnibus
1044 2992 1185 3060 consiliis
1207 2999 1240 3060 et
1261 2992 1408 3081 operibus
1433 3012 1488 3060 eo-

312 3128 382 3175 rum
406 3108 554 3193 dignatur
576 3126 683 3175 servos
707 3128 780 3175 suos
803 3110 961 3177 consolari
982 3116 1016 3177 et
1035 3108 1207 3176 clementer
1228 3109 1377 3197 implere,
1400 3108 1489 3194 quod

313 3223 464 3292 ecclesiae
486 3244 562 3291 suas
584 3243 619 3291 ae
641 3224 790 3311 promisit
811 3223 981 3293 affuturum
1005 3226 1150 3293 omnibus
1172 3225 1300 3293 diebus·
1321 3244 1421 3310 usque
1445 3225 1488 3291 ad

313 3340 615 3408 consummationem
637 3336 757 3408 occulit

403 3454 569 3523 communi
586 3461 690 3524 autem
706 3457 832 3523 demeto
846 3456 1056 3545 praecipiunt,
1077 3477 1126 3540 ea,
1146 3476 1227 3542 quae
1240 3457 1274 3523 in
1289 3455 1350 3524 bae
1363 3456 1488 3543 synodo

312 3576 403 3659 gesta
425 3579 509 3657 sunt,
531 3571 752 3639 ecclesiasticis
774 3573 872 3639 inseri
895 3573 1005 3657 gestis,
1027 3573 1108 3640 etin
1123 3573 1259 3640 archivis
1273 3578 1402 3640 sanctae
1416 3572 1488 3640 blo-

313 3688 478 3773 0000000Ι
502 3686 651 3755 ccclesiae
680 3689 801 3755 servari
829 3689 870 3755 ad
897 3695 1082 3776 perpetuam
1112 3689 1298 3757 memoriam
1326 3692 1359 3756 et
1380 3689 1489 3756 erudi-

313 3804 434 3871 cicnem
449 3809 600 3871 ventures
622 3804 835 3890 posteritatis3
858 3810 904 3889 ut,
927 3805 987 3872 boe
1001 3806 1157 3871 maiorum
1179 3803 1325 3893 exemplo
1346 3806 1490 3874 minores

312 3921 469 4005 instructi,
492 3940 557 3987 000
578 3920 713 3988 timeant
734 3922 893 4006 resistere,
921 3922 948 3986 si
970 3922 1004 3986 in
1026 3920 1206 3989 huiusmodi
1227 3921 1358 4006 negocio
1380 3941 1417 3989 se
1439 3922 1491 3989 ri·

382 4120 403 4153 a
427 4107 466 4166 qui
480 4104 542 4154 VZC.
604 4104 627 4152 b.
651 4106 762 4153 celestius
772 4107 802 4154 B.
864 4121 883 4154 c
909 4108 960 4156 513
972 4121 1018 4167 pro
1034 4108 1091 4153 eina
1155 4106 1179 4153 d.
1202 4108 1267 4154 satan
1284 4107 1310 4162 Z,
1327 4106 1490 4156 ommate

314 4198 333 4233 s.
357 4187 417 4233 ritae
433 4184 487 4232 add.
500 4184 544 4233 VZ.
605 4182 622 4231 l.
647 4184 792 4245 Mogentiana
808 4186 834 4233 Z.

385 4308 410 4363 1.
428 4306 557 4363 Heinrico
570 4306 608 4361 Ν
621 4307 688 4377 regl.
761 4310 786 4363 2
807 4306 958 4365 burchardi
977 4307 1120 4363 deer.b.1
1138 4310 1189 4363 el
1208 4310 1255 4375 (ex
1273 4306 1392 4363 (1000060
1409 4308 1491 4365 Gele-

314 4394 403 4463 stini):
423 4394 536 4465 ,Nullus
548 4394 641 4451 inritis
652 4394 733 4451 detru
744 4396 919 4467 episccpw.
963 4397 990 4453 3.
1007 4396 1193 4466 conloca.
1236 4396 1264 4454 4.
1281 4394 1491 4467 mittut.
