3142 4850
298 314 364 377 710
584 330 765 378 nnneoem
786 330 967 379 nrsnoeue.
1003 332 1098 378 mni
1120 326 1190 379 3-7

297 498 330 541 et
347 506 415 539 eum
434 489 477 554 qui
495 488 587 554 accipit
605 487 755 541 deteriorem
773 488 841 541 latit.
869 488 934 542 Usu
952 490 1033 541 euim
1051 488 1154 541 facile
1171 488 1356 555 aecipiendi
1372 491 1466 541 eciam

298 578 338 628 nd
355 577 585 643 inpudentiam
602 578 738 643 petendi
756 577 980 643 depravantur
998 577 1103 645 aliqui
1120 577 1170 627 rel
1189 578 1229 629 ed
1246 594 1295 640 ea,
1319 595 1377 643 qne
1395 578 1468 629 data

298 676 386 725 siunt,
410 664 668 733 contempnendi.
700 664 781 725 Quam
800 666 832 716 ob
851 680 902 714 rem
921 664 947 715 id
966 664 1067 729 quidem
1085 665 1188 716 dubium
1205 684 1255 717 non
1274 678 1327 727 est,
1350 666 1407 730 quin
1426 666 1468 715 illa

297 753 450 819 benignitus,
470 770 519 818 que
537 760 636 804 constet
653 770 684 803 ex
703 769 780 818 opero
800 762 826 803 et
843 752 975 814 industris,
994 760 1020 803 et
1037 753 1166 806 honestior
1184 756 1218 805 sit
1235 753 1333 805 multo
1353 764 1379 803 et
1395 753 1468 804 latins

298 850 385 907 pateat
408 850 483 906 atque
505 842 577 892 sine
595 841 792 891 detrimento
816 841 863 893 sui
885 850 917 891 et
940 842 1085 895 auctoris
1103 841 1188 895 valeat
1210 842 1332 908 prodesse
1350 842 1469 907 pluribus.

297 929 484 994 Nonnunquam
502 937 587 981 tamen
605 928 763 995 largiendum
782 938 835 989 est;
858 945 940 993 neque
958 929 1006 981 hoe
1023 930 1186 995 benignitatis
1210 948 1291 997 geom
1309 931 1410 983 omnino
1428 947 1468 981 re-

298 1017 461 1083 pudiandum.
489 1016 552 1067 Sed
571 1017 728 1083 precipue
746 1018 776 1066 in
795 1016 952 1067 mendicis
972 1027 1003 1068 et
1022 1020 1223 1084 pauperibus
1242 1030 1341 1083 atque
1360 1019 1469 1071 dome-

298 1105 392 1155 sticis
410 1104 491 1155 fidei
510 1106 540 1154 in
558 1104 686 1156 nomine
704 1104 831 1156 Domini
849 1106 1140 1166 sacrificanduw,
1163 1118 1190 1157 et
1213 1124 1274 1173 sepe
1300 1106 1337 1157 de
1362 1107 1470 1159 seculo

298 1194 397 1247 etiam
414 1193 513 1244 idoneis
531 1203 563 1243 et
579 1192 727 1244 honestis
746 1192 889 1245 homiuibus
907 1194 1078 1260 indigentibus
1091 1196 1124 1246 de
1142 1212 1169 1245 re
1187 1194 1303 1247 funiliari
1321 1195 1469 1261 impercien-

299 1281 357 1333 dum
376 1290 423 1333 est.
455 1280 565 1347 Neque
588 1281 632 1332 ibi
651 1280 826 1333 benefacta
844 1281 995 1335 locantur
1012 1283 1110 1344 mele,
1134 1284 1208 1349 qnia
1226 1284 1302 1334 inde
1319 1300 1469 1335 nonnun-

298 1387 388 1436 quam
406 1370 533 1435 grauior
551 1369 675 1419 fructus
693 1370 874 1434 proveniet
910 1369 962 1421 Sed
984 1371 1069 1421 omnia
1091 1370 1225 1436 diligenter
1248 1380 1325 1437 atque
1344 1372 1470 1422 moderate

297 1458 374 1519 liant;
397 1457 468 1509 multi
487 1458 553 1509 enim
571 1456 711 1508 inconsulte
728 1455 860 1523 largiendo
878 1458 1029 1523 patrimonia
1048 1458 1197 1510 effuderunt.
1235 1460 1320 1525 Ergo
1341 1459 1387 1510 ita
1404 1457 1469 1510 lar-

297 1547 463 1614 giendum,
486 1553 521 1596 ut
539 1560 663 1611 semper
681 1546 713 1596 id
730 1562 827 1610 posse
846 1546 1035 1597 inveniaris.
1066 1546 1133 1608 Quid
1151 1556 1235 1598 antem
1253 1546 1359 1598 stulcius
1377 1558 1471 1613 atque

298 1635 482 1687 dementius
500 1651 576 1700 qnam
593 1634 639 1695 id,
663 1650 730 1684 cum
748 1634 883 1685 honeste
902 1635 976 1701 quid
995 1635 1128 1701 agimus,
1152 1652 1202 1687 non
1227 1652 1377 1701 procurare,
1401 1645 1429 1687 nt
1446 1636 1471 1686 id

298 1740 375 1791 agere
394 1724 436 1774 diu
455 1723 597 1790 possimus?
634 1722 712 1788 Atqui
731 1722 811 1772 eciem
829 1732 995 1773 consecuntur
1013 1722 1173 1789 largitionem
1197 1723 1294 1789 rapine.
1326 1725 1389 1775 Cum
1407 1724 1470 1775 enim

298 1811 481 1863 inconsulte
500 1810 584 1861 dando
603 1827 679 1876 egere
692 1811 813 1877 ceperint,
833 1810 920 1861 alienis
940 1811 1011 1861 bonis
1024 1829 1112 1861 manns
1125 1810 1217 1863 inferre
1230 1820 1366 1877 eoguntur;
1385 1822 1412 1863 et
1427 1813 1469 1871 its,

298 1916 355 1952 enm
376 1899 550 1952 benivoleneie
572 1899 734 1965 conparando
753 1916 830 1950 conso
853 1898 960 1949 moslisi
984 1900 1093 1951 rotari
1117 1906 1291 1965 oppetunt,
1315 1900 1468 1952 malefac-

299 1998 389 2040 tores
411 1988 511 2049 liunt,
535 2004 583 2038 nec
606 1996 702 2039 tantm
726 1986 924 2039 benivolenciam
943 1996 1090 2039 asseeuntur
1112 2004 1206 2049 eorum,
1230 1989 1321 2055 quibus
1340 1989 1470 2049 dederunt,

299 2086 394 2143 quanta
411 2077 540 2127 incurrunt
558 2076 615 2127 odia
634 2093 729 2137 eorum,
747 2076 837 2143 quibus
856 2075 1012 2127 ademerunt.
1092 2062 1123 2125 4.
1154 2076 1234 2137 Quam
1253 2078 1354 2128 obrem
1372 2094 1420 2129 nee
1436 2079 1470 2128 ita

299 2164 440 2216 claudenda
458 2174 498 2215 est
516 2182 557 2215 res
574 2165 712 2225 familiaris,
731 2173 760 2214 nt
777 2181 834 2215 eam
853 2164 995 2229 benignitas
1014 2165 1113 2231 aperire
1131 2182 1182 2215 non
1200 2166 1288 2231 possit,
1312 2182 1359 2215 uec
1378 2166 1414 2216 its
1430 2183 1469 2216 re·
1540 2172 1547 2183 '

299 2252 422 2314 seranda,
446 2261 475 2303 nt
498 2253 618 2318 passim
642 2262 730 2319 pateat
748 2254 871 2303 omnibus.
909 2250 1000 2303 Modus
1020 2252 1184 2315 adhibeatur,
1207 2254 1280 2318 isque
1298 2254 1422 2305 referatur
1439 2254 1470 2304 sd

299 2340 440 2393 faoultates.
468 2341 576 2392 Omnino
593 2342 737 2391 meminisse
748 2341 827 2391 debet
839 2341 927 2403 omnis,
947 2341 999 2407 qui
1017 2339 1218 2392 liberalitati
1237 2342 1360 2394 studet:
1386 2353 1419 2394 ut
1436 2343 1471 2393 de

300 2427 448 2492 semmel,
474 2448 534 2481 non
558 2431 595 2481 de
618 2430 712 2482 fundo
735 2431 871 2490 tribuat;
896 2439 926 2481 et
949 2431 995 2481 ita
1013 2431 1050 2481 de
1069 2441 1137 2482 toto
1162 2431 1289 2494 fundat,
1312 2451 1351 2482 ne
1375 2443 1471 2484 totum

300 2518 463 2570 effundat.
556 2505 586 2569 5.
621 2519 679 2570 Duo
702 2529 786 2568 autern
811 2527 869 2569 sunt
890 2535 985 2585 genera
1008 2517 1147 2584 largorum
1171 2537 1275 2586 quornm
1298 2520 1342 2571 elii
1366 2521 1471 2587 prodigi,

300 2607 345 2658 alii
361 2607 478 2659 liberales
497 2617 563 2658 sunt.
599 2607 704 2674 Prodigi
726 2616 797 2668 sunt,
822 2608 864 2672 qui
887 2606 968 2673 epulis
992 2617 1018 2657 et
1035 2607 1244 2658 visceraeiouibns
1264 2617 1290 2658 et
1313 2609 1469 2660 ioculato-

301 2713 366 2747 rum
390 2697 534 2747 muneribus
562 2705 593 2747 et
619 2695 795 2762 superfluo
823 2694 910 2744 cultu
938 2696 1075 2747 restium
1103 2695 1239 2762 aliisque
1271 2698 1472 2748 renitatibns

299 2784 420 2851 pecunias
438 2784 606 2850 profundunt3
624 2785 649 2835 in
668 2784 758 2850 quibus
777 2782 889 2848 profecto
908 2785 1052 2836 memoriam
1070 2792 1128 2852 post
1146 2802 1174 2836 ee
1186 2794 1231 2836 aut
1244 2785 1339 2838 nullam
1352 2803 1397 2837 aut
1414 2788 1471 2838 bre·

300 2874 427 2924 vissimum
445 2881 503 2923 sunt
521 2873 639 2924 relicturi.
730 2857 760 2920 6.
794 2871 922 2922 lribornles
938 2883 1021 2923 autem
1040 2883 1107 2936 sunt,
1126 2873 1168 2940 qui
1187 2873 1412 2926 suisiacnltatrbns
1430 2883 1473 2924 aut

300 2970 388 3027 captos
407 2979 422 3012 a
440 2961 594 3027 predonibus
612 2961 747 3022 redimunt,
766 2969 810 3012 aut
828 2960 994 3026 obligatos
1018 2977 1061 3012 ere
1086 2961 1168 3014 alieno
1190 2963 1338 3014 miserati
1362 2962 1472 3014 absol-

300 3058 391 3112 rnnt,
412 3059 457 3101 aut
474 3049 566 3101 amicos
585 3058 617 3099 et
634 3050 836 3115 propinquos
857 3049 977 3099 adiuvant
994 3050 1020 3100 in
1038 3051 1113 3101 rebus
1132 3051 1266 3115 querendis
1285 3051 1325 3102 rel
1342 3051 1474 3118 sugendis,

301 3139 403 3205 etqui
421 3138 584 3206 recipiunt
602 3137 719 3188 iustum
737 3137 769 3188 in
788 3137 911 3188 nomine
929 3138 1023 3200 iusti,
1042 3147 1075 3188 ut
1092 3139 1269 3190 mercedem
1286 3141 1368 3190 iusti
1386 3141 1473 3191 acci·

301 3243 418 3309 piano.
465 3227 501 3292 ln
528 3227 587 3293 hoe
616 3247 732 3311 genere
760 3227 920 3311 largorum
950 3247 1012 3293 non
1039 3234 1159 3294 temere
1182 3226 1328 3296 Ottonem
1358 3231 1475 3296 consti·

301 3348 372 3424 tuo,
406 3342 460 3426 qui
487 3343 600 3408 talium
635 3349 818 3429 sumptuum
849 3342 1028 3409 facultatem
1065 3344 1199 3409 fructum
1235 3347 1362 3431 putavit
1396 3346 1476 3411 divi-

302 3454 449 3523 ciarum'.

393 3574 423 3637 7.
459 3571 659 3639 Tentavere
683 3573 715 3638 in
740 3572 844 3638 dando
869 3593 942 3638 usus
966 3579 1014 3638 est
1029 3572 1228 3658 discretione,
1253 3581 1287 3640 ot
1302 3594 1476 3661 numquam

303 3689 471 3775 prodigus,
502 3708 627 3773 semper
650 3695 755 3754 autem
784 3688 924 3754 liberalis
952 3689 1156 3756 inveniretur.
1200 3689 1345 3756 Iomanes
1369 3697 1477 3756 autem

302 3805 441 3870 iacturas
475 3809 508 3869 et
541 3808 704 3889 sumptus⁶
738 3803 878 3869 infinitos
920 3804 1011 3890 parvi
1051 3805 1224 3890 pendebat,
1262 3807 1289 3872 si
1328 3812 1384 3872 aut
1421 3827 1479 3872 sue

304 3925 359 3986 aut
383 3921 478 3986 etiam
495 3919 598 3984 aliene
613 3917 862 3984 subveniendum
878 3925 946 3985 erat
960 3921 1150 4005 necessitati,
1174 3928 1229 3988 aut
1250 3923 1277 3986 si
1293 3921 1478 4005 dignitatis*

373 4093 394 4125 a.
418 4078 606 4126 sanctificandum
621 4076 672 4126 NG.
785 4077 807 4123 b.
831 4091 863 4124 oa
879 4079 981 4126 sumna?
1090 4092 1110 4126 e
1134 4083 1236 4139 sumptos
1252 4095 1315 4128 eom
1330 4081 1356 4128 is
1371 4083 1478 4142 sumptus

304 4159 336 4216 N,
353 4161 457 4218 sumptus
478 4157 502 4206 0.
601 4158 625 4204 d.
648 4157 755 4217 dignitati
770 4155 820 4204 ΝΟ.

377 4257 401 4308 1.
420 4252 516 4308 llatth.
529 4255 570 4323 10,
582 4254 631 4308 41:
651 4258 697 4322 ,et
713 4252 762 4322 qui
778 4251 876 4321 recipit
890 4281 921 4292 —
934 4251 1078 4321 aecipict“.
1168 4255 1194 4308 2.
1213 4251 1269 4308 Gie
1281 4253 1316 4308 de
1332 4253 1378 4308 oti.
1390 4253 1418 4308 ll
1434 4257 1476 4322 lo,

257 4338 265 4348 ‘
305 4343 353 4396 56:
379 4341 552 4411 ,taliumque
575 4347 734 4410 sumptuum
758 4339 917 4395 facultatem
941 4337 1060 4395 fructum
1084 4337 1240 4394 divitiarum
1267 4345 1344 4410 putat
1369 4339 1478 4406 (Thoo-

305 4427 476 4496 phrastus)“.
