3142 4850
171 479 240 535 1075
259 480 294 535 in.

228 3720 298 3776 1075

241 3794 286 3839 lun.

315 285 357 352 88
683 301 850 349 unanmcr
872 300 999 349 oonux.
1033 297 1077 350 41.
1090 297 1126 348 ca

314 462 382 530 eius
405 459 493 529 dolos
517 468 549 528 et
571 461 712 544 insidias,
736 460 932 547 perpendite,
957 459 1093 545 qualiter
1115 480 1171 526 vos
1187 460 1323 527 doctoris
1347 461 1489 546 gentium

313 581 549 664 praemonuerit
560 580 740 646 auctoritas.
763 577 926 656 Quomodo
938 577 1022 644 enim
1033 596 1098 643 non
1108 597 1183 643 aare
1194 577 1393 663 praevideret
1402 597 1490 644 com·

313 694 429 760 missae
445 695 506 762 eibi
522 695 672 762 ecclesiae
689 695 877 782 periculum,
901 695 955 778 qui
970 693 1052 760 vidit
1067 694 1165 760 etiam
1180 694 1318 760 archana
1332 693 1393 759 Dei
1414 714 1490 779 rap-

312 813 365 875 tus
381 810 421 876 ad
438 811 570 877 tercium
589 807 748 878 caelum¹l
784 809 872 876 Dicit
894 810 1010 876 enim·:
1035 810 1075 874 ln
1096 813 1275 876 memo
1297 810 1490 896 tempos-ibn

312 925 474 992 instabamt
496 940 637 1014 tempora
648 927 841 1014 ponteclem,
866 939 896 992 et
910 938 1001 991 eunt
1016 925 1155 991 tonante
1170 949 1203 991 ae
1216 930 1304 1012 s'paos
1318 919 1489 1005 amantes¹‚

315 1054 455 1127 questum
474 1046 624 1130 pietatem
647 1035 877 1111 ant'eta'mantoa⁸
892 1045 925 1107 et
939 1045 1053 1107 cetera.
1088 1039 1147 1106 His
1162 1061 1227 1107 nou
1247 1041 1290 1108 ad
1302 1039 1490 1108 erubescen-

314 1157 393 1222 tiam
415 1163 554 1223 vestram
577 1175 794 1223 ammonemus
816 1155 1028 1239 dilectionem,
1051 1155 1187 1223 scientes
1203 1157 1239 1222 in
1258 1155 1435 1222 istis-velut
1454 1155 1491 1222 in

315 1270 386 1336 aliis
415 1277 551 1338 vestram
579 1273 816 1358 perfectionem.
857 1271 920 1337 Sed
941 1276 979 1338 ut
1007 1271 1048 1337 ad
1070 1271 1212 1338 cautelae
1234 1276 1267 1338 et
1287 1270 1491 1337 discretionis

314 1386 453 1453 studium
477 1387 647 1472 evigiletis,
676 1389 731 1473 pia
753 1386 981 1454 exhortationis
1003 1405 1100 1453 mauu
1122 1387 1303 1474 pulsamus3
1330 1406 1372 1452 nc
1398 1385 1492 1452 iuxta

313 1521 422 1568 vocem
446 1503 582 1589 apostoli
605 1503 742 1570 credatis
764 1503 850 1568 omni
866 1499 1018 1588 spiritui⁴‚
1042 1504 1108 1588 qui,
1131 1502 1268 1589 speciem
1284 1501 1412 1586 quidem
1433 1501 1491 1566 bu-

315 1617 424 1686 bentes
447 1619 586 1706 pietatis,
611 1639 708 1706 opera
730 1623 879 1686 exercent
898 1619 1072 1705 impietatis
1095 1621 1137 1702 ct,
1160 1618 1257 1684 uariis
1279 1623 1312 1684 et
1326 1617 1418 1682 uanis
1439 1617 1491 1683 in-

314 1733 465 1801 sudantes
486 1735 658 1818 laboribus,
682 1737 828 1802 luserunt
849 1754 883 1801 sa
897 1734 1006 1800 multis
1021 1733 1192 1800 doloribus.
1227 1733 1294 1800 llec
1310 1753 1384 1800 cum
1395 1732 1490 1799 nobis

313 1849 427 1918 melius
450 1851 594 1936 videatis,
618 1851 816 1939 perpendite,
839 1851 914 1936 quid
936 1850 1080 1916 iustitiae
1102 1853 1135 1916 et
1157 1849 1283 1915 ueritati
1304 1847 1458 1914 debeatis

402 1965 590 2033 Mandamus
614 1969 708 2050 enim,
731 1965 911 2033 mandando
937 1985 1117 2049 monemus,
1146 1965 1302 2032 mouendo
1324 1983 1490 2048 rogamus:

314 2102 355 2148 ue
380 2081 530 2148 adversus
559 2081 740 2169 episcopum
769 2079 927 2149 vestmm‘
955 2082 1052 2148 ullam
1080 2081 1260 2168 suscipiatis
1281 2080 1491 2164 legationem

315 2216 387 2264 cum
402 2197 523 2264 nullam
535 2199 653 2264 iustam
667 2199 701 2265 in
713 2219 783 2264 eum
802 2199 912 2264 audire
921 2199 1051 2285 possitis
1067 2198 1307 2265 accusationem.
1377 2196 1493 2264 Testor

315 2313 400 2380 enim
423 2312 527 2380 Deum
556 2318 588 2381 et
616 2315 779 2399 utriusque
802 2314 904 2380 nostri
926 2313 1167 2380 conscientiam:
1197 2333 1270 2380 eum
1294 2313 1436 2397 legitime
1458 2317 1493 2380 et

315 2430 465 2497 canonice
488 2432 611 2499 uenisse
635 2430 676 2497 ad
697 2431 778 2497 hano
800 2431 963 2515 regiminis
986 2450 1104 2497 euram.

404 2545 471 2613 Hac
498 2566 556 2613 nos
584 2546 674 2614 uobis
703 2547 840 2614 scribere
868 2547 970 2613 suasit
995 2546 1182 2629 Mogontiua
1215 2550 1318 2613 mater
1345 2544 1491 2631 ecclesia,

314 2682 411 2748 super
433 2662 569 2729 filiorum
597 2663 699 2730 salute
728 2662 807 2729 satis
835 2662 986 2744 sollicita3
1015 2668 1067 2747 ut,
1094 2663 1176 2728 deut
1198 2682 1253 2728 voa
1276 2682 1353 2749 prae
1375 2666 1490 2729 ceteris

313 2776 377 2846 fide
407 2782 439 2845 et
461 2778 628 2848 dilectione
650 2778 869 2866 amplectitur,
897 2778 946 2845 ita
966 2799 1023 2845 uos
1047 2798 1152 2846 secam
1176 2780 1210 2845 iu
1231 2777 1294 2845 fide
1315 2777 1436 2845 Christi
1458 2783 1491 2845 et

314 2899 425 2962 nostra
445 2916 648 2982 perseverare
670 2893 857 2979 gratuletur.

316 3106 380 3177 42.
405 3108 620 3195 Sporades]
637 3110 891 3195 archiepiscopus
906 3109 1113 3194 Mogontiaco
1130 3106 1285 3194 Gregorio
1298 3108 1367 3174 VII
1383 3130 1493 3194 papae

404 3226 585 3310 respondet,
615 3247 648 3289 ae
674 3226 711 3290 ob
735 3224 945 3291 coletadanem
966 3227 1011 3291 ad
1033 3226 1199 3291 concilium
1223 3225 1405 3291 Mamaeam
1425 3247 1492 3291 non

406 3342 520 3405 amira.
555 3340 607 3405 De
628 3363 685 3405 auo
708 3343 743 3405 in
767 3362 837 3406 aum
859 3341 1016 3427 obsequio.
1051 3342 1278 3407 Dela'cuta‘orem
1304 3343 1386 3406 uitae
1414 3363 1492 3407 esus

408 3455 524 3521 eadum
547 3456 680 3521 annuat.
719 3456 772 3521 De
794 3459 951 3543 epmcopa'a
973 3458 1192 3523 scammondab
1221 3457 1356 3543 aliisque
1381 3478 1492 3543 papae

406 3572 564 3637 mandatis
587 3574 831 3639 moderationem
852 3572 992 3639 suamc.
1355 3569 1394 3651 (Ε
1414 3572 1491 3650 132)

406 3702 542 3769 Domino
572 3704 745 3772 venerabili
773 3710 807 3772 et
831 3706 918 3792 patri
947 3705 983 3771 iu
1010 3704 1136 3771 Christo
1164 3704 1294 3772 amabili
1320 3702 1490 3787 Gregorio·

317 3820 440 3905 primae
463 3818 547 3886 sedis
571 3820 707 3887 antistiti
722 3818 929 3905 stigitridus),
951 3820 1155 3905 Mogentiana
1178 3820 1212 3887 id
1227 3820 1311 3906 quod
1325 3820 1492 3903 eetgratis

388 4056 408 4089 s.
430 4040 494 4089 chlt
509 4043 569 4090 euim
585 4043 661 4101 omV,
682 4042 724 4090 Dit
741 4042 801 4091 enlm
817 4043 844 4091 Z.
921 4042 944 4090 b.
968 4057 997 4091 ea·
1012 4044 1183 4101 Vct-tto,
1206 4044 1228 4091 Z
1244 4058 1269 4105 p.
1279 4044 1403 4091 92-93:
1423 4042 1492 4105 tpi-

318 4120 394 4169 stola
415 4121 557 4180 sigifridi
579 4122 742 4181 lloguntini
763 4122 988 4183 archiepiscopi
1009 4124 1043 4170 ad
1064 4124 1231 4183 (tragurium
1250 4136 1364 4184 papsm3
1384 4124 1410 4170 B
1425 4125 1492 4172 aaa:

316 4198 463 4261 Epistola
556 4215 576 4248 c.
600 4202 626 4248 G.
643 4202 693 4249 ΖΒ.

391 4324 416 4375 1.
436 4321 657 4393 tonnellam,
676 4324 701 4378 2.
791 4324 818 4379 2.
843 4323 991 4380 2Timotb.
1004 4326 1037 4396 3,
1055 4328 1081 4381 1.
1092 4327 1120 4381 b.
1208 4325 1234 4379 3.
1253 4324 1405 4381 l'limotb.
1416 4327 1448 4396 6,
1464 4326 1492 4381 5.

317 4412 344 4465 4.
368 4412 379 4464 l
395 4410 466 4464 Petu.
479 4410 505 4479 4,
521 4412 545 4465 1.
635 4412 661 4466 5.
679 4410 876 4467 florimannum
889 4412 911 4467 l.
