3142 4850
381 306 572 355 rrmnonsa
592 307 873 357 commorasse.
908 306 951 359 aa.
965 306 1000 359 uo
1211 292 1277 359 525

105 463 339 549 lragaummm,
368 464 519 532 adhibitis
545 466 702 550 religiosis
729 468 889 554 personis,
917 467 1014 535 talem
1044 468 1367 554 praedamnamur

106 579 157 663 qui
180 579 292 646 eclesie
320 585 353 647 et
374 581 499 668 inperia
526 583 685 669 expediat
721 583 807 649 Talis
830 584 914 651 enim
940 602 1068 650 neeesse
1091 589 1198 652 estut
1220 584 1277 651 eli-
1305 557 1355 606 ⁰⁰²¹

61 770 74 793 ο
105 699 205 779 gatar,
228 695 338 781 quiin
362 697 553 782 exequendis
576 698 636 782 his,
660 718 721 784 qne
736 698 797 766 Dei
819 704 851 767 et
872 700 990 767 cessrm
1014 706 1097 783 sunt,
1121 700 1205 767 vires
1221 700 1277 767 ha-

104 810 176 877 beat
198 816 232 878 et
252 811 428 879 scientiam.

191 926 236 993 Ut
257 933 363 994 autem
387 927 524 1015 simplici
548 926 657 997 oculc¹
684 948 743 995 nos
771 930 830 996 lrec
852 950 913 1015 que
936 930 1074 997 diximus
1097 930 1278 999 desiderare

103 1062 289 1127 cognoscas,
317 1042 456 1127 legatum
478 1050 568 1110 tuum
591 1044 784 1112 cardinalem
807 1046 848 1113 ad
870 1066 928 1111 nos
957 1045 1090 1131 dirigas,
1120 1066 1181 1131 quo
1205 1067 1277 1133 pre-

102 1164 193 1226 sente
214 1164 248 1226 et
268 1159 452 1227 consulente
474 1159 586 1227 eolesio
608 1159 748 1228 desolate
769 1166 980 1229 succurratur.

193 1272 282 1342 Scire
303 1280 410 1342 autem
435 1280 469 1342 te
490 1274 577 1342 uolo:
606 1277 696 1362 quia,
725 1277 831 1344 natale
853 1273 1000 1343 Domini'
1023 1276 1116 1365 Spire
1138 1277 1277 1345 celebra·

100 1390 177 1474 turi,
200 1391 380 1457 convocatis
394 1391 601 1478 principibus,
624 1392 664 1458 de
678 1392 821 1459 &mana
836 1392 1039 1480 expedicione
1058 1392 1275 1461 aretabimus.

99 1506 152 1572 Ad
181 1525 278 1591 quam
306 1509 426 1573 curiam
455 1507 594 1591 legatum
623 1514 656 1575 et
682 1509 806 1577 litteras
835 1514 906 1575 tuae
936 1510 1021 1575 mitti
1049 1508 1275 1594 desideramus,

99 1642 158 1708 per
182 1642 262 1706 quas
289 1623 542 1710 archiepiscopos
570 1628 604 1690 et
630 1625 760 1691 abbates
790 1624 1010 1709 qualicumque
1032 1624 1276 1692 comminatione

98 1736 142 1803 ad
163 1743 255 1841 tuum
280 1745 313 1805 et
333 1744 477 1806 nommm
500 1740 668 1807 servicium
691 1740 965 1807 commonefacias.

99 1948 165 2021 30.
192 1953 285 2039 sirpo
307 1956 444 2019 ἅοοωιοοο
465 1954 731 2021 Hellen-stratensis
756 1955 936 2023 Innocentio
951 1955 987 2021 ll
1003 1976 1110 2041 popae
1132 1956 1171 2021 de
1195 1951 1274 2023 Gen

191 2068 294 2134 lardo
316 2068 409 2135 aloem
425 2072 572 2157 aprioopo
586 2072 753 2157 sipcificat.
788 2070 904 2156 Ropot,
927 2083 963 2137 ot
977 2072 1112 2137 discidio
1130 2070 1276 2137 ccclesiae

191 2183 456 2251 Heldorstatenoae
470 2187 570 2269 finem
593 2189 788 2253 constitact‘.

191 2314 378 2385 Venerando
408 2324 517 2385 sancta
546 2318 688 2385 Romane
719 2317 832 2385 eclesie
864 2316 1005 2405 pontifici
1036 2316 1151 2384 domno
1181 2316 1366 2383 luno-1135

94 2431 207 2498 centio
228 2431 316 2518 Erpo
338 2433 475 2501 decanus
498 2433 774 2502 Halberstadensis
801 2435 913 2502 eclesie
936 2453 1008 2500 cum
1031 2435 1143 2502 ceteris
1167 2433 1275 2500 domni
1305 2399 1354 2448 ⁰⁰¹*

93 2546 259 2615 Gerlrardi
287 2547 474 2617 electoribus
496 2557 561 2617 tam
585 2551 731 2618 deuotam
755 2571 851 2636 quam
878 2549 1017 2617 debitam
1041 2569 1111 2616 cum
1142 2550 1274 2616 servicio

93 2668 129 2732 et
150 2663 299 2733 orations
321 2664 542 2732 obedientiam.

190 2779 282 2858 Quod
309 2782 512 2867 paternitatis
541 2787 645 2849 vestm
671 2781 946 2848 mansuetudinem
974 2780 1190 2864 angmtiarum
1219 2799 1275 2846 no·

91 2901 239 2963 atrarum
262 2895 459 2963 incenmedis
481 2897 602 2963 tociens
624 2917 804 2982 paramus,
828 2895 912 2982 quod
927 2899 1031 2962 vostre
1051 2895 1275 2962 dominationis

93 3031 194 3079 aures
221 3011 428 3097 querimoniis
450 3013 568 3079 uostris
590 3015 710 3080 tociens
737 3013 918 3100 pulsamus,
946 3011 1032 3078 Deus
1056 3012 1129 3095 scit,
1158 3017 1275 3097 quanto

91 3127 205 3195 cordis
227 3147 351 3194 merore
373 3127 469 3194 simul
492 3147 529 3195 ac
547 3127 667 3216 pudore
689 3128 879 3196 tabescimus
896 3133 937 3212 et,
960 3127 1197 3211 ingravescente
1220 3127 1275 3194 do·

91 3242 175 3310 loris
200 3242 355 3329 pondere,
386 3244 451 3311 iam
475 3263 556 3330 pene
578 3243 750 3311 deficimus.
792 3243 871 3310 Cum
893 3264 969 3311 vero
992 3243 1097 3310 divine
1124 3243 1275 3310 bonitatis

91 3358 350 3444 magnitudinem
374 3379 451 3444 erga
472 3379 582 3426 omues
610 3359 743 3426 afflictos
765 3359 906 3444 itemque
928 3364 1033 3426 vestm
1062 3357 1189 3445 pietatis
1218 3379 1275 3446 pa·

90 3481 226 3542 ternum
249 3493 375 3560 semper
390 3495 467 3560 erga
488 3495 546 3541 nos
561 3473 707 3542 affectum
730 3495 911 3562 pensamus,
934 3475 1055 3558 ingenti
1071 3495 1128 3561 epe
1144 3495 1275 3562 recupe-

91 3591 199 3658 rande
227 3590 339 3656 salutis
369 3591 517 3676 animati,
547 3611 672 3659 omnem
700 3590 943 3658 sollicitudinem
973 3595 1115 3657 nostmm
1144 3591 1177 3656 in
1207 3591 1274 3658 eius

91 3706 238 3791 gratiam
258 3711 291 3772 et
305 3706 339 3772 in
354 3710 459 3773 vestre
480 3707 682 3793 paternitatis
696 3706 862 3774 consilium
880 3706 1046 3772 iactamus
1125 3705 1188 3773 Sed
1210 3707 1275 3774 iam

90 3841 200 3890 noras
223 3828 256 3888 et
277 3822 459 3909 inopinatas
479 3823 626 3890 miserias
646 3828 773 3889 nostras
795 3821 981 3908 exposituri,
1007 3821 1108 3888 tocius
1131 3823 1276 3888 veriatis

92 3943 264 4006 auctorem
289 3937 394 4004 Deam
420 3943 534 4005 testem
561 3939 746 4005 invocamus
772 3938 807 4003 in
836 3937 975 4002 animam
1003 3941 1160 4004 nostram:
1190 3938 1274 4023 quia,
1345 4011 1349 4018 ,

168 4162 193 4196 ι.
215 4148 340 4210 merops
360 4163 389 4196 a
404 4148 546 4198 emaum
567 4150 670 4198 amm
690 4149 740 4197 aa
755 4147 809 4196 sor.
825 4147 880 4209 eq.
896 4147 977 4195 rasa.
989 4149 1069 4196 ιιοοι
1090 4147 1162 4208 (orm
1178 4149 1203 4196 s.
1216 4147 1274 4198 oa*

91 4226 165 4276 mne
188 4226 255 4286 uo)
274 4225 322 4288 sor
339 4229 416 4276 roos.
447 4228 580 4277 nouem
603 4227 700 4276 saara
725 4226 794 4289 cap.
809 4226 862 4274 aar.
878 4225 892 4274 1
910 4227 969 4284 err,
994 4227 1102 4276 mmm
1126 4234 1148 4276 o
1171 4227 1276 4276 oasam

94 4305 158 4356 ceu
177 4305 258 4354 rrsr.

174 4412 200 4467 1.
217 4410 353 4482 aune,
370 4413 415 4467 aa.
576 4413 602 4466 a.
624 4412 660 4468 aa
676 4411 837 4467 orasses.
