3142 4850
312 314 377 377 '144
506 328 686 376 nannenus
708 328 890 376 amnuens.
928 328 992 374 nus.
1010 328 1043 373 n.
1080 324 1286 373 recusarunt

223 508 292 561 1158
311 490 450 557 moneris
473 490 532 555 tibi
556 490 756 574 potissimum
779 492 939 555 servatum
964 493 1012 553 est
1028 522 1069 533 -
1089 486 1212 552 edicito.
1252 484 1334 549 Nam
1357 484 1477 549 unirer-

229 580 291 626 ¹⁰¹'¹
312 627 416 672 sorum
441 625 570 690 operum
595 605 678 688 eius,
706 604 781 671 lieet
804 624 919 686 magna
947 603 1011 669 sint
1034 602 1155 684 omnia,
1183 600 1280 666 nichil
1307 605 1370 682 cst,
1400 600 1479 683 quod

312 721 384 787 huic
406 720 509 787 valeat
537 721 712 805 conparari.
755 719 858 786 Unam
886 720 1003 807 quippe
1032 719 1167 784 animam
1192 716 1260 783 Ded
1289 713 1479 797 lucrifacere,

311 837 442 903 maioris
464 835 549 921 apud
565 835 668 902 Deum
684 835 832 919 arbitror,
856 854 950 920 qnam
974 833 1061 900 mille
1082 834 1152 899 auri
1174 832 1294 899 talenta
1315 831 1348 895 in
1367 830 1480 897 elemo-

311 952 398 1018 sinas
421 949 608 1038 expendere.

402 1066 551 1133 Tiemo:
583 1066 689 1149 Magni
713 1065 838 1150 quidem
864 1065 967 1131 meriti
991 1070 1049 1149 est7
1074 1064 1211 1129 animam
1236 1068 1393 1130 errantem
1416 1062 1480 1127 Dee

312 1180 428 1248 lucrari
456 1202 513 1268 per
535 1180 644 1264 lidem3
675 1181 730 1248 sed
759 1179 942 1266 hiperbelen
965 1180 1090 1264 fugere,
1120 1198 1223 1247 sermo
1246 1179 1367 1264 expetit
1390 1178 1481 1243 casti-

312 1298 428 1380 gaciur.

402 1412 516 1491 Quem
547 1412 727 1479 Sefridus
757 1413 933 1477 intuens:
966 1408 998 1476 Si
1022 1430 1160 1495 congrua
1188 1410 1319 1495 inquit
1349 1408 1481 1475 auetori-

312 1532 378 1593 tate
400 1547 463 1593 non
486 1526 663 1612 firmavero,
687 1527 769 1612 quod
786 1527 904 1593 dictum
921 1532 979 1610 est,
1003 1528 1210 1593 assensionem
1230 1528 1297 1593 eius
1312 1524 1407 1590 fidem
1431 1544 1482 1589 ex-

313 1642 423 1710 cedere
446 1644 558 1710 merito
582 1643 761 1725 redargues.
797 1640 921 1708 Scimus
939 1642 1077 1728 quidem,
1101 1641 1270 1708 elemosine
1292 1641 1481 1706 substantia·

313 1779 383 1824 rum
407 1779 485 1843 quas
507 1758 617 1825 laudes
640 1758 672 1822 in
697 1758 862 1843 scripturis
886 1758 1030 1823 habeant.
1071 1755 1194 1822 Scimus
1217 1757 1387 1842 scriptum,
1413 1756 1482 1840 quia

314 1875 395 1941 sicut
417 1894 499 1959 aqua
521 1873 679 1957 extinguit
703 1874 824 1955 ignem,
852 1874 898 1938 itu
921 1872 1091 1938 elemosina
1115 1872 1271 1957 extinguit
1294 1870 1481 1959 peccatum,

314 1997 360 2057 et:
384 1991 469 2055 Date
492 1992 691 2056 elemosinam
714 2004 742 2054 et
765 1993 872 2055 ornnt'a
886 1992 1006 2053 menda
1021 2003 1093 2053 cent
1109 1984 1231 2065 cobis'3
1255 1993 1302 2055 et:
1329 1990 1482 2074 Redernp-

254 2118 260 2125 '
314 2110 357 2171 tie
381 2110 484 2171 aniene
506 2110 571 2170 vird
593 2109 729 2193 proprie
752 2100 897 2181 dioicdc³5
927 2112 958 2169 et
986 2103 1077 2189 plura
1106 2105 1140 2168 iu
1163 2103 1245 2170 bunc
1267 2106 1397 2169 modum
1425 2103 1482 2169 cle

314 2221 468 2286 mosiuam
493 2220 754 2287 commendantia.
798 2218 858 2285 Sed
883 2219 997 2284 bonum
1023 2218 1128 2285 differt
1151 2240 1170 2284 a
1192 2220 1273 2285 beno
1300 2221 1333 2285 in
1358 2222 1483 2285 estima-

313 2336 413 2420 eiene,
437 2338 519 2401 sicut
541 2334 634 2402 stella
655 2334 761 2402 differt
776 2357 795 2401 a
811 2334 901 2401 stella
924 2336 956 2401 iu
973 2335 1125 2401 claritate.
1161 2336 1246 2401 Audi
1269 2336 1481 2421 euangelium:

315 2456 417 2518 Amen
447 2453 552 2538 inquit
581 2456 650 2519 dico
678 2455 782 2532 vebia,
812 2457 965 2538 paedia-tn
996 2466 1039 2517 est
1067 2455 1188 2540 angelis
1211 2455 1277 2518 Dei
1304 2477 1403 2540 cuper
1425 2476 1482 2517 ane

313 2583 474 2656 peccatore
495 2573 703 2656 penitenciam
727 2566 859 2656 agenni
901 2567 993 2650 Eece,
1018 2588 1058 2632 ne
1081 2567 1194 2633 sobriis
1218 2567 1418 2634 sermonibus
1440 2567 1482 2631 bi·

315 2684 464 2771 pcrbclen
481 2685 647 2771 irrepsisse
663 2686 816 2768 queraris,
838 2683 988 2768 gaudium
1012 2683 1045 2750 in
1069 2685 1153 2749 omni
1172 2681 1322 2750 calefieri
1339 2704 1380 2750 cx
1397 2685 1482 2750 unius

315 2801 419 2867 anime
433 2800 648 2884 conversione,
672 2820 736 2864 non
751 2777 857 2882 michi,
882 2799 937 2866 sed
955 2799 1118 2882 euangelio
1135 2801 1242 2880 credc;
1266 2820 1304 2865 ae
1327 2797 1481 2886 proinde,

315 2915 408 2981 unius
431 2915 536 2983 anime
559 2914 692 2981 salutem
717 2915 802 2999 mille
826 2915 894 2980 auri
911 2914 1037 2980 talentis
1058 2915 1091 2980 in
1107 2913 1310 2982 elemosinam
1328 2917 1482 3001 expensis,

229 3055 232 3058 ⁴
315 3031 490 3098 certissime
513 3029 635 3115 collige,
658 3050 763 3096 eoram
780 3027 847 3096 Deo
871 3050 939 3096 esse
961 3031 1099 3097 maioris.
1135 3029 1205 3109 Non
1228 3051 1379 3116 umquam
1405 3033 1482 3097 enim

314 3147 499 3229 dignaretur
522 3147 638 3213 veritas
660 3146 810 3230 gaudium
838 3147 1000 3232 predicare
1023 3146 1205 3230 angelorum
1229 3167 1324 3233 super
1347 3167 1485 3234 expensa

315 3261 402 3329 mille
425 3262 494 3327 auri
516 3261 723 3340 talentorum3
754 3261 836 3346 quod
865 3267 971 3328 tamen
998 3282 1061 3328 ncn
1084 3263 1272 3346 dedignatur
1294 3264 1334 3329 de
1357 3283 1484 3331 couver-

315 3377 404 3443 sione
418 3377 511 3442 unius
532 3377 716 3462 peccatoris.
752 3377 860 3460 Neque
876 3377 1021 3442 dominus
1038 3377 1123 3444 lesus
1148 3399 1204 3464 pro
1219 3377 1347 3445 talentis
1365 3381 1485 3464 argenti

316 3491 366 3559 rel
395 3493 463 3558 auri
492 3491 651 3559 lucrandis
677 3491 726 3558 rel
754 3492 920 3576 erogandis
949 3493 1004 3559 sed
1035 3515 1092 3579 pro
1117 3494 1295 3560 hominibus
1325 3495 1485 3562 salvandis

315 3608 501 3691 sanguinem
524 3608 616 3691 fudit,
641 3608 781 3692 precium
805 3608 1040 3694 redemptionis.
1076 3609 1171 3676 Absit
1185 3609 1291 3692 igitur,
1317 3617 1352 3676 ut
1368 3611 1484 3695 aliquid

316 3725 358 3790 sit
379 3724 413 3789 in
435 3723 529 3790 rebus
552 3724 682 3807 creatis,
711 3724 793 3809 qued
817 3723 953 3790 humane
977 3725 1081 3791 anime
1109 3725 1327 3811 preferendum
1359 3733 1484 3812 putem3

316 3860 409 3925 quam
434 3840 503 3926 ipse
525 3846 647 3905 creator
669 3840 750 3905 tanti
774 3829 874 3906 voluit
896 3841 1058 3924 estimare,
1087 3847 1122 3906 ut
1145 3861 1201 3926 pro
1225 3839 1281 3906 illa
1302 3841 1485 3909 redimenda

316 3961 417 4022 semet
438 3956 542 4042 ipsum
565 3975 665 4038 usque
688 3955 728 4021 ad
750 3958 861 4023 mortis
885 3957 1032 4022 iniuriam
1056 3955 1230 4022 inclinaret

406 4071 497 4137 Tum
521 4091 604 4156 ego:
629 4069 713 4136 Satis
736 4071 894 4156 inquam
919 4092 976 4158 pro
993 4091 1097 4138 causa.
1133 4071 1214 4138 Nam
1229 4077 1261 4138 et
1276 4073 1364 4158 prior
1379 4079 1483 4140 noster

315 4195 381 4253 am
404 4187 557 4254 indomite
579 4187 792 4253 contencionis
819 4207 881 4253 nun
905 4195 967 4270 cst,
996 4194 1045 4271 ut,
1076 4187 1184 4254 audita
1211 4189 1351 4271 taciem,
1381 4189 1480 4256 sedari

388 4352 409 4383 a
432 4338 527 4397 perinde
543 4339 574 4384 Ν.

389 4432 413 4485 l.
432 4431 517 4487 Eccli.
527 4433 553 4502 3,
566 4434 609 4488 33.
683 4435 709 4489 2.
727 4433 847 4502 Luell,
859 4433 903 4488 41.
974 4434 1001 4488 ³.
1019 4433 1099 4490 Prev.
1111 4435 1153 4505 13,
1166 4437 1191 4490 8.
1262 4435 1289 4490 4.
1308 4435 1374 4490 Luc
1385 4435 1425 4502 15,
1437 4433 1476 4488 10.
