3142 4850
326 292 393 357 500
642 310 1132 360 aa1srounnannarencausns.
1168 310 1185 361 o

157 468 506 567 reaten-maculauit,
531 468 606 536 dum
629 468 709 535 tilios
733 472 765 535 in
791 476 936 556 parentes
960 475 992 537 et
1013 476 1161 557 parentes
1183 469 1313 537 infilius
1335 472 1484 554 insurgere

175 556 245 609 ¹⁰⁸²
262 572 299 609 ¹¹¹·
324 585 400 651 iecit
422 590 455 651 et
475 584 606 651 fratrem
629 585 662 651 in
685 586 816 653 fratrem
841 588 984 653 armavit.
1070 586 1172 670 Certe,
1196 586 1223 651 si
1240 586 1334 652 vultis
1354 586 1484 653 censide-

324 722 406 785 rare,
429 701 493 767 ista
507 702 683 786 persecutio
699 702 856 769 crudelior
872 708 921 769 est
935 702 1025 769 Decii
1043 703 1266 789 persecutione.
1303 702 1392 786 Quia,
1415 722 1485 788 quos

324 816 378 883 ille
393 816 564 883 trucidavit
580 837 636 903 pro
651 816 788 902 Christo,
813 817 957 885 Christus
978 820 1141 885 coronavit
1155 819 1188 884 in
1204 817 1306 900 eaelo;
1330 818 1407 885 heco
1422 838 1486 884 uero

325 938 492 1018 praesente
514 933 581 999 vita
603 933 717 1019 privat,
744 934 885 1019 priuatos
909 935 941 1000 in
964 936 1122 1001 infernum
1146 934 1284 1001 damnat

413 1048 475 1115 Pro
498 1049 558 1114 hac
579 1069 711 1115 erumna
732 1050 961 1136 compescenda
983 1052 1089 1137 sepius
1107 1052 1233 1117 vocarit
1254 1070 1326 1116 eum
1350 1049 1487 1133 ecclesia:

325 1170 361 1230 ut
382 1165 422 1231 de
443 1165 591 1251 imposito
614 1165 675 1231 sibi
697 1166 829 1232 crimine
851 1186 886 1231 se
909 1172 1059 1252 purgaret
1087 1172 1120 1234 et
1147 1166 1310 1250 ecelesiam
1340 1167 1380 1233 de
1408 1186 1488 1233 scan-

325 1280 397 1345 dalo
420 1280 579 1347 liberaret.
622 1280 684 1347 Sed
712 1283 781 1368 ipse
804 1288 933 1348 uocatus
955 1284 1063 1349 uenire
1093 1283 1283 1369 contempsit
1306 1288 1338 1348 et
1367 1282 1487 1348 nuncios

324 1402 449 1462 nostres
473 1416 531 1463 nec
552 1398 621 1482 ipse
650 1397 771 1463 audivit
798 1417 857 1465 nee
880 1409 951 1464 vos·
976 1398 1084 1465 andire
1113 1398 1272 1485 permisit3
1303 1398 1419 1464 timens
1440 1415 1489 1463 ros

324 1512 463 1581 fautores
487 1512 641 1596 amittere,
666 1512 775 1579 audita
797 1514 881 1580 iuste
902 1514 1035 1581 ratione.

415 1627 478 1695 Sed
500 1648 668 1715 precamur
691 1630 831 1695 omnium
856 1650 1053 1695 communem
1077 1629 1246 1695 iustitiam:
1272 1634 1318 1713 ut,
1342 1628 1489 1695 vobisia-

325 1743 496 1828 cientibus,
524 1746 574 1811 uel
598 1745 699 1810 adbuc
723 1746 829 1811 veniat
858 1748 889 1810 in
920 1746 1146 1832 praesentiam,
1177 1745 1285 1811 audiet
1306 1744 1488 1811 clamantem

325 1859 499 1944 ecclesiam.
535 1860 570 1926 Si
592 1860 677 1927 enim
700 1860 761 1927 sibi
785 1862 953 1929 commissa
977 1868 1034 1947 est,
1057 1882 1114 1929 cur
1137 1882 1207 1927 eam
1230 1861 1334 1947 perire
1357 1858 1489 1947 patitur?

324 1977 394 2042 Non
424 1983 473 2043 est
499 1977 635 2062 pastoris
662 1977 718 2044 sad
746 1978 971 2045 mercennarii:
998 1978 1102 2044 locum
1129 1978 1267 2063 pastoris
1296 1977 1440 2044 obtinere
1463 1980 1490 2041 et

324 2092 475 2159 solacium
492 2094 602 2160 ovibus
616 2094 691 2181 lupo
714 2094 855 2160 laniante
878 2093 1071 2160 subtrahere.
1110 2092 1215 2159 Dicite
1230 2092 1306 2159 sibi:
1328 2099 1368 2159 ut
1383 2091 1488 2173 venia,

324 2208 474 2290 ecclesiae
496 2210 686 2291 satisfaciat3
709 2210 867 2276 neminem
884 2210 946 2274 nisi
961 2209 1062 2275 Deum
1086 2210 1207 2275 timeat.
1242 2209 1395 2295 Accipiat
1415 2210 1488 2274 iura·

323 2331 441 2408 menta,
466 2324 601 2410 accipiat
623 2324 747 2392 obsides
771 2346 791 2391 a
813 2326 904 2391 nobis
927 2344 1036 2391 secure
1059 2324 1205 2391 veniendi
1228 2322 1269 2389 ad
1292 2344 1363 2409 nos,
1392 2340 1489 2391 secure

324 2441 503 2508 revertendi
530 2443 569 2506 ad
593 2462 664 2524 uos3
693 2443 761 2508 sive
790 2441 822 2508 in
852 2441 925 2508 sede
955 2441 1128 2528 apostolica
1154 2440 1337 2508 retinendus
1369 2442 1420 2508 uel
1445 2440 1489 2506 de-

324 2558 497 2643 ponendus.

412 2673 496 2740 Ecce
517 2693 575 2739 nos
590 2673 724 2738 Romam
740 2673 808 2740 Deo
832 2673 969 2760 propitio
987 2673 1147 2740 veniemus
1165 2673 1335 2740 constituto
1352 2673 1489 2740 termine.

325 2789 359 2856 Si
375 2790 520 2873 uoluerit,
543 2789 587 2854 ibi
602 2787 667 2854 fiat.
704 2788 738 2855 Si
757 2787 869 2856 melius
893 2790 1006 2875 placet,
1031 2809 1102 2856 enm
1118 2789 1257 2856 nuntiis*
1273 2791 1395 2856 nostris
1410 2787 1491 2854 nobis

325 2926 498 2988 occurrere,
521 2905 580 2971 hoc
605 2925 729 2990 queque
751 2903 925 2971 laudamus.
961 2905 1025 2971 Vos
1048 2907 1110 2992 ipsi
1132 2925 1249 2989 seeum,
1275 2911 1432 2990 quotquot
1445 2923 1491 2970 ro·

324 3021 462 3106 lueritis,
487 3021 604 3105 venite,
634 3021 757 3103 audite,
786 3022 932 3087 iudicate.
974 3019 1008 3086 Si
1032 3021 1179 3088 debetet
1201 3026 1401 3108 potestesse
1424 3039 1493 3106 apo·

325 3137 469 3221 stolicus,
493 3156 550 3202 nos
574 3136 634 3202 sibi
658 3136 849 3218 obediemus.
891 3136 947 3203 Sin
971 3143 1090 3222 autem,
1120 3137 1153 3203 in
1178 3142 1282 3203 vestro
1312 3137 1445 3203 arbitrio
1466 3139 1493 3200 et

324 3258 432 3319 nostro
462 3252 612 3335 ecclesiae
643 3253 847 3338 provideatur
876 3253 955 3319 alius
984 3252 1133 3337 eeclesiae
1161 3254 1369 3320 necessarius.
1413 3247 1493 3318 Istud

324 3389 387 3434 non
411 3368 530 3436 debetis
553 3389 678 3452 negare.
715 3367 750 3434 Si
772 3369 890 3435 iustum
916 3373 964 3435 est
986 3369 1181 3436 sacerdotem
1205 3389 1347 3453 servare,
1380 3369 1491 3434 iustum

325 3490 374 3550 est
402 3489 435 3551 et
460 3485 528 3568 regi
556 3485 691 3568 obedire.
734 3482 797 3549 Cur
821 3483 880 3550 Dei
910 3483 1147 3571 dispositionem
1177 3485 1340 3551 destruere
1369 3484 1494 3550 molitur

325 3599 578 3666 Hildebrandusi
616 3599 659 3666 Et
680 3601 708 3666 si
737 3600 806 3686 ipse
829 3599 973 3686 molitur,
1002 3621 1058 3666 cur
1081 3621 1101 3668 a
1123 3601 1211 3667 vobis
1241 3600 1301 3666 sibi
1329 3620 1396 3666 non
1424 3619 1493 3668 eon·

325 3716 460 3782 traituri

416 3831 502 3896 Deus
530 3851 592 3896 non
622 3850 720 3896 unum
742 3832 798 3897 sed
827 3832 905 3898 duos
934 3831 1054 3914 gladios
1077 3833 1154 3898 satis
1184 3851 1252 3898 esse
1281 3831 1363 3898 dixit
1373 3828 1390 3898 ¹.
1427 3831 1494 3917 ipso

325 3968 400 4014 vero
427 3967 525 4012 unum
549 3945 616 4012 fieri
640 3947 792 4028 intendit3
821 3947 896 4012 dum
919 3967 976 4014 nos
1000 3946 1170 4013 destituere
1198 3945 1374 4032 contendit,
1404 3966 1493 4031 quem

325 4061 412 4129 Dens
435 4064 578 4147 quamvis
600 4063 766 4146 indignum
790 4062 829 4129 ab
851 4063 931 4148 ipsis
952 4061 1114 4128 cunabulis
1137 4081 1242 4144 regem
1267 4062 1441 4141 ordinatim
1464 4065 1494 4126 et

326 4179 488 4245 ordinasse
504 4179 619 4244 cotidie
642 4179 788 4261 ostendit,
813 4179 839 4244 si
862 4177 1030 4266 perpendit
1052 4175 1181 4262 aliquis:
1206 4177 1340 4262 qualiter
1361 4195 1421 4244 nos
1442 4193 1493 4242 ou·

398 4342 419 4375 a.
442 4341 485 4374 nos
500 4342 520 4374 c
733 4328 757 4374 b.
779 4330 867 4388 nuptiis
883 4342 903 4375 c.

398 4424 422 4474 1.
441 4422 507 4476 Luc.
520 4423 564 4491 22,
582 4423 626 4476 38.
657 4421 699 4477 (ii.
713 4421 832 4477 Udalrici
851 4421 912 4476 cod.
931 4439 958 4477 n.
974 4423 1024 4476 113
1042 4435 1126 4491 supra
1143 4437 1171 4491 p.
1184 4423 1245 4476 203.
