3142 4850
326 260 393 325 488
595 302 602 313 ·
644 274 833 324 nrrsronnn
855 272 1133 323 nnnmnuonusss.
1168 269 1185 319 e

239 451 308 507 1021
325 438 430 503 riosae
452 435 707 523 perseverentiae
721 434 794 499 tinis
809 432 976 517 gloriosius
991 432 1117 501 tibimet
1130 436 1295 499 aucmenta
1309 429 1493 515 multiplicat

326 554 441 619 laudis.

418 667 479 733 Tot
502 664 726 748 anxietatibus,
755 661 960 729 dilectissime
982 680 1102 746 caesar,
1124 662 1230 729 divino
1253 662 1409 729 adiutorio
1432 662 1495 745 glo·

327 783 448 848 rianter
471 788 609 868 ereptus,
631 800 709 846 eave
732 785 839 845 temen
861 779 1021 863 sapienter
1043 778 1075 843 in
1099 784 1270 864 posterum.
1305 777 1386 855 Quia
1408 783 1496 845 nocet

327 918 421 963 omne
444 918 569 984 semper
584 897 745 961 incautum
770 900 803 961 et
826 899 985 959 ammonet
1005 894 1078 979 ipsa
1097 894 1244 961 discretio
1259 894 1423 979 temporis,
1444 891 1497 957 liat

327 1032 367 1078 ne
395 1012 471 1095 quid
499 1012 605 1077 nimis.
645 1010 708 1077 Pro
736 1009 805 1075 zelo
833 1010 976 1075 iusticias
1003 1009 1093 1073 fortis
1122 1014 1170 1075 est
1196 1010 1282 1093 rigor
1314 1010 1495 1075 intentionis

326 1133 416 1209 tuae3
447 1134 663 1193 verumtamen
695 1130 944 1211 temperamento
973 1125 1094 1191 consilii
1123 1124 1281 1191 interdum
1310 1124 1404 1191 debet
1431 1126 1496 1210 ipss

327 1242 479 1308 tortitudo
501 1242 628 1309 molliri.
664 1240 753 1317 Quod
777 1242 894 1326 poterit
917 1241 1005 1325 quasi
1028 1239 1252 1307 iuolarissimo
1269 1239 1399 1326 speculo
1415 1240 1497 1324 quie·

328 1378 390 1441 que
405 1378 601 1441 cognoscere,
618 1357 646 1421 si
662 1356 804 1421 ordinem
818 1356 1010 1441 septiformis
1022 1354 1142 1438 gratiae
1153 1354 1253 1420 cautis
1267 1355 1497 1439 intellegentiae

328 1472 426 1538 oculis
449 1474 556 1539 studet
576 1472 744 1557 inspicere
828 1470 1034 1555 Inspiciamus
1057 1470 1155 1553 igitur
1175 1469 1275 1555 illum,
1298 1476 1423 1557 septem
1439 1470 1496 1535 rir-

327 1593 432 1653 tutum
466 1588 616 1671 gradibus
647 1606 787 1669 congrua
819 1586 1018 1653 distinetione
1046 1586 1250 1671 dispositum,
1284 1606 1357 1651 oum
1388 1587 1496 1671 quibus

327 1702 485 1785 designati
507 1723 615 1769 sumus
637 1702 672 1767 iu
693 1701 799 1768 tronte
808 1696 825 1784 ¹,
849 1706 885 1767 ut
905 1701 1106 1768 confirmetur
1121 1700 1292 1769 catholicae
1311 1700 1387 1769 fidei
1403 1702 1496 1769 uirtus

326 1816 360 1881 in
383 1823 499 1884 mente.
539 1818 660 1886 Harum
684 1817 778 1884 etiam
804 1817 957 1883 virtutum
986 1816 1136 1900 gradibus
1163 1817 1196 1883 in
1223 1816 1324 1883 altum
1352 1817 1495 1885 debemus

327 1933 513 2017 escendere,
550 1936 577 2001 si
613 1936 706 2001 deum
742 1935 871 2000 deorum
904 1932 936 1998 in
971 1930 1055 2017 Syon
1091 1932 1282 1999 merebimur
1314 1934 1496 2017 quandoque

326 2048 443 2114 videre.

353 2170 356 2174 ’
416 2161 542 2229 Primus
566 2166 757 2231 ascensionis
786 2166 903 2248 gradus
927 2164 960 2229 iu
989 2164 1130 2231 timore
1159 2164 1317 2245 consistit3
1348 2166 1439 2249 quia,
1465 2170 1495 2229 ut

326 2277 459 2361 legimus
476 2280 691 2365 propheticam
708 2281 896 2369 sapientiam
914 2280 1039 2347 testari:
1066 2282 1201 2345 Iniciam
1217 2284 1397 2367 sapientiae
1411 2285 1495 2347 esur

327 2408 372 2460 set
392 2391 555 2461 Domioi².
594 2396 659 2478 Qui
680 2402 763 2464 enim
785 2402 871 2464 tionet
886 2398 1071 2477 Dominam,
1097 2400 1255 2464 conducas
1278 2410 1324 2464 est
1342 2401 1492 2473 iustidoa

327 2523 356 2576 et
370 2511 507 2577 obviabit
521 2513 573 2576 illi
586 2518 681 2599 quasi
694 2528 793 2579 mater
808 2507 1039 2596 boomeficaca³.
1116 2511 1202 2590 Quae
1220 2518 1268 2579 est
1285 2521 1390 2580 mater
1405 2513 1492 2579 hono-

325 2623 458 2709 rilieets,
481 2627 543 2692 nisi
563 2628 693 2713 pietas
708 2630 817 2695 timori
833 2629 1017 2694 coniuncta?
1047 2627 1135 2694 Unde
1151 2633 1182 2694 et
1197 2629 1364 2696 scribitur:
1383 2631 1493 2695 Beatus

325 2745 386 2822 oa'r,
419 2745 476 2828 qai
498 2746 585 2808 τίιηιε
606 2745 792 2826 Dominam,
820 2749 855 2810 a'n
878 2747 1036 2810 mandatis
1060 2749 1126 2812 eius
1150 2748 1237 2832 cupit
1259 2743 1384 2810 νήπι’.
1421 2743 1493 2822 Quid

327 2861 376 2922 est
397 2856 431 2922 in
454 2857 612 2924 mendatis
636 2859 703 2926 eius
726 2859 821 2926 nimis
845 2879 969 2946 cupere,
993 2859 1055 2926 nisi
1079 2860 1117 2926 ud
1133 2859 1292 2926 faciendas
1311 2861 1493 2928 elemosinas

326 2991 455 3038 manum
477 2971 635 3056 largitatis
659 2975 828 3042 extendere
843 2995 901 3040 uec
915 2996 978 3041 non
995 2981 1026 3041 et
1042 2975 1127 3042 ultro
1142 2975 1326 3042 facultatem
1351 2978 1494 3064 prodesse

326 3086 538 3169 indigentibus
561 3089 661 3155 velle?
752 3091 991 3176 Verumtamen,
1024 3092 1172 3176 quoniam
1201 3091 1374 3160 indiscrete
1400 3096 1494 3181 pistae

324 3201 502 3286 interdum,
529 3212 679 3288 quantum
705 3207 745 3272 ad
767 3207 928 3274 insciolam
953 3208 1106 3294 pertinet,
1134 3208 1282 3294 impietas
1305 3215 1372 3294 est,
1403 3210 1492 3277 tercio

326 3317 426 3400 gradu
448 3318 618 3387 seientia
640 3321 761 3388 seilicet
782 3325 978 3405 annectitur3
1002 3329 1037 3389 ut
1059 3325 1140 3390 sciat
1161 3344 1242 3392 unus
1262 3326 1398 3412 quisque
1413 3345 1493 3392 men·

326 3451 434 3498 suram
457 3433 553 3500 dandi
576 3441 671 3520 atque
693 3438 863 3505 miserendi
879 3440 1052 3507 dinoscere.
1141 3441 1203 3508 Sed
1221 3461 1291 3508 cum
1308 3441 1493 3509 sufficienter

325 3549 468 3634 plerique
496 3550 676 3635 dinoscunt,
705 3553 781 3637 quid
804 3554 844 3620 sd
873 3556 1001 3642 pietatis
1024 3555 1127 3622 officia
1149 3557 1232 3624 iuste
1255 3577 1292 3624 ae
1319 3563 1494 3624 mensurate

325 3664 499 3750 pertineat,
528 3686 616 3732 more
639 3673 745 3734 tamen
768 3669 954 3737 harundinis
983 3673 1138 3739 interdum
1169 3679 1283 3740 nutant
1304 3681 1400 3740 rento
1423 3673 1494 3741 leri·

326 3777 429 3863 tatis⁵‚
459 3780 591 3865 ideoque
619 3782 815 3851 tortitudo
846 3786 906 3852 erit
929 3788 962 3852 iu
990 3794 1102 3872 quarto
1125 3788 1226 3871 gradu
1253 3789 1428 3873 iungeude3
1457 3805 1492 3855 ne

325 3895 479 3962 lentescat
501 3897 583 3963 iusto
599 3898 703 3981 rigore
718 3900 859 3967 scientia.
936 3902 1172 3989 Verumtamen,
1190 3905 1264 3990 quia
1279 3907 1387 3972 omnia
1400 3905 1493 3971 nimie

399 4107 423 4160 1.
443 4103 601 4176 spontitioe
619 4107 813 4181 confirmante;
832 4128 858 4166 v.
872 4111 1031 4177 Pontificale
1042 4115 1195 4170 Romanum
1214 4115 1267 4180 (De
1281 4115 1490 4180 confirmandis):

328 4192 472 4262 „producit
491 4194 635 4263 (pontifex)
656 4197 754 4265 pollice
772 4199 930 4265 (chrismate
949 4201 1073 4268 intincto)
1096 4203 1204 4271 siguum
1224 4205 1313 4260 crucis
1335 4203 1488 4260 intrantem

325 4279 399 4334 iltius
414 4279 643 4350 (confirmandae
714 4287 740 4341 2.
759 4287 871 4358 Falto,
880 4290 922 4344 10.
994 4291 1020 4344 3.
1040 4289 1122 4345 Ecoli.
1132 4293 1237 4364 15,1.a.
1309 4295 1336 4350 4.
1353 4293 1487 4362 Ps.llt‚t.

326 4367 352 4422 5.
377 4366 419 4423 Gt.
437 4367 533 4424 natm.
548 4372 590 4440 11,
602 4373 628 4426 t.
