3142 4850
327 285 391 350 218
711 299 878 348 neronior
900 299 1027 348 uonnx.
1065 298 1114 350 ιιι

202 477 272 530 1103
326 477 461 538 aarum
490 465 559 548 qai
584 418 626 527 io
657 461 742 526 loco
770 473 910 528 coacto
941 459 1122 549 Spmoair
1155 461 1304 532 idolum
1336 467 1475 538 eratali.-

162 549 312 596 F⁸b¹'“¹¹¹⁰‘
327 581 396 666 qni
416 603 438 643 a
458 577 807 665 principibuaDca'
828 580 979 644 sanctia
1003 579 1198 664 cpoatolia
1214 583 1475 666 aorumqaeui·

326 697 450 760 cardia
474 696 518 758 de
541 693 733 758 eccleciae
753 694 865 758 domo
894 697 1027 760 acncta'
1048 693 1230 780 Spiriroa
1256 697 1405 761 iudicio
1425 718 1476 760 ec·

322 811 466 897 polana
489 821 555 875 eat
635 807 713 874 Cum
730 807 877 874 Alaricus
895 829 950 874 ren
968 807 1142 876 Gothorum
1164 809 1226 876 iret
1249 811 1289 876 ad
1311 809 1478 897 capiendam

325 925 469 1008 Romam,
494 925 631 990 monitus
654 924 830 1009 aquodam
853 943 944 990 servo
959 924 1019 990 Dei
1041 930 1078 990 ιιι
1100 925 1139 992 ab
1163 923 1211 990 hin
1233 925 1326 992 malie
1349 929 1478 1008 masarei,

326 1043 402 1108 Non
424 1043 530 1106 volem
557 1040 661 1124 inquit
682 1043 764 1106 vodo
790 1042 940 1118 Rornunar
969 1045 1020 1106 eir
1041 1045 1123 1106 euim
1146 1044 1277 1128 qnidam
1302 1065 1351 1108 nac
1373 1043 1480 1108 muide'e

326 1172 474 1244 torqueor
496 1171 594 1242 arpen,
620 1171 656 1222 ut
676 1180 746 1222 eom
768 1159 812 1222 ad
831 1159 1049 1222 dmuucndam
1067 1159 1201 1224 Romam
1210 1153 1227 1222 ¹.
1262 1155 1330 1222 Hoc
1352 1155 1481 1242 exempla

326 1278 418 1356 urget
433 1272 623 1359 apostolicus
639 1272 830 1355 amnigenam
845 1291 947 1356 enum,
963 1277 999 1338 ιιι
1013 1277 1113 1340 totum
1127 1272 1335 1359 depopuletur
1345 1291 1480 1356 regnnm3

326 1389 416 1474 qnod
433 1409 495 1454 non
519 1393 623 1476 potest
644 1387 713 1454 fieri
737 1387 805 1454 sine
828 1387 903 1456 cede
927 1393 961 1454 et
981 1387 1134 1472 sangiune
1157 1394 1190 1454 et
1212 1389 1412 1455 ecclesiarum
1433 1387 1483 1453 Dei

326 1503 577 1590 depopulatione.
668 1503 816 1570 Alaricus
832 1503 955 1587 quidem
973 1504 1006 1569 iu
1022 1503 1081 1570 hoc
1096 1503 1202 1570 mitior
1222 1503 1291 1587 init,
1316 1504 1382 1588 qni,
1404 1505 1483 1589 captu

325 1618 441 1701 Roma,
470 1618 610 1686 ecclesiia
638 1618 716 1686 Dei·
744 1619 888 1706 pepercit
925 1624 956 1686 et
985 1619 1107 1686 accde
1139 1619 1305 1688 hominum
1333 1618 1482 1686 abstinuit.

325 1734 431 1818 Nunc,
461 1734 559 1801 nichil
586 1739 736 1820 excepto,
763 1735 937 1802 inmittitur
964 1734 1146 1818 Rldbertnej
1175 1736 1215 1802 ab
1244 1735 1430 1822 apostolico:
1455 1739 1485 1800 nt

325 1850 518 1917 nouaclum
548 1853 582 1916 in
605 1850 848 1918 Cameraceneea
877 1857 909 1916 et
937 1871 994 1918 nee
1018 1849 1226 1920 Laodiceneea
1255 1851 1310 1918 aed
1339 1857 1424 1918 totus
1447 1850 1485 1916 fe·

325 1972 414 2034 ratur
436 1967 477 2032 ad
498 1966 724 2051 dispergendos
747 1985 866 2032 omnes.

414 2080 491 2159 Quia
520 2081 685 2148 clamabit*
714 2081 808 2148 modo
837 2101 907 2150 cunr
936 2081 1046 2148 Yeaia:
1084 2083 1188 2164 Quam
1219 2084 1350 2171 poledri
1382 2090 1485 2170 capra*

325 2211 443 2265 mentm
465 2200 559 2285 pedae
577 2201 796 2284 praedicantia
820 2212 849 2263 et
869 2203 1092 2266 annunciantis
1114 2223 1242 2286 parem,
1274 2200 1488 2266 anomoei

326 2315 457 2393 bonum,
482 2317 700 2400 praedicantia
722 2309 893 2380 aalaoem²d
928 2313 1027 2398 Eum,
1051 2316 1106 2400 qui
1130 2315 1257 2382 deberet
1280 2335 1350 2382 esse
1373 2312 1488 2402 praedi·

326 2436 415 2497 eatur
436 2430 540 2516 pacis,
563 2430 650 2497 zelun
674 2432 734 2498 Dei
757 2430 836 2497 adeo
859 2430 1009 2515 comedit,
1036 2438 1072 2497 ut
1095 2431 1189 2497 etiam
1212 2432 1246 2497 in
1270 2432 1389 2499 amicos
1412 2429 1488 2517 pacis

325 2546 497 2631 distringat
517 2545 656 2630 gladium
680 2547 764 2614 belli.
856 2545 986 2624 Qualem
1017 2546 1102 2617 eninr
1128 2546 1231 2613 zelum
1254 2545 1366 2613 trouu
1387 2545 1489 2613 Patrne

325 2662 359 2729 in
375 2662 571 2747 amputanda
588 2665 729 2730 auricula
741 2658 886 2749 Malchi³,
910 2662 965 2749 qui
986 2684 1043 2729 rec
1066 2664 1304 2747 interpretatur,
1326 2662 1425 2729 talem
1445 2679 1490 2727 ze·

326 2777 391 2843 lum
420 2778 516 2846 habet
542 2780 637 2845 modo
665 2782 801 2849 vicarius
827 2780 914 2847 Petri
940 2780 974 2848 in
1003 2778 1198 2865 amputanda
1225 2777 1368 2845 auricula
1394 2780 1490 2864 repis

326 2890 520 2975 deretici‘,
551 2896 585 2960 in
613 2914 707 2980 quem
735 2895 925 2963 omnimodis
953 2894 1122 2963 invehitur.
1165 2894 1249 2961 Dum
1277 2894 1363 2961 enim
1390 2895 1492 2959 tere·

326 3014 493 3077 cicorum
516 3025 650 3099 caput,
680 3012 758 3077 Dei
777 3012 978 3092 rebellem,
1010 3013 1278 3077 ecclesiastici
1300 3014 1418 3097 rapui
1437 3012 1491 3074 ic·

326 3148 519 3207 canorem,
544 3130 763 3212 aymona'acr'
782 3125 911 3213 ydola*
934 3130 1200 3207 adoratorem,
1231 3128 1278 3193 ab
1301 3125 1493 3213 apostolic

328 3256 362 3309 et
383 3244 621 3329 apoatolicia
644 3246 1015 3308 recommendatum
1030 3247 1131 3324 vocal,
1155 3241 1245 3327 quael
1267 3248 1315 3309 tot
1330 3242 1415 3309 intua
1429 3238 1493 3307 icti

328 3357 386 3423 bna
409 3357 497 3422 addit
519 3363 552 3422 et
573 3362 620 3423 tot
639 3356 771 3423 vulnera
794 3356 917 3424 animae
941 3358 1007 3422 eine
1030 3355 1154 3440 infligit,
1178 3364 1224 3441 ut,
1248 3358 1276 3425 ei
1298 3358 1443 3425 infirmus
1463 3358 1493 3423 in

327 3470 390 3539 fide
404 3478 496 3557 cenet,
520 3473 689 3559 desperare
712 3478 828 3559 peaaet.
921 3472 984 3541 Sed
999 3472 1053 3555 qui
1071 3473 1104 3539 in
1118 3473 1259 3539 feriendo
1275 3472 1406 3541 Petrum
1429 3472 1495 3539 imi·

327 3593 430 3671 tatur,
459 3589 555 3655 etiam
582 3590 616 3654 in
638 3588 837 3655 recondendo
860 3588 964 3671 gladio
987 3587 1115 3653 Petrum
1138 3588 1289 3655 imitetur.
1329 3588 1390 3666 Qui
1414 3588 1495 3655 eninr

328 3705 452 3771 cenavit
475 3704 649 3771 auriculam
672 3700 817 3786 Malchi‘,
847 3709 952 3789 potest
979 3704 1075 3769 etiam
1099 3722 1211 3771 sanare
1234 3704 1409 3771 auriculam
1436 3726 1495 3769 rr-

326 3825 388 3907 9ia
414 3822 605 3887 tenerior.
646 3818 681 3884 Si
703 3818 778 3885 talia
802 3823 860 3900 eat,
884 3818 968 3903 quud
990 3818 1083 3901 absit,
1108 3824 1140 3885 et
1162 3819 1333 3905 pronubis
1355 3818 1496 3887 dolorum

329 3941 362 4003 et
381 3936 445 4021 ipai
467 3934 595 4001 domiuo
618 3941 726 4001 nostro
747 3934 960 4001 condolemus.

399 4144 419 4176 a.
442 4145 485 4176 ona
499 4130 523 4176 V.
600 4128 623 4174 b.
647 4128 730 4175 clamat
744 4130 773 4176 Β.
852 4142 872 4175 c.
896 4142 965 4189 anper
980 4129 1009 4175 B.
1083 4130 1106 4176 d.
1129 4129 1186 4176 idoll
1201 4130 1230 4176 B.
1304 4144 1325 4175 c.
1348 4129 1400 4177 otia
1416 4140 1496 4175 m

328 4208 416 4259 adiecit
431 4209 524 4256 Henrlci
537 4208 565 4255 in
579 4209 686 4271 marpine
698 4210 722 4255 V.

299 4381 304 4390 ,
402 4323 427 4375 1.
445 4322 480 4376 V.
494 4319 638 4377 Sozomeni
649 4320 715 4377 hiat.
726 4322 877 4377 ecclesiast
890 4321 921 4377 L.
930 4320 969 4377 lX
982 4320 1057 4377 elo.
1129 4322 1155 4376 2.
1174 4320 1325 4389 imeae.
1397 4321 1424 4375 3.
1442 4318 1497 4375 Ich

330 4409 431 4477 18,10.
502 4410 527 4465 4.
548 4410 729 4467 HeinriciIV.
801 4410 827 4465 5.
845 4410 912 4465 Luc.
926 4410 968 4479 22,
982 4410 1025 4465 51.
