3142 4850
477 335 643 384 uosunrcr
665 335 793 384 connx.
828 333 865 384 oe
1195 317 1260 382 135

85 497 150 583 ipse
172 495 336 562 Romanus
359 495 444 562 orbis
467 499 618 562 testatur:
641 493 730 560 illum
754 513 819 560 non
842 514 862 560 a
883 493 951 560 Deo
973 494 1088 560 tuisse·
1114 494 1260 578 electum,
1288 510 1360 565 1080

85 613 224 680 rodose
246 613 319 697 ipso
334 610 366 677 ri
379 611 492 678 fraude
514 611 650 698 pecnnia
671 608 946 697 impudentissimo
960 609 1127 676 obiectum.
1162 608 1260 677 Cuius
1280 583 1368 632 Μ

84 730 203 795 fructus
220 726 416 814 patefaciunt
431 727 580 812 radicem,
597 727 686 793 cuius
703 746 801 813 opere
813 725 1019 792 manifestant
1036 725 1260 807 intentionem

86 845 137 929 qui
159 842 410 911 ecclesiasticum
433 844 589 910 subvertit
612 843 771 924 ordinem3
796 843 851 926 qui
865 841 1031 908 christiani
1046 841 1173 927 imperii
1187 861 1260 927 per·

88 959 225 1026 turbavit
247 959 404 1042 regimem
429 959 484 1043 qui
506 959 574 1041 regi
596 957 751 1024 catholico
774 977 812 1024 so
833 957 965 1044 pacifico
979 958 1121 1044 corporis
1143 961 1176 1023 et
1192 957 1260 1023 ani-

88 1095 154 1142 moa
187 1075 326 1141 intentat
358 1078 531 1154 mortem3¹
551 1075 606 1159 qui
639 1075 802 1160 periurum
835 1078 868 1140 et
898 1073 1092 1159 proditorem
1120 1071 1262 1138 defendit

87 1212 207 1276 regem3
231 1190 287 1276 qui
309 1191 392 1256 inter
416 1191 585 1256 concordes
600 1189 769 1256 seminavit
791 1187 992 1272 discordiam,
1014 1189 1099 1254 inter
1112 1187 1260 1275 pacificos

87 1306 166 1392 lites,
189 1307 275 1374 inter
296 1305 411 1373 iratres
434 1305 593 1389 scandala,
616 1305 754 1371 divortia
775 1305 860 1370 inter
881 1305 1029 1387 coniuges
1046 1308 1089 1388 ot,
1112 1301 1261 1390 quicquid

89 1422 201 1508 quieti·
223 1423 310 1488 inter
332 1422 385 1508 pie
408 1423 549 1489 visentes
573 1425 657 1488 stare
679 1419 856 1505 ridebatur,
880 1421 1048 1486 concussit.

174 1539 390 1626 Quapropter,
413 1544 451 1604 ut
472 1537 682 1624 praelibatum
706 1541 770 1620 est,
794 1547 869 1602 nos·
893 1541 1020 1604 anctore
1040 1534 1108 1602 Deo
1130 1554 1261 1619 cougre-

90 1657 153 1740 gati
178 1658 212 1720 in
241 1673 340 1720 nuum
366 1690 406 1700 -
431 1653 545 1738 legatis
567 1673 604 1720 so
626 1653 742 1719 littoris
764 1652 839 1718 troii
867 1652 975 1718 docem
1004 1655 1037 1718 et
1056 1669 1171 1718 norem
1194 1651 1261 1738 epi-

90 1790 268 1857 scoporum,
299 1769 350 1837 die
374 1773 483 1838 sancio
510 1769 655 1856 preteriti
684 1764 900 1856 pentecostes¹
921 1767 1102 1850 Mogontiao
1130 1785 1261 1850 congro·

63 1885 249 1970 patmum*
273 1921 314 1932 -
340 1885 474 1952 eundem
501 1885 777 1972 procacissimum·
805 1882 1070 1950 Hildobrandum¹
1095 1883 1262 1966 sacrilegia

7 2025 8 2070 3
91 2021 124 2069 sc
152 2001 299 2068 incendia
327 2001 578 2088 praedicantem,
607 2001 748 2088 periuria
777 2006 810 2068 et
831 1999 1001 2066 homicidia
1024 1997 1260 2081 defendentem,

91 2117 273 2184 catholicam
297 2121 392 2202 atque
415 2116 622 2204 apostolicam
644 2114 738 2184 fidem
762 2116 802 2183 de
824 2133 955 2202 corpore
977 2119 1011 2182 et
1029 2115 1182 2198 sanguine
1196 2113 1262 2182 Do·

7 2284 8 2288 ,
91 2234 183 2300 mini*
210 2234 246 2300 in
275 2233 471 2318 questionem
506 2237 691 2319 ponentem,
726 2232 858 2299 heretici
887 2229 1065 2314 Beringarii
1096 2231 1262 2316 antiquum

93 2349 295 2438 discipulum
324 2347 554 2416 divinationum
583 2354 616 2416 ot
642 2349 838 2416 somniorum
864 2347 1032 2431 cultorem,
1060 2345 1262 2414 manifestum

92 2466 377 2551 nicromanticum,
400 2466 583 2552 phytonico¹
606 2466 721 2552 spiritu
743 2464 941 2532 laborantem
963 2469 996 2530 et
1016 2464 1134 2531 idcireo
1152 2485 1172 2530 a
1188 2484 1263 2531 vera

7 2664 8 2667 Ἴ
93 2580 149 2649 tide
171 2582 420 2662 exorbitantem
442 2581 617 2649 iudicemus
640 2582 790 2649 canonice
812 2580 1033 2667 deponendum
1056 2587 1088 2647 et
1102 2579 1263 2667 expellen-

7 2712 8 2715 ’
94 2696 227 2782 dumet,
250 2696 314 2763 nisi
337 2696 465 2783 abipsa
487 2696 561 2765 sede
584 2698 631 2764 bis
656 2696 772 2765 auditis
788 2694 995 2781 descenderit,
1017 2696 1261 2783 inperpetuum

94 2812 392 2900 condempnandum.
732 2898 740 2913 ·

176 2929 262 3014 Ego*
285 2928 378 3012 Hugo
401 2926 572 3013 Candidus,
595 2934 724 2997 saumae
741 2927 902 2995 Romarm
924 2926 1075 2995 eeclesiae
1096 2926 1263 3014 presbyter

95 3045 256 3113 cardinalis
281 3046 320 3112 de
343 3044 435 3111 titulo
459 3044 492 3111 S.·
508 3044 679 3113 Clementis
702 3044 841 3129 regionis
856 3043 969 3111 tertiae
986 3041 1089 3129 Urbis,
1112 3039 1185 3109 buic
1207 3043 1262 3111 de-

95 3169 174 3230 creto
198 3184 218 3229 e
238 3161 331 3229 nobis
360 3159 558 3247 promulgato
586 3178 751 3229 assensum
777 3159 909 3247 praebui
937 3166 970 3226 ot
991 3158 1165 3246 subscripsi
1194 3160 1263 3228 vice

96 3279 228 3345 omnium
250 3276 461 3345 cardinalium
483 3276 706 3344 Romanorum.

176 3394 244 3477 Ego
267 3392 443 3479 Diepoldos
465 3390 707 3459 Mediolanensis
730 3390 986 3477 archiepiscopus
1007 3390 1190 3478 subscripsi.

178 3508 246 3594 Ego
268 3509 378 3576 Guono
400 3506 575 3575 Bririensis
597 3510 763 3596 episcopus
787 3506 969 3592 subscripsi.

179 3624 245 3710 Ego
268 3625 344 3693 Otto
367 3624 576 3693 'sardonensis
600 3623 716 3692 electus
739 3622 921 3710 subscripsi.

178 3740 245 3825 Ego
267 3740 456 3809 Wilhelmus
477 3739 642 3826 Pupiensis
666 3739 832 3825 episcopus
855 3736 1037 3825 subscripsi.

179 3856 245 3942 Ego
268 3856 467 3941 Regenaldns
489 3854 686 3922 Bellunonsis
708 3855 875 3941 episcopus
898 3853 1081 3942 subscripsi.

163 3986 182 4019 a.
204 3987 254 4020 esse
270 3974 300 4020 Η.
392 3972 415 4019 b.
439 3972 515 4031 quiete
528 3969 572 4025 VZ,
589 3970 661 4029 quieti
677 3970 704 4015 H
715 3976 737 4016 et
752 3968 917 4027 Ekbebardas,
934 3976 1043 4016 upote.
1136 3982 1155 4015 o.
1179 3981 1221 4014 noa
1236 3992 1260 4000 -

98 4050 218 4111 blogouiiaa
229 4056 418 4112 congregatorum
428 4067 471 4099 om.
482 4050 555 4105 Vzffi
572 4049 680 4112 lcpootar
691 4065 728 4111 up.
737 4046 904 4096 Ebkcbordom
915 4048 991 4109 (Mosa
1005 4047 1081 4095 Germ.
1091 4048 1134 4096 SS.
1145 4048 1177 4095 VI
1190 4046 1262 4107 sot),

98 4131 136 4192 oti
154 4139 257 4180 cotom
277 4132 360 4179 mm
374 4130 539 4193 srapmentam
560 4129 586 4177 in
602 4128 711 4177 obrooico
727 4144 769 4176 sao
785 4129 874 4191 possut.
968 4130 990 4175 d.
1013 4143 1060 4175 non
1079 4128 1157 4189 recepi
1176 4130 1263 4184 couno,

99 4210 156 4270 queo
170 4210 261 4258 umbem
276 4211 383 4273 seqnitur
398 4224 436 4272 ap.
447 4207 622 4257 Ekicobnrdum.
690 4225 709 4256 o.
730 4210 913 4269 prooaiissimnm
924 4208 950 4255 Ζ,
1016 4208 1033 4255 i
1053 4206 1225 4255 Hiltobrandum
1237 4206 1263 4254 Ζ.

99 4302 118 4346 g.
140 4292 217 4339 ouaV.
283 4290 307 4337 b.
331 4292 524 4350 nyeromaniicum
539 4290 562 4337 V.
629 4290 645 4336 i.
669 4290 786 4351 phitonieo
803 4289 828 4336 Ζ.
891 4288 914 4336 k.
942 4288 1008 4341 Quos
1023 4292 1159 4348 sequautur,
1174 4284 1202 4333 io
1216 4298 1264 4333 suo

101 4368 175 4417 cdix
189 4371 213 4417 H
224 4371 317 4427 ἰωῆς
333 4368 395 4419 mdo
410 4384 439 4417 ω
450 4369 554 4431 protulit
569 4368 684 4419 Paratae.

167 4450 192 4502 1.
209 4447 252 4504 dio
269 4449 304 4503 31
318 4448 381 4504 Mai.
397 4448 474 4503 1080.
