3142 4850
332 306 397 372 394
674 325 840 374 unenmcr
861 326 989 374 oonax.
1023 323 1152 376 saraae

162 497 315 553 1103-1125
331 483 443 552 darum
466 485 640 568 gratiarum
656 484 791 554 materia
806 491 868 567 est3
892 505 957 570 que
977 485 1012 552 in
1034 506 1072 552 re
1085 505 1144 552 nos
1159 505 1222 554 non
1244 487 1350 554 minus
1370 486 1425 554 illo
1440 485 1494 554 sibi

330 600 492 685 obligavit,
518 601 592 686 quia
612 620 670 666 nos
693 601 728 668 in
749 599 806 668 illo
828 601 968 669 donarit

420 715 509 794 Qubd
539 721 645 784 eutem
673 718 825 784 sanctitas
853 723 960 784 uestra
988 715 1110 784 nullum
1139 717 1294 784 anobis·
1314 737 1495 804 responsum

328 831 443 918 recipit
466 852 560 918 super
582 833 708 918 litteris,
733 854 812 918 quas
834 835 933 917 misit,
957 834 1035 900 haec
1050 853 1146 900 causa
1161 837 1223 899 est:
1247 834 1341 917 quod,
1364 833 1495 900 aionon

329 947 403 1012 dum
428 949 578 1034 parvitati
601 953 728 1021 nostrae
751 949 997 1035 repraesentatis
1020 949 1204 1033 sublectis,
1230 950 1403 1032 nescimus,
1427 948 1497 1033 quid
1552 980 1557 990 ·

329 1069 544 1149 competenter
577 1065 835 1158 respondeamus.
946 1065 1015 1131 Hoc
1047 1071 1154 1132 tamen
1187 1063 1496 1150 praetermittendum

329 1177 420 1244 nohis
436 1199 499 1244 non
517 1184 574 1263 est,
599 1181 674 1264 quin
690 1179 779 1247 vohis
794 1186 904 1247 notum
926 1157 1094 1248 faciamus:
1119 1181 1203 1266 quod
1217 1180 1265 1246 illi
1279 1181 1381 1263 tratri,
1404 1165 1496 1246 immo

329 1314 392 1359 nou
414 1295 478 1360 iam
501 1295 603 1380 fratri,
628 1316 685 1382 pro
701 1317 763 1382 quo
779 1301 886 1364 vestra
902 1297 1054 1362 sanctitas
1073 1295 1268 1362 intercedere
1289 1301 1393 1382 parat,
1416 1296 1498 1362 nulla

329 1430 460 1496 prorsus
482 1411 598 1476 iniuria
620 1412 704 1477 iacta
720 1417 776 1478 est
814 1412 880 1478 Neo
894 1412 1021 1478 credere
1037 1412 1167 1495 debetis,
1190 1411 1422 1498 quadrationis
1438 1389 1497 1478 tam

329 1526 439 1612 inopes
463 1531 518 1591 aut
538 1528 618 1594 recti
640 1532 706 1594 tam
731 1533 878 1614 expertes
900 1528 1011 1611 simus,
1034 1533 1071 1592 ut
1091 1546 1243 1611 umquam
1266 1527 1427 1594 demedio
1448 1547 1498 1593 no-

328 1641 388 1706 stri
401 1641 464 1708 nisi
480 1641 656 1708 eiciendum
673 1644 854 1710 sineremus.
906 1641 911 1647 '
929 1643 976 1710 At
989 1644 1097 1710 forsan
1112 1643 1231 1710 dicitis:
1251 1647 1498 1726 transgressores

261 1840 267 1851 ι
328 1757 456 1841 regulae
471 1758 608 1840 regulari
624 1759 793 1845 disciplina
808 1759 1017 1826 cohercendos
1034 1764 1075 1843 et,
1091 1764 1127 1824 ut
1141 1759 1340 1845 resipiscant,
1357 1758 1498 1826 districta

326 1874 522 1941 correctione
550 1874 818 1956 constringendos.
859 1874 957 1958 Quid,
991 1875 1019 1941 si
1047 1873 1276 1959 incorrigibiles
1302 1874 1498 1941 exstiterint?
1538 1965 1543 1974 Ι

329 1988 421 2073 Quid,
445 1989 472 2055 si
496 1991 680 2056 exsorbere
704 1991 875 2056 deteriores
897 1987 997 2055 liunt?
1028 1989 1140 2056 Nonne
1154 1989 1327 2056 consultius
1343 1994 1377 2056 et
1390 1990 1498 2056 melius

330 2110 387 2188 est,
417 2104 496 2170 tales
520 2105 695 2188 eliminare,
719 2126 813 2190 quem
840 2105 1045 2172 domesticam
1068 2111 1191 2191 pestem
1212 2106 1245 2171 in
1268 2106 1401 2172 exitium
1429 2105 1498 2172 aiio

329 2241 400 2286 rum
422 2220 563 2286 nutrire?
587 2221 742 2307 prophete
756 2221 894 2287 dicente:
919 2223 1052 2307 Auferre
1068 2210 1188 2288 odam
1202 2225 1241 2287 de
1253 2225 1357 2288 credie
1380 2227 1477 2290 eaeo-i
1483 2217 1497 2285 ¹.

329 2337 447 2414 Quodsi
469 2355 573 2402 mores
596 2337 664 2403 eius
687 2336 767 2404 nulli
795 2336 975 2404 tolerabiles
1003 2337 1092 2404 vohis
1122 2338 1326 2421 referremus,
1361 2339 1498 2424 proiecto

328 2452 420 2519 nobie
436 2453 710 2540 improperaretis:
728 2472 786 2519 nos
802 2453 898 2519 talem
913 2455 946 2519 in
963 2455 1144 2521 societatem
1161 2460 1302 2521 nostram
1315 2455 1498 2541 meoepiree,

329 2589 393 2635 nou
417 2588 555 2635 eiecisse.

331 2780 419 2851 222.
441 2782 613 2847 Heinricun
635 2783 664 2847 V
683 2786 858 2870 insperatos·
878 2785 1038 2851 eccleciam
1053 2784 1089 2853 S.
1102 2784 1195 2851 Pan·
1208 2783 1499 2871 (Bamberpcnseaa)

440 2896 650 2965 macerari.
1392 2900 1433 2979 (E
1448 2901 1499 2975 98)

163 3042 315 3097 nri-1125
419 3030 456 3098 ln
478 3030 605 3097 nomine
629 3034 756 3097 sarone
779 3037 812 3097 et
833 3032 1015 3099 indiudnae
1036 3032 1200 3099 biniano.
1239 3032 1437 3116 Hleinricus)
1457 3032 1500 3099 d‘e

330 3147 405 3214 vina
426 3147 552 3213 favente
575 3146 760 3213 clementia⁸
782 3146 996 3215 Romanorum
1024 3149 1198 3234 imperator
1224 3154 1387 3232 augustus
1431 3149 1501 3217 Om

330 3262 422 3329 nibus
446 3262 564 3329 Christi
585 3262 748 3347 nostrique
770 3260 915 3329 fidelibus
936 3268 1003 3331 tam
1025 3264 1141 3331 futuris
1163 3284 1259 3348 quam
1283 3266 1500 3350 praesentibus

330 3382 439 3445 notum
454 3376 522 3445 fieri
538 3377 693 3456 solemur,
717 3378 802 3463 quod
815 3398 874 3445 nos
896 3398 956 3464 pro
970 3378 1031 3445 Dei
1052 3378 1167 3447 timore
1181 3381 1312 3464 eiusque
1327 3382 1403 3467 piae
1416 3382 1502 3465 geui-

330 3494 418 3561 tricis
441 3498 614 3581 perpotuae
637 3494 769 3577 virginis
789 3494 911 3561 Mariae
932 3501 965 3562 et
986 3514 1043 3581 pro
1066 3495 1133 3561 cari
1154 3496 1256 3583 petris
1277 3498 1380 3563 nostri
1402 3495 1501 3564 felicia

329 3611 501 3678 memoriae
517 3610 683 3691 Hleinricil
708 3612 833 3677 animae
847 3610 987 3678 remedio
1010 3611 1185 3697 matrisque
1201 3618 1328 3679 nostrae
1341 3612 1502 3693 Blerthae)

330 3728 403 3814 piae
425 3728 596 3793 memoriae
618 3725 819 3813 parrochiam
841 3726 999 3811 quendam
1022 3746 1081 3812 pro
1103 3731 1189 3795 statu
1205 3727 1333 3814 imperii
1347 3730 1452 3796 nostri
1472 3733 1504 3796 et

331 3843 472 3930 corporis
494 3844 595 3909 nostri
625 3843 810 3928 animasque
834 3841 936 3909 salute
964 3841 1115 3911 ecclesiae
1143 3842 1227 3911 boeti
1252 3842 1340 3911 Peri
1369 3845 1502 3911 tradidi·

330 3980 416 4041 mns3
441 3978 478 4025 ee
492 3957 639 4025 videlicet
661 3959 851 4042 conditione,
874 3964 911 4025 ut
924 3959 1011 4025 omni
1029 3965 1172 4045 tempore
1194 3960 1260 4027 ceri
1283 3960 1383 4047 patris
1400 3960 1503 4027 nosci

331 4076 564 4141 anniversarius
587 4074 655 4142 dies
676 4075 722 4142 ihi
745 4074 948 4141 devotissime
962 4074 1138 4143 celebretur
1159 4081 1193 4144 et
1213 4076 1343 4145 cottidie
1364 4077 1416 4143 sui
1437 4096 1503 4143 me·

332 4192 436 4257 moria
463 4190 625 4259 habeatur.
665 4190 708 4257 Ut
730 4197 838 4259 autem
865 4190 927 4259 hoc
953 4192 993 4258 ab
1016 4192 1162 4259 omnihus
1186 4192 1332 4260 medetur
1359 4198 1393 4259 et
1415 4192 1501 4259 omni

403 4352 423 4385 n.
447 4340 542 4387 anobis
558 4342 635 4389 enaV.
728 4341 750 4388 h.
775 4342 1120 4403 eanlo-38,Zp.157.
1214 4356 1234 4389 a
1257 4342 1334 4391 erait

404 4437 427 4489 l.
447 4436 527 4489 Dent.
543 4436 586 4505 21,
605 4437 648 4489 21.
