3142 4850
324 291 364 356 37
369 291 390 356 6
709 303 874 353 uniuntur
897 302 1024 374 conara
1060 297 1113 348 noo

157 485 309 541 1111-1120
323 469 435 534 iuvene
458 471 542 532 esset
564 485 672 532 recens
696 485 810 532 sermo.
893 462 1009 528 Verum
1033 461 1213 548 praedictus
1226 458 1326 524 irater
1342 455 1476 540 lugitiuua

324 587 373 650 est
387 587 420 648 et
435 581 635 668 disciplinam
652 579 801 663 deseruit,
820 577 945 663 quaudo
961 599 981 644 a
994 575 1186 643 monasterio
1200 591 1277 641 suae
1291 572 1477 661 professionis

324 699 382 766 sub
405 698 515 782 regula
543 697 627 764 beati
649 695 820 779 Augustini
849 694 995 760 discessit
1022 697 1072 758 et·
1094 692 1163 758 loco
1185 711 1243 756 suo
1273 687 1478 756 contumeliam

323 815 440 898 intulit,
464 833 598 881 causans
621 811 682 878 cibi
706 817 739 878 et
761 815 855 896 potus
877 809 1058 895 penuriam3
1082 827 1155 872 cum
1169 806 1297 888 Paulus,
1319 809 1425 890 raptus
1444 801 1479 868 ad

324 930 458 997 tercium
481 928 619 1010 caelum,
652 925 783 1012 pusillos
806 923 927 991 Christi
948 929 1082 1010 paterne
1106 924 1245 990 instrum
1265 921 1386 988 dicensi
1415 919 1481 986 seo

325 1049 453 1125 suamne,
478 1049 542 1110 seio
566 1058 594 1109 et
614 1047 783 1130 proauiam
805 1036 901 1128 pecii
939 1037 983 1104 Et
1004 1038 1043 1103 de
1065 1035 1264 1119 infirmitate,
1286 1055 1381 1120 quarn
1400 1053 1485 1121 prae-

324 1160 428 1227 tendit
455 1159 553 1225 irater
582 1158 779 1245 praedictus,
808 1156 891 1221 idem
920 1153 1036 1219 Paulus
1064 1152 1146 1218 ait⁵:
1178 1152 1314 1234 &uodo
1341 1151 1482 1234 infirm,

325 1290 398 1343 brac
411 1277 536 1361 fortior
559 1298 628 1339 som
651 1288 679 1340 et
699 1267 837 1360 peceat
913 1268 1058 1336 Ecclesia
1079 1268 1186 1352 igitur,
1208 1267 1250 1333 ad
1264 1266 1353 1333 cuius
1367 1264 1485 1332 fibulum

325 1392 359 1456 in
382 1391 549 1456 diaconum
572 1394 605 1454 et
626 1387 845 1473 presbyterum
868 1388 1069 1450 consecratus
1084 1387 1142 1466 est,
1164 1384 1233 1449 siue
1250 1381 1486 1448 mntradictious

325 1508 415 1573 iuxta
430 1506 590 1572 decretum
606 1501 720 1570 Leonis
735 1523 838 1589 papae
853 1500 946 1568 debet
961 1519 1033 1566 enm
1047 1517 1206 1582 reuocare,
1229 1498 1316 1565 uelut
1328 1497 1486 1582 fugitivum

326 1629 359 1690 et
380 1625 627 1706 contemptorem
651 1618 808 1704 propositi
830 1622 863 1684 et
876 1617 949 1700 qui⁶
964 1615 1107 1682 altiorem
1130 1619 1164 1681 et
1184 1615 1335 1680 artiorem
1358 1611 1487 1698 discipli-

326 1757 399 1804 nam
417 1735 569 1815 deseruit;
595 1735 742 1819 quatinus
767 1733 889 1817 antiqui
910 1731 961 1798 etl
976 1731 1116 1797 instituti
1135 1729 1252 1815 gradm
1267 1730 1354 1796 vitae
1374 1735 1487 1795 saucto-

325 1873 395 1919 rum
407 1857 533 1939 patrum
551 1849 669 1934 absquo
680 1849 919 1916 conturbatione
931 1851 1166 1929 conserventur,
1178 1845 1367 1912 attentatas
1379 1863 1487 1924 eorum,

327 1969 381 2054 qui
396 1966 669 2049 circumferuntur,
687 1965 727 2030 ad
742 1965 952 2031 reverentiam
966 1963 1094 2028 diuinae
1108 1963 1270 2028 seruitutis
1284 1961 1487 2028 destruantur.

416 2082 528 2148 Frater
561 2082 638 2164 iste,
675 2081 727 2163 qui
756 2080 796 2146 de
827 2079 982 2165 superiori
1014 2079 1054 2144 ad
1086 2077 1219 2144 inierim
1251 2075 1359 2143 redire
1386 2081 1418 2144 et
1440 2093 1489 2162 par

326 2198 487 2264 licentiam
504 2196 636 2262 dimissa
651 2195 719 2261 vult
733 2201 887 2281 repetere,
910 2213 975 2260 non
998 2198 1047 2260 est
1068 2193 1298 2275 admittendum
1321 2193 1390 2276 sed,
1409 2198 1443 2258 ut
1455 2190 1490 2257 ai

328 2313 422 2380 altius
446 2311 642 2399 propositum
665 2311 784 2394 redeat,
811 2309 923 2376 humili
945 2327 1038 2395 prece
1061 2315 1095 2375 st
1113 2309 1254 2376 fraterno
1277 2308 1410 2376 oonsilio
1431 2326 1490 2374 arn·

327 2429 518 2511 monendae,
548 2434 581 2495 et
601 2428 635 2493 in
661 2428 730 2493 loco
754 2448 831 2493 suae
859 2426 1064 2513 professionis
1092 2444 1151 2511 per
1176 2426 1386 2493 humanitatis
1413 2421 1491 2491 extri-

327 2543 479 2611 bitionem
503 2544 536 2609 iu
560 2543 628 2610 cibo
652 2548 684 2609 et
703 2548 782 2629 potu
806 2562 846 2609 ex
869 2541 1052 2608 infirmitate
1075 2562 1094 2607 a
1116 2540 1234 2609 Christi
1258 2540 1406 2610 fidelibus
1427 2539 1492 2607 sub-

326 2660 489 2725 levandus.
532 2656 585 2725 Sic
608 2658 692 2727 enim
714 2658 808 2725 fratri
829 2657 876 2723 illi
900 2658 1023 2723 uiscera
1046 2658 1282 2725 misericordiae
1307 2659 1491 2745 aperientur,

328 2780 360 2843 et
383 2776 505 2842 debitus
529 2773 628 2839 bonor
650 2774 757 2839 diuino
781 2774 880 2840 cultui
902 2772 1110 2839 exhibebitur.

418 2888 504 2955 Dicit
525 2889 624 2955 irater
645 2888 716 2972 ille,
747 2890 830 2973 quod
853 2888 922 2955 sine
944 2888 1072 2954 licentia
1097 2889 1241 2975 episcopi.
1261 2889 1312 2955 sui
1339 2888 1492 2969 dhcessitt

329 3011 362 3072 et
383 3005 454 3071 ideo
477 3009 600 3086 censet,
626 3004 750 3070 irritum
775 3003 889 3071 debere
911 3023 995 3087 esse,
1025 3004 1108 3088 quod
1130 3006 1167 3071 in
1194 3003 1299 3071 altiori
1320 3006 1424 3090 gradu
1443 3023 1494 3090 ap

330 3121 430 3206 petiit
466 3119 516 3185 Ao
540 3120 618 3185 haec
639 3120 863 3205 respondetur:
887 3120 972 3205 quod
993 3118 1093 3185 frater
1114 3118 1169 3185 illa
1190 3120 1224 3187 iu
1246 3120 1304 3187 tali
1318 3122 1447 3206 negotio
1460 3118 1494 3186 de
1547 3119 1551 3124 ’

330 3254 363 3301 se
383 3236 454 3320 ipso
477 3252 541 3301 uou
564 3240 668 3322 potest
691 3234 786 3300 simul
808 3241 974 3301 accusator
995 3251 1064 3301 ease
1079 3241 1112 3301 et
1129 3236 1234 3301 iudex.
1325 3236 1494 3303 eunomus

330 3356 399 3416 erat
422 3349 529 3415 Sancti
552 3348 696 3434 Martini,
723 3368 781 3416 nec
803 3352 952 3437 episcopo
974 3369 1033 3416 nec
1055 3351 1205 3437 praelatis
1227 3351 1293 3417 suis
1315 3370 1377 3419 nec
1396 3350 1496 3419 aaut

330 3465 387 3531 bus
411 3466 476 3531 suis
499 3465 760 3551 impedimentum
785 3464 938 3548 ostendit,
969 3484 1036 3549 quo·
1054 3467 1298 3550 interueniente,
1322 3467 1446 3534 salum
1465 3484 1497 3531 aa

330 3580 451 3666 ipsum·
473 3580 518 3646 ibi
541 3598 604 3647 non
632 3587 749 3666 posset.
792 3580 855 3647 Sed
877 3600 916 3646 ex
941 3580 1103 3647 uoluntate
1130 3588 1163 3647 et
1191 3580 1321 3649 arbitrio
1349 3602 1408 3649 suo
1430 3600 1498 3669 pro·

330 3696 469 3781 positum
498 3694 581 3761 uitae
615 3696 757 3779 artioris,
793 3696 883 3762 uobis
916 3696 1144 3779 nescientibus,
1179 3699 1330 3785 arripuit3
1365 3705 1399 3767 et
1430 3702 1500 3785 post

331 3810 409 3877 duos
438 3830 562 3877 menses
591 3809 713 3877 litteras
742 3811 781 3876 de
810 3830 868 3877 aaa
895 3813 1100 3878 conversione
1129 3814 1231 3894 misit3
1260 3819 1294 3879 et
1321 3820 1396 3901 post
1423 3814 1497 3879 duos

330 3944 430 3991 anuos
460 3946 493 3991 se
525 3927 630 4013 ipsum
666 3927 881 4013 praesentavit
909 3927 998 3993 vobis
1030 3933 1160 3995 etcum
1193 3928 1322 3996 licente
1350 3936 1384 3996 et
1415 3929 1498 4017 pacis

331 4042 438 4106 osculo
461 4041 555 4123 abiit;
580 4046 612 4109 et
634 4044 801 4128 episcopus
820 4041 1030 4109 Traiecteusis
1053 4044 1204 4111 ecclesiae
1224 4050 1330 4112 sesua
1350 4046 1498 4113 relatione

332 4156 371 4221 de
394 4156 502 4222 fratris
525 4157 617 4223 istius
640 4157 788 4223 abscessu
803 4157 964 4224 uobiscum
987 4161 1135 4226 canonice
1157 4179 1222 4226 non
1239 4163 1399 4246 bmtavit,
1422 4162 1499 4227 sieut

405 4306 567 4352 aeroma.
659 4306 799 4365 bigitB.
892 4309 1060 4367 aquietB.
1153 4309 1283 4359 moad.
1374 4309 1495 4360 anfi

406 4398 430 4453 1.
450 4398 564 4471 rurrrpp.
577 4400 603 4470 s,
618 4402 660 4456 12.
821 4402 848 4458 a.
867 4402 901 4458 v.
921 4403 938 4459 s
956 4401 1077 4459 munes.
1092 4404 1135 4475 rs,
1154 4405 1197 4461 ro.
