3142 4850
330 306 395 372 316
716 326 883 374 nnanarcr
904 325 1031 374 conam
1070 323 1122 376 lte

242 495 310 550 1117
329 504 388 570 pus
404 483 590 567 Hlartwico)
611 483 841 571 Radisponensi
865 488 1014 574 episcopo
1037 487 1189 554 orationis
1211 493 1245 555 et
1265 488 1424 554 servitutis
1444 487 1492 554 de·

328 601 496 666 notionem.

417 715 630 783 Promissione
653 716 761 784 domui
783 713 905 803 papae¹
926 717 966 784 de
985 717 1089 800 legato
1105 718 1260 804 exipsius
1281 717 1382 786 latere
1402 737 1493 803 quan·

328 832 429 898 tocius
453 832 492 898 ad
516 851 573 898 nos
599 827 746 900 venturo'
769 831 948 916 certificati,
977 833 1151 916 gaudemus
1178 839 1211 900 st
1238 833 1388 918 letamur,
1416 834 1493 900 tedio

329 947 522 1014 diffidentiae
544 947 669 1014 liberati
693 953 725 1015 et
746 968 857 1014 somuo
880 949 1019 1034 torporis
1041 949 1181 1016 excitati.

418 1062 508 1129 Unde
531 1063 760 1131 communicato
784 1064 916 1130 consilio
939 1063 1059 1151 placuit
1079 1065 1216 1132 dominis
1238 1069 1271 1131 st
1292 1065 1494 1132 confratibus

329 1177 446 1243 uostris
461 1179 716 1265 archiepiscopis,
739 1173 942 1262 Moguntino'
957 1179 1077 1247 scilicet
1094 1177 1376 1263 lllagdebnrgensi⁴
1397 1185 1428 1246 et
1441 1178 1494 1246 Go-

329 1292 491 1378 lonieusil,
521 1295 694 1379 ceterisque
719 1295 952 1380 provinciarum
974 1295 1102 1362 illarum
1124 1296 1296 1382 episcopis:
1320 1295 1495 1378 Mogontiae

331 1409 454 1476 2Non.
477 1409 548 1476 Iulii
576 1417 764 1478 conventum
793 1410 953 1478 celebrare
981 1415 1015 1478 st
1041 1411 1310 1498 conprovinciales
1338 1413 1495 1498 episcopm

331 1529 425 1609 atque
449 1526 578 1592 abbates
606 1545 665 1592 nec
693 1545 754 1592 nou
780 1547 821 1592 ex
843 1528 930 1594 omni
952 1526 1063 1594 ordine
1084 1528 1254 1596 catholicos
1277 1527 1397 1594 ibidem
1419 1546 1495 1594 eom·

330 1641 418 1746 mupi
442 1641 655 1708 admonitione
678 1647 772 1726 atque
797 1643 955 1728 peticione
977 1663 1158 1711 convocare.
1242 1643 1397 1710 Volumus
1419 1643 1494 1710 enim

329 1756 418 1824 falsis
442 1757 673 1843 suspicionibus
697 1758 840 1842 obviare,
870 1760 982 1844 quibus
1007 1779 1026 1825 a
1048 1759 1196 1827 sinistrae
1222 1761 1323 1846 partis
1351 1758 1495 1846 astipula-

330 1872 450 1940 toribus
473 1873 674 1956 infamamur,
698 1893 824 1940 omnem
841 1873 988 1942 videlicet
1009 1895 1110 1960 spem,
1132 1876 1309 1962 postposito
1326 1874 1391 1942 Dei
1412 1893 1495 1960 prae·

331 1988 421 2071 sidio,
446 1990 479 2054 in
496 1990 592 2056 armis
615 1988 831 2056 materialibus
854 1991 1006 2075 posuisse.
1045 1989 1217 2075 Speremus
1239 1996 1360 2075 antem,
1384 1989 1495 2076 Spiritu

331 2109 439 2172 sancto
461 2105 700 2187 interveniente,
723 2106 882 2170 communi
905 2105 1035 2172 consilio
1059 2107 1198 2172 omnium
1217 2107 1375 2193 optinere,
1398 2113 1433 2173 nt
1452 2124 1495 2170 se·

330 2219 466 2286 cundum
495 2221 660 2287 canonicas
689 2221 867 2287 sanctiones
896 2221 1108 2288 ecclesiastica
1131 2223 1340 2308 disponantur
1366 2221 1494 2306 umetis,

331 2343 454 2403 cessent
476 2355 574 2419 arma,
598 2337 733 2424 praedae
757 2337 907 2404 sedentur
929 2343 961 2404 et
982 2337 1137 2404 incendia.

420 2450 583 2519 Monemus
606 2454 703 2537 igitur
725 2474 781 2521 vos
809 2473 867 2540 per
889 2454 1095 2540 apostolicam
1118 2454 1337 2521 anctoritatem
1362 2459 1396 2521 et
1416 2452 1495 2519 debi-

330 2574 397 2635 tam
421 2569 570 2636 ecclesiae
593 2570 803 2637 obedientiam
834 2574 867 2636 et
891 2575 1018 2637 nostrae
1041 2570 1202 2637 seruitutis
1225 2570 1438 2653 devotionem,
1463 2571 1495 2633 ut

330 2686 497 2752 conventui
520 2691 629 2751 nostro
651 2685 806 2753 interesse
825 2686 1007 2769 dignemini.
1042 2685 1160 2753 Omnes
1183 2691 1299 2769 autem,
1322 2688 1381 2771 qui
1402 2684 1494 2753 eidem

330 2806 438 2867 nostro
461 2801 614 2869 iuteresse
632 2802 790 2869 voluerint
810 2802 989 2885 conventui,
1012 2822 1135 2869 summo
1156 2802 1391 2886 resignabimns
1413 2820 1494 2887 prae·

331 2916 402 3001 suli,
427 2938 556 3003 operam
571 2917 692 3000 dantes,
715 2922 752 2983 ut
772 2922 879 3000 grates
902 2917 948 2985 eis
970 2917 1039 3003 ipse
1059 2917 1191 2998 referat3
1215 2924 1248 2985 et
1268 2924 1415 2985 nostmm
1436 2936 1494 2983 ser·

332 3034 442 3099 vitium
467 3053 592 3119 semper
607 3034 754 3101 devotum
777 3033 924 3099 habeant.
958 3033 1007 3101 De
1028 3033 1179 3117 hisvero,
1202 3034 1258 3118 qui
1280 3055 1314 3101 se
1337 3034 1493 3103 snbtraxe

331 3150 405 3233 rint,
429 3150 600 3216 secundum
616 3154 755 3216 vestrum
779 3156 812 3216 et
826 3150 972 3233 aliorum,
995 3150 1050 3234 qui
1072 3154 1254 3236 praesentes
1275 3151 1406 3234 morini,
1428 3168 1494 3216 con·
1555 3196 1560 3213 .

331 3265 437 3331 silium
460 3270 600 3331 nostram
622 3266 726 3333 lacere
740 3265 898 3332 iusticiam
921 3284 985 3331 non
1008 3264 1234 3351 protelabimus
1256 3272 1289 3333 et
1310 3265 1494 3352 apostolicae

332 3400 385 3447 eos
408 3381 589 3447 auctoritati
610 3382 759 3447 canonice
781 3380 965 3447 iudicandos
987 3380 1227 3463 assignabimus.

421 3496 555 3564 Proinde
577 3516 724 3580 rogamus
751 3497 982 3562 fraternitatem
1005 3502 1158 3579 vestram,
1186 3501 1223 3561 nt
1250 3495 1366 3564 litteris
1388 3494 1493 3564 vestis

332 3613 479 3699 episcopo
503 3608 701 3679 Patariensi⁰
718 3613 868 3678 intimare
890 3612 1021 3695 curetis,
1045 3618 1097 3695 ut,
1122 3611 1196 3696 quia
1217 3610 1412 3679 infirmitatis
1433 3630 1492 3677 mo

331 3728 423 3795 lestia
451 3728 612 3815 praedicto
636 3728 804 3795 conventui
824 3729 894 3814 ipse
922 3746 1072 3814 praeseus
1098 3728 1253 3795 interesse
1280 3748 1344 3794 uon
1373 3725 1492 3814 poterit,

330 3845 459 3911 idoneos
482 3844 601 3928 legatos
625 3844 839 3909 transmittere
861 3848 1017 3929 procuret

404 4028 638 4084 1.Paeobaliall.
729 4028 754 4081 2.
779 4027 891 4081 Orrnoue
916 4026 1045 4097 episcopo
1069 4026 1255 4081 Praenestino.
1281 4026 1316 4082 V.
1330 4026 1396 4081 vita
1411 4023 1491 4078 Theo

331 4117 390 4185 geri
409 4118 435 4171 ll
453 4132 477 4172 c.
491 4118 520 4185 3,
539 4116 610 4169 bion.
624 4116 714 4169 Germ.
729 4114 777 4169 SS.
791 4115 844 4168 Xll
862 4117 923 4170 467.
1031 4115 1057 4168 3.
1076 4113 1227 4169 Adelbsrto
1244 4113 1265 4168 1.
1372 4116 1399 4169 4.
1416 4110 1489 4166 Adel·

331 4210 406 4273 goto.
496 4206 521 4258 5.
541 4203 678 4258 Friderico
696 4202 717 4257 1.
808 4206 833 4256 li.
855 4202 980 4257 Udalrico
999 4202 1020 4256 l.
