3142 4850
303 309 366 374 132
697 324 864 372 unmmcr
885 323 1014 372 connx.
1047 322 1084 372 aa

211 499 282 554 1000
301 483 461 550 tissimum
485 485 576 550 esset.
674 481 814 548 Consilio
843 503 1001 566 meorum,
1029 481 1108 548 satis
1130 481 1312 567 importuno
1340 484 1375 545 et
1395 483 1477 545 testa

188 614 242 662 rra.
253 617 282 661 er
299 599 367 666 Deo
384 598 462 664 mibi
477 597 645 681 contrario,
668 597 703 662 in
718 593 939 682 pentecosten¹
956 598 1029 664 veni
1044 597 1084 664 ad
1100 593 1247 662 cariam.
1278 593 1476 662 Terribiliter

301 715 464 797 astrictus,
496 712 714 798 multipliciter
735 719 863 780 coactus
893 733 963 779 sum
992 713 1038 780 ibi
1061 733 1154 796 agere
1183 718 1294 778 contra
1322 709 1477 792 ordinem,

299 834 409 897 contra
432 827 566 894 salutem
589 847 710 910 meam,
740 828 839 893 immo
868 833 979 894 contra
1001 828 1190 912 dignitatem
1220 825 1477 894 ecclesiasticam

299 943 530 1012 Abrenuntiavi
558 943 680 1010 sedenti
707 943 741 1008 in
769 943 844 1010 sede
874 939 1079 1030 apostolica'3
1110 947 1143 1010 et
1169 942 1229 1009 boo
1256 943 1325 1008 aine
1353 942 1479 1007 ratione

300 1059 422 1144 aliqua,
451 1078 522 1125 curn
545 1077 695 1144 praesens
718 1079 782 1125 non
805 1059 984 1144 audiretur,
1008 1059 1135 1126 auditus
1158 1058 1383 1138 discuteretur,
1412 1056 1479 1122 dis-

300 1195 411 1242 cussus
438 1175 686 1241 convinceretur.
731 1173 963 1241 Abrenuntiavi
995 1175 1061 1259 illi,
1095 1174 1146 1242 oui
1180 1176 1214 1239 in
1242 1173 1481 1240 examinatione

301 1309 392 1357 meae
408 1288 616 1356 ordinationis
631 1290 793 1375 professus
805 1291 927 1356 fueram
944 1290 1166 1374 obedientiam,
1183 1289 1234 1355 cui
1249 1287 1482 1355 subiectionem

302 1403 462 1491 pollicitus
486 1424 583 1486 eram,
607 1403 657 1470 cui
674 1409 747 1489 post
760 1406 889 1472 beatum
904 1405 1044 1489 Petrum,
1068 1410 1214 1492 suscepto
1229 1404 1384 1488 regimine
1399 1403 1484 1469 mibi

302 1519 489 1586 commissae
511 1520 651 1604 ecclesie,
675 1521 863 1587 commissus
886 1521 1018 1588 fueram.

235 1650 284 1698 uua
390 1634 562 1702 Reversum
587 1635 679 1701 solito
701 1636 830 1720 gravius
845 1635 979 1702 ecclesia
993 1657 1044 1702 me
1059 1635 1213 1722 suscepit;
1236 1635 1389 1701 usitatum
1403 1654 1485 1720 pro-

302 1750 453 1818 cessionis
478 1751 619 1817 ordinem
643 1771 707 1818 non
731 1751 888 1832 exhibuit3
913 1757 945 1818 et
967 1751 1052 1837 quod
1072 1751 1284 1818 miserabilius
1299 1754 1363 1817 est:
1389 1769 1486 1816 oscu-

301 1865 368 1932 lum
399 1867 488 1952 pacis
515 1887 577 1933 non
606 1866 736 1948 obtulit;
766 1868 849 1951 quod
879 1866 1053 1934 infelicius:
1082 1872 1214 1954 propter
1242 1867 1384 1933 auditam
1412 1870 1484 1932 tam

303 1985 423 2048 amere
446 1982 754 2049 abrenuntiationem
770 1987 804 2049 et
817 1983 994 2050 inauditam
1016 1984 1105 2070 priua
1121 1987 1244 2049 tantam
1266 1981 1485 2049 temeritatem

303 2115 368 2162 non
391 2096 485 2162 modo
508 2097 548 2163 ab
572 2098 743 2183 episcopali
768 2097 824 2164 sed
847 2119 867 2164 a
889 2098 1076 2165 sacerdotali
1099 2097 1201 2164 officio
1226 2135 1268 2144 -
1291 2097 1349 2164 sub
1373 2103 1486 2164 osten-
1554 2079 1558 2085 ’

255 2257 260 2267 -
304 2211 425 2278 tatione
447 2231 536 2279 meae
560 2212 671 2279 salutis
694 2217 726 2280 et
748 2213 812 2280 mei
835 2214 954 2280 ordinis
978 2214 1185 2281 saluberrimo
1211 2211 1399 2280 consilio-
1428 2235 1487 2279 ua-

306 2345 366 2412 que
395 2326 435 2391 ad
459 2326 586 2410 dignam
615 2328 706 2396 beato
730 2329 824 2396 Petro
853 2333 885 2396 et
912 2329 1031 2395 vicario
1056 2330 1124 2396 eius
1152 2329 1401 2395 satisfactionem
1431 2349 1487 2396 me

306 2442 475 2510 submovit.

395 2557 463 2626 Hoc
489 2578 541 2625 me
563 2560 712 2646 impedit;
740 2560 801 2627 boc
826 2562 860 2627 in
882 2560 1008 2627 Christo
1036 2560 1107 2627 lesu
1134 2560 1326 2627 ordinationi
1354 2566 1486 2629 vestrm

306 2692 357 2739 me
386 2673 553 2741 subtraxit
595 2674 711 2752 Quodsi
734 2675 817 2742 alius
846 2696 904 2761 pro
933 2676 1095 2744 uoluntate
1117 2682 1225 2744 vestra
1251 2682 1283 2743 et
1308 2677 1486 2763 peticione,

306 2784 480 2858 Tullensis⁴
502 2788 650 2857 videlicet
672 2790 722 2857 vel
745 2791 867 2876 quivis,
892 2792 990 2858 vicem
1014 2800 1157 2859 nostum
1179 2792 1392 2879 suppleverit,
1416 2814 1488 2860 non

305 2904 453 2988 indignor
464 2924 523 2971 nec
535 2905 693 2972 adversor.
711 2905 821 2991 Neque
831 2907 1063 2975 rationabiliter
1074 2908 1234 2975 ordinanti
1244 2908 1487 2995 improperabo,

305 3039 408 3106 neque
429 3021 464 3085 in
488 3019 592 3104 aliquo
616 3021 780 3087 detraham
803 3021 1035 3089 rationabiliter
1058 3022 1212 3090 ordinato.

395 3134 509 3201 Adhuc
530 3134 693 3201 vobiscum
717 3157 809 3219 agam
832 3137 1037 3220 familiarius3
1061 3143 1191 3205 utrum
1214 3136 1424 3225 patrofilius,
1451 3147 1490 3208 ut

307 3266 379 3317 cum
401 3247 544 3334 praelato
567 3250 741 3335 subiectus,
772 3256 809 3317 ut
831 3272 902 3319 oum
925 3254 1026 3320 amico
1048 3273 1141 3319 nemo
1163 3253 1327 3320 iocundior
1348 3254 1489 3341 amicus,

307 3380 379 3432 cum
395 3366 626 3446 consanguineo
650 3366 815 3451 proximus
831 3367 1000 3433 admodum
1015 3368 1275 3452 consanguineus.
1309 3368 1379 3436 Hoc
1400 3375 1490 3437 tam·

307 3496 384 3564 pore
407 3477 637 3565 tribulationis,
661 3482 696 3549 iu
717 3482 776 3549 boo
799 3483 947 3550 scismate
970 3482 1202 3551 ecclesiasticae
1224 3484 1399 3569 dignitatis,
1424 3486 1491 3553 hoc

308 3612 414 3659 errore
438 3594 628 3679 apostolicae
651 3578 735 3662 sedis
757 3598 929 3666 ridendum
953 3605 1016 3666 est:
1041 3600 1197 3684 quomodo
1220 3599 1360 3666 ordinari
1377 3599 1490 3668 velitis

308 3708 343 3775 in
357 3708 590 3777 examinatione
613 3711 747 3793 ordinis3
772 3714 823 3779 cui
837 3713 1091 3799 promissionem,
1114 3715 1166 3781 cui
1183 3715 1407 3799 obedientiam,
1434 3718 1491 3783 eui

309 3822 436 3907 Quam
460 3824 684 3895 subiectionem
708 3847 823 3895 rovere
845 3827 997 3912 debeatis,
1019 3829 1079 3897 hoc
1101 3849 1158 3916 per
1173 3830 1492 3899 abrenuntiationem

308 3944 450 4007 nostram
474 3940 622 4027 expulso,
653 3940 714 4009 alio
740 3960 798 4028 per
818 3943 992 4027 legitimam
1022 3944 1207 4013 electionem
1228 3946 1370 4013 nondum
1400 3946 1492 4015 relo-

309 4060 407 4121 tato'.

378 4235 399 4268 a.
423 4220 598 4269 recollocatoV.
658 4266 661 4273 .

240 4356 246 4367 -
365 4322 451 4465 Tiliud
464 4324 498 4427 tl
511 4324 574 4380 llaii
588 4326 666 4381 1080.
738 4329 764 4381 2.
783 4328 962 4399 Mogontiam.
1039 4332 1066 4386 d
1084 4330 1218 4401 Gregorio
1227 4330 1288 4388 Vll.
1364 4332 1393 4387 4,
1412 4334 1488 4392 Pibe

309 4424 353 4480 ep.
428 4426 511 4466 enarr.
