3142 4850
328 283 392 349 212
714 299 880 348 uorumror
904 300 1031 348 oounx.
1070 297 1119 349 113

204 476 272 531 1103
327 460 445 540 Amen,
474 483 566 526 amen
593 463 663 527 diso
692 462 795 541 nobb,
826 464 967 528 videbitis
997 461 1116 526 eoelum
1146 473 1289 547 apertum
1317 473 1345 524 et
1373 460 1481 544 ampelos

161 549 312 596 &bh-¹¹²¹*
325 575 392 641 Dei
412 579 610 642 ascendentes
633 590 662 642 et
676 579 891 642 descendentes
907 599 1002 664 super
1016 578 1123 660 filium
1146 577 1280 654 bomp'm's
1290 569 1306 638 ¹.
1342 573 1402 640 Hie
1414 572 1482 639 filius

325 691 462 757 hominis
492 703 613 758 nonne·
642 691 724 758 lilios
752 692 903 777 hominis,
933 693 965 758 id
995 697 1044 760 est
1070 692 1174 776 Adae,
1203 692 1236 758 in
1265 711 1323 757 sua
1350 687 1484 776 exprimit

325 807 481 894 persona?
523 807 560 874 ln
594 814 703 893 aperto
732 808 883 876 eeclesiae
911 809 997 876 eaelo
1033 815 1065 876 et
1092 807 1164 876 boni
1201 814 1232 873 et
1261 806 1337 873 mali
1369 807 1483 872 intrent

325 923 399 1007 Vos,
429 925 590 1010 praesules
614 925 773 1009 eoelesiae,
805 927 858 1011 qui
881 926 957 992 estis
981 924 1083 1008 augeli
1107 922 1177 1007 Dei,
1200 923 1355 1006 gradatim
1380 922 1418 988 ud
1438 940 1485 988 uos

325 1040 515 1108 descendere
537 1040 674 1121 debetis3
697 1042 854 1124 gradatim
879 1046 911 1108 et
932 1059 990 1106 uos
1015 1041 1054 1106 ad
1071 1061 1125 1106 vos
1148 1040 1316 1106 escendere
1339 1039 1484 1106 debemus

325 1154 426 1234 Quot*
454 1155 604 1240 gradibus
626 1156 668 1221 ad
690 1177 746 1223 vos
769 1157 984 1240 ascendimus,
1013 1161 1060 1222 tot
1089 1155 1128 1222 ad
1156 1177 1212 1222 nos
1235 1154 1423 1222 deseendere
1442 1152 1487 1218 de·

326 1271 416 1338 betis.
457 1270 517 1372 list
545 1271 668 1357 primus
695 1273 813 1355 gradum
841 1271 930 1339 nobis
960 1273 1000 1338 ad
1035 1272 1235 1359 episcopum,
1270 1269 1424 1338 secundus
1455 1267 1487 1334 ad

326 1386 607 1475 arehiepiscopum,
630 1408 688 1474 por
704 1409 781 1473 quos
796 1388 964 1456 ascendere
980 1388 1129 1456 debemus
1146 1388 1185 1454 ad
1201 1387 1350 1472 gradum⁶
1367 1385 1487 1453 torcium

325 1503 358 1569 id
387 1508 436 1570 ast
464 1503 504 1570 ad
532 1524 650 1591 papum
673 1503 859 1570 Romanum.
954 1504 1056 1591 Super
1084 1503 1182 1570 filiurn
1211 1503 1347 1569 hominis
1373 1502 1488 1569 deseen-

325 1619 416 1685 ditis:
440 1639 510 1686 eum
534 1619 706 1687 humilibus
729 1621 951 1706 compatiendo
976 1619 1234 1687 eoudeseendihs.
1275 1619 1378 1704 Super
1402 1615 1488 1684 lilium

324 1735 461 1801 hominis
484 1735 687 1802 ascenditisl:
719 1757 789 1801 eum
815 1735 908 1802 verbo
932 1740 964 1802 et
985 1735 1130 1821 exemplo
1156 1734 1290 1802 humiles
1314 1734 1354 1800 ud
1379 1731 1489 1800 eaelum

324 1851 500 1918 sustollitis.

412 1965 530 2051 Credo,
560 1967 687 2051 diaetis,
716 1988 774 2036 nos
798 1969 869 2036 ideo
892 1968 1001 2034 haberi
1026 1987 1081 2052 pro
1106 1965 1404 2050 exeommunicatis,
1427 1964 1491 2050 quia

323 2083 467 2149 favemus
495 2083 643 2169 episeopo
671 2080 826 2166 nostro·¹,
856 2085 975 2150 furenti
1005 2083 1146 2169 partibus
1175 2083 1294 2150 domiui
1322 2081 1375 2148 sui
1401 2083 1490 2166 impe

324 2194 467 2264 ratoris⁸.
558 2199 594 2264 ln
615 2199 676 2265 bae
698 2221 734 2266 re
756 2206 832 2266 suut
853 2200 949 2266 inieia
963 2197 1124 2280 dolorum,
1154 2219 1211 2284 pro
1235 2199 1293 2264 hae
1316 2217 1351 2264 re
1377 2195 1491 2264 crebre

324 2319 418 2380 scunt
439 2334 552 2380 eausae
577 2314 741 2382 malorum.
777 2315 860 2394 Quia
882 2316 1030 2382 sathanas
1054 2311 1202 2398 solutus⁴,
1232 2319 1350 2380 terram
1375 2330 1492 2400 peram·

324 2429 453 2514 balans,
476 2432 541 2497 iarn
565 2432 674 2499 divisit
695 2452 827 2517 regnum
851 2438 883 2499 et
906 2432 1125 2499 sacerdotium.
1217 2430 1297 2508 Quia
1326 2450 1402 2513 ergo
1430 2427 1489 2494 dia·

324 2545 413 2613 holos
442 2548 529 2613 veuit
558 2548 599 2615 ad
627 2570 699 2633 nos,
728 2549 847 2616 habens
875 2549 955 2615 iram
985 2542 1161 2631 magnam‘,
1192 2561 1315 2636 patrem
1342 2559 1489 2623 medeam,

323 2666 381 2749 qai
402 2669 503 2730 estin
525 2667 630 2748 caelis,
656 2686 784 2731 oramus
806 2685 863 2751 pro
888 2664 946 2731 hoo
969 2664 1165 2750 specialiter:
1188 2687 1227 2729 ne
1241 2686 1298 2729 nos
1313 2664 1445 2728 indurat
1460 2662 1491 2724 io

321 2784 554 2867 temptationem
575 2782 667 2864 hane,
694 2784 749 2847 sed
771 2782 879 2847 liberet
899 2804 957 2847 eos
980 2805 999 2845 a
1023 2782 1106 2847 molo
1133 2779 1226 2845 huius
1249 2768 1490 2865 temptationis.

322 2894 421 2962 Nobis
455 2896 699 2980 dormientibus,
733 2896 880 2963 inimicus
914 2896 1180 2981 superseminavit
1206 2895 1330 2961 zizania
1352 2896 1391 2960 in
1423 2910 1492 2976 agro

323 3009 500 3079 seelesiue⁷.
539 3012 763 3101 Expectamus,
789 3011 886 3079 donee
910 3011 1013 3094 angeli
1037 3032 1190 3079 messores
1214 3010 1274 3077 Dei
1298 3010 1430 3093 alligent
1451 3006 1492 3073 zi·

323 3128 486 3193 zaniorum
508 3129 673 3196 laseioulos
701 3129 741 3194 ud
763 3128 1009 3195 comburendum
1017 3124 1038 3193 ⁸.
1081 3127 1163 3193 Num
1187 3128 1257 3193 ideo
1281 3126 1418 3193 dioimur
1440 3142 1493 3190 nos

323 3244 606 3311 exeommunicati?
702 3245 728 3311 0
759 3243 849 3328 quot‘
877 3242 1055 3329 manipulos
1083 3244 1180 3309 tritioi
1209 3242 1412 3326 eradicabis,
1443 3238 1494 3325 qui

322 3365 396 3425 anto
419 3366 544 3447 tompus
568 3360 692 3426 zizania
713 3380 734 3424 e
756 3360 861 3426 tritico
886 3360 1063 3427 disseruere
1086 3360 1225 3426 festinat.

411 3473 505 3554 Quish
528 3477 597 3541 iure
619 3475 838 3560 reprehendet,
863 3476 946 3559 quod
969 3476 1135 3562 episeopus
1150 3475 1294 3562 partibus
1311 3472 1432 3539 domini
1448 3469 1494 3536 sni

321 3589 417 3674 iuvet,
441 3592 491 3658 oui
513 3592 701 3677 promissam
725 3610 796 3658 oum
820 3593 997 3657 iuramento
1020 3591 1205 3659 fidelitatem
1228 3589 1340 3657 debet?
1422 3586 1494 3653 Per·

321 3705 437 3771 iurium
461 3727 554 3773 nemo
577 3708 701 3775 dubitat
722 3728 792 3773 esso
815 3707 934 3790 grande
963 3714 1134 3792 peecatum.
1175 3706 1272 3773 Deus¹
1300 3704 1386 3771 solus
1413 3705 1496 3769 iurat

323 3827 355 3888 et
374 3842 438 3889 nou
459 3824 582 3910 penitet
596 3820 697 3907 eum⁹,
721 3824 796 3909 quia
810 3824 968 3909 sapientia
983 3823 1119 3889 custodit
1141 3826 1311 3909 pruoeepta
1326 3818 1495 3899 iuramenti

391 3996 412 4029 a
435 3996 481 4029 uon
495 3982 539 4029 VZ.
617 3982 639 4030 b.
662 3982 729 4039 Quod
744 3983 770 4028 Z.
856 3996 875 4029 a
899 3996 942 4029 ora
957 3984 979 4029 V.
1063 3982 1085 4028 d.
1110 3982 1250 4029 descenditis
1266 3982 1287 4027 l'.
1367 3994 1386 4026 a.
1413 3978 1494 4026 onB.

321 4061 338 4107 l.
361 4062 423 4122 quod
436 4062 480 4108 VZ.
565 4075 586 4120 ς.
611 4061 735 4109 andicavit
750 4061 777 4118 Ζ,
795 4062 945 4109 eradicaverit
960 4062 988 4109 B.
1074 4061 1097 4107 h.
1122 4061 1166 4118 Qui
1180 4061 1203 4107 V.
1286 4061 1302 4107 h
1326 4059 1390 4107 Dans
1406 4082 1431 4091 -
1444 4072 1495 4119 pro·

320 4139 426 4187 mosum
440 4155 484 4187 osa
494 4142 524 4188 B.

393 4238 417 4289 1.
437 4235 494 4291 iou.
509 4237 533 4303 1,
545 4237 590 4291 51.
684 4238 709 4290 a.
728 4234 850 4291 otberto.
946 4238 972 4290 s.
991 4234 1111 4290 nenne
1124 4234 1171 4289 1v.
1265 4234 1290 4289 4.
1312 4232 1495 4305 spossus

305 4322 348 4414 ,⁵·
365 4320 453 4391 spos.
467 4326 509 4393 ra,
520 4326 562 4379 12.
634 4326 660 4379 e.
679 4323 864 4393 osismus,
878 4324 957 4379 ere.
1030 4324 1054 4377 r.
1074 4322 1280 4392 massuram.
1352 4324 1377 4378 s.
1396 4320 1494 4377 uram

322 4410 422 4481 mm
512 4411 711 4481 amma
