3142 4850
358 344 538 392 annnorum
558 343 741 392 nrsnoous.
776 344 873 393 nm.1
894 342 938 394 35.
950 343 985 395 aa
1190 328 1252 394 731

88 518 149 569 tom
163 517 288 570 acutum
301 505 432 590 foena?
462 502 581 570 Faber:
602 502 695 570 Tales
709 504 815 589 inquit
826 506 971 590 furimus
989 508 1424 593 adponetr·oadoa1123-1139

89 620 200 685 lorium
221 634 252 686 et
272 620 405 708 elipeum
427 620 559 707 inpulsu
582 623 664 685 enim
685 620 796 686 baliste
811 621 887 687 tales
902 624 1085 708 raparum
1099 634 1184 687 scaro
1199 644 1256 689 neo

88 736 208 801 mauce
231 740 313 801 tueri
333 740 442 801 sinam
463 737 627 801 bominem.
662 734 856 821 Episcopus:
879 738 951 823 Epo
974 736 1077 821 inquit
1091 760 1196 824 apum,
1221 751 1257 803 at

87 852 230 917 monulus
247 874 280 917 se
294 855 333 917 de
347 853 396 916 bie
410 874 475 917 soa
489 852 705 933 interficiant&
739 850 892 947 Iubetque
906 851 1004 918 levari
1027 871 1134 921 omues
1150 850 1254 935 simul,

89 966 168 1033 siout
181 972 273 1033 orant
286 967 321 1031 in
336 966 481 1053 cophino,
504 966 711 1052 portitoribus
725 966 850 1033 disens:
874 968 966 1035 Ferro
982 992 1035 1034 aas
1050 968 1159 1035 minti
1171 969 1255 1034 Her-

86 1078 235 1159 rnomro¹5
256 1096 403 1170 rogantes
426 1085 602 1170 diligenter,
625 1095 661 1147 at
683 1105 736 1148 eae
757 1087 821 1149 mei
842 1107 939 1151 cauea
960 1088 996 1151 ia
1019 1106 1097 1171 opus
1113 1085 1179 1150 Dei
1200 1107 1254 1149 oa-

84 1200 211 1283 peadot,
234 1200 440 1265 semema
455 1200 616 1265 bominum
636 1212 828 1285 coaptentur.
863 1198 1008 1267 Habebat
1030 1204 1135 1266 autem
1158 1198 1255 1267 abbas

88 1332 164 1398 opus
186 1313 220 1379 iu
243 1313 400 1398 manibus,
423 1319 541 1381 tectum
558 1312 706 1379 videlieet
719 1314 929 1381 eonsummsti
945 1315 1128 1382 monasterii
1143 1315 1254 1381 nostri.

87 1427 233 1515 Aoaeptis
256 1450 331 1514 orgo
355 1430 489 1514 sagittis,
512 1428 623 1515 patula
637 1434 722 1495 retro
736 1429 937 1503 haurimenta
952 1431 1096 1499 omnibus
1112 1430 1255 1497 convolvi

87 1543 193 1626 iussit3
222 1566 261 1611 ao
289 1548 329 1611 de
356 1546 562 1613 nobilissimis
591 1546 716 1631 sagittis
743 1545 850 1613 elavos
879 1546 1056 1630 tegularum
1085 1546 1255 1631 fabricans,

86 1665 166 1726 tosto
189 1660 320 1729 eooleaie
342 1662 414 1728 illos
436 1662 605 1748 coaptarit
689 1662 756 1741 Qua
770 1680 822 1729 res
838 1662 976 1747 quidem,
998 1662 1125 1729 umato
1140 1682 1257 1746 magns

87 1796 149 1843 non
171 1782 237 1861 est,
265 1798 379 1862 magne
406 1784 513 1845 tamar
541 1778 692 1845 bonitatis
719 1778 837 1845 indioio
860 1777 953 1845 valet.
997 1776 1086 1845 Siout
1108 1780 1191 1845 enim
1214 1798 1254 1845 ex

86 1892 301 1960 habundantia
321 1894 427 1960 sordis
448 1891 580 1979 sermo¹,
608 1895 656 1960 ita
677 1894 773 1960 etiam
797 1914 836 1961 ex
859 1893 969 1961 eadem
993 1895 1075 1961 uotio
1098 1894 1254 1978 dirigitur.

85 2006 233 2075 Exterior
256 2010 339 2076 enim
363 2010 456 2075 homo
477 2009 580 2077 aeluro
601 2029 666 2076 non
679 2014 794 2096 potest,
818 2029 881 2095 qua
896 2010 1102 2097 dispositione
1124 2010 1256 2076 interior

85 2124 215 2192 inbutus
237 2126 287 2192 sit.
323 2124 476 2209 Fraglant
497 2127 582 2192 enim
611 2126 652 2192 ad
674 2126 836 2212 proximos
860 2145 917 2213 per
940 2127 1127 2193 exteriorem
1151 2126 1257 2193 studia

85 2239 221 2307 hominis
244 2242 414 2309 interioris.
498 2242 615 2308 Verum
639 2261 697 2325 ego
719 2248 833 2309 anneta
856 2241 1050 2327 singillatim,
1075 2263 1135 2328 que
1155 2241 1255 2329 ipsius
1308 2246 1312 2257 '

85 2363 167 2442 sunt,
192 2358 406 2446 perstringere
428 2380 490 2426 non
506 2364 626 2445 potero.
662 2356 767 2425 Unum
782 2363 890 2426 amen
908 2358 1010 2426 adhue
1024 2358 1170 2444 narrabo,
1194 2378 1256 2444 quo

85 2473 151 2539 eius
165 2471 332 2558 diligentia
347 2481 379 2543 et
393 2477 564 2562 ingenium,
588 2475 674 2562 quod
687 2474 799 2542 habuit
813 2475 853 2542 ad
869 2475 948 2542 bene
964 2475 1130 2560 agendum,
1154 2475 1256 2560 magis

85 2588 246 2658 alareseat

174 2709 228 2773 36.
263 2706 398 2785 Quidam
421 2727 642 2774 eoonomorum
666 2707 733 2774 eius
747 2705 912 2791 liudolfus,
935 2704 1100 2773 virbonus
1124 2724 1161 2772 ao
1179 2723 1424 2792 pru-1125-113o

86 2821 172 2906 dens,
196 2823 237 2889 ad
260 2843 332 2890 eum
356 2828 486 2910 propter
508 2843 620 2891 oausaa
642 2823 830 2890 domesticas
849 2821 1004 2890 veniebat.
1039 2821 1180 2906 Cumque
1196 2840 1255 2907 pro

85 2939 281 3025 explicandis
310 2939 405 3006 rebus
427 2939 621 3026 aliquamdiu
643 2940 728 3026 apud
755 2959 827 3006 eum
857 2943 1049 3022 moraretur,
1078 2937 1254 3024 episeopus,

85 3074 171 3122 more
193 3076 252 3122 suo
274 3075 419 3139 egressm
434 3056 565 3123 visitare
578 3055 819 3139 xenodochium,
843 3053 1000 3122 stabulum
1016 3055 1163 3121 transivit
1185 3073 1255 3120 eoo-

84 3171 204 3253 nomil3
227 3171 400 3257 udansque
423 3171 501 3238 duos
525 3192 621 3257 equos
643 3172 741 3240 fortes
761 3178 795 3240 et
810 3171 946 3256 eleganti
960 3189 1101 3258 eorpore,
1125 3169 1256 3238 seomi-

84 3289 235 3371 tautibns,
259 3288 423 3354 cuiusnam
446 3287 512 3354 sint
533 3287 576 3372 hi,
599 3288 741 3372 inquirit
777 3287 896 3356 Dieunt
919 3288 958 3372 ei,
982 3287 1039 3354 hos
1057 3307 1126 3354 esse
1141 3306 1255 3373 proau-

83 3405 199 3471 tatoris
223 3405 282 3470 sui.
318 3407 422 3482 Beae3
444 3404 549 3489 inquit
562 3408 673 3492 mopsi
685 3417 759 3470 suar
773 3417 802 3472 et
814 3407 939 3491 fatear
961 3417 1182 3492 estepanum
1196 3405 1254 3470 lo-

85 3524 153 3588 beat
173 3524 285 3610 presio
307 3535 338 3587 et
355 3523 581 3607 redemptiones
601 3525 798 3608 soptiaoram
812 3525 847 3587 ia
863 3534 979 3588 terram
992 3523 1253 3588 Pomeronoram.

84 3636 240 3704 Audierat
262 3637 358 3720 enim,
382 3637 534 3721 quosdam
557 3636 598 3703 de
619 3636 789 3724 baptizatis
813 3638 878 3703 suis
901 3638 934 3703 in
950 3637 1166 3723 captivitatum
1181 3636 1254 3703 bar·

83 3751 232 3820 botarum
255 3753 398 3837 gentium
418 3752 516 3819 tuisse
540 3752 718 3820 abductos.
758 3751 898 3820 Sublatis
922 3773 996 3837 ergo
1019 3754 1118 3838 equis,
1142 3771 1254 3820 soona-

84 3869 173 3936 mus‘¹
187 3891 224 3936 re
246 3870 355 3953 agnita
377 3869 418 3935 ad
441 3869 623 3956 episcopum
638 3868 798 3952 venitde
821 3868 872 3935 via
894 3889 952 3935 sua
974 3873 1006 3936 et
1027 3869 1165 3953 negociis
1188 3869 1255 3935 suis

84 3984 240 4069 insinuat,
269 3986 465 4070 equitaturas
486 3987 617 4072 ropetit3
647 4005 725 4070 quas
753 3985 781 4052 si
810 3985 960 4053 rehabere
983 4005 1046 4051 non
1069 3986 1185 4072 possit,
1214 3985 1254 4052 ad

85 4103 190 4168 omnia
205 4123 241 4168 se
254 4101 443 4188 impeditum
458 4101 544 4168 dioit
574 4100 633 4167 Cui
647 4101 830 4188 episeopus:
849 4102 925 4167 Non
939 4105 1101 4184 irascaris,
1119 4105 1252 4168 ndreae.

153 4294 174 4326 a.
197 4279 336 4327 interimam
352 4279 383 4326 N.
460 4279 483 4325 b.
507 4281 626 4327 anaonoml
643 4279 673 4327 N.
752 4292 772 4326 a.
795 4279 819 4326 in
836 4279 990 4339 eaptivitatem
1005 4301 1028 4312 -
1042 4279 1153 4327 abductos
1168 4278 1255 4341 scripsi

83 4373 128 4416 pro
143 4360 167 4406 in
183 4359 299 4406 uirtutem
313 4381 338 4392 -
352 4360 478 4419 eaptivstor
494 4359 549 4407 ΝΒ,
642 4360 665 4406 d.
689 4371 827 4406 meorumue
844 4359 874 4405 N.

156 4466 181 4520 1.
200 4461 295 4519 abbati
313 4461 494 4520 salahadin
512 4463 702 4520 tras-1147.
810 4465 835 4518 2.
854 4463 889 4522 V.
901 4463 997 4520 aaut.
1012 4465 1053 4533 12,
1072 4464 1116 4520 34.
