3142 4850
289 296 356 361 492
606 312 794 361 nersronsa
816 311 1095 361 aemnneonusse.
1130 310 1148 363 e

203 452 271 545 loun
288 473 467 559 intrepidus
481 473 557 543 inde
570 478 684 541 testem
700 472 791 543 illum
808 473 951 557 adhibeo,
972 474 1024 541 oui
1039 472 1145 541 lucent
1160 472 1343 541 abscondite
1357 472 1455 539 cordis

290 590 414 675 abysso.

379 704 416 771 Si
442 723 581 773 mererer
607 710 640 773 te
667 704 928 774 iocundissimum
957 704 1152 773 defensorem
1181 705 1312 787 habere,
1348 722 1455 789 parum

218 846 220 849 >
290 838 434 887 curarem
458 822 529 907 plus
552 820 715 904 acquisitis
739 822 902 904 acquirere
924 840 980 887 seu
1004 818 1125 889 altioris
1148 821 1310 905 dignitatis
1329 820 1457 903 gradum

291 936 476 1017 ascendere3
503 937 566 1001 nisi
588 936 708 1002 feceret
729 935 784 1003 ille
806 935 1007 1003 dulcissimus
1030 942 1176 1021 questus,
1201 937 1254 1021 qui
1276 942 1381 1003 estet
1402 934 1460 1001 erit

289 1052 323 1118 in
352 1052 513 1118 lucrandis
540 1051 715 1118 animabus.
751 1050 869 1117 Verum
894 1052 993 1118 dulcis
1021 1052 1077 1119 illu
1103 1053 1236 1119 lucratio
1264 1052 1307 1119 sit
1335 1052 1370 1117 in
1396 1050 1460 1133 illo,

290 1168 452 1254 peronius
474 1167 616 1235 ordinem
640 1168 786 1251 congruit·
808 1188 882 1255 pare
906 1168 1068 1250 universo;
1093 1174 1125 1235 et
1147 1169 1236 1234 sitin
1253 1185 1310 1235 sna
1334 1168 1459 1253 pietate,

291 1284 439 1369 quioquid
462 1283 537 1351 inde
559 1284 646 1350 cordi
668 1290 723 1352 tuo
746 1285 894 1367 dignetur
917 1285 1081 1371 inspirare.
1164 1284 1200 1350 ln
1222 1282 1311 1351 illam
1330 1281 1460 1364 confido,

291 1399 380 1465 ouius
395 1399 617 1485 inspiramine
632 1400 711 1465 istoc
725 1399 851 1468 tibimet
866 1399 1025 1481 adscribo;
1047 1400 1195 1484 quatinus
1211 1399 1347 1467 fructum
1365 1398 1461 1465 servi·

291 1515 370 1581 tutis
397 1519 525 1600 optatae
551 1514 739 1599 quandoque
764 1532 888 1583 merear
917 1515 1125 1584 dominationi
1151 1520 1224 1583 tuae
1254 1514 1382 1600 plenius
1411 1533 1461 1581 ex-

290 1629 410 1699 hibere.

382 1746 511 1813 lnmmm
535 1750 642 1811 umen
665 1745 709 1811 sit
730 1744 790 1812 hoc
805 1746 914 1829 lingua
934 1745 1138 1816 litterationis
1156 1744 1341 1829 exhibitum,
1367 1746 1463 1813 danao

293 1861 445 1930 exhibitio
473 1861 601 1945 linguae
628 1861 788 1929 fructuoso
816 1861 1026 1947 conprobetur
1048 1863 1081 1929 iu
1110 1882 1214 1949 opere
1255 1862 1306 1929 Ad
1334 1880 1461 1929 manum

293 1985 399 2045 eutem
427 1982 591 2060 gratanter
614 1978 747 2063 accipito
771 1998 887 2045 munus
910 1997 1055 2064 presens,
1085 1978 1168 2063 quod
1197 1978 1316 2064 porigit
1342 1979 1464 2045 sineere

293 2092 434 2175 devotio;
456 2114 514 2179 per
530 2113 626 2179 quam
644 2092 774 2161 hebebis
791 2113 883 2159 omno
905 2094 1188 2181 promptissimum,
1210 2094 1361 2179 quioquid
1383 2092 1463 2161 utili·

292 2209 368 2277 tatis
392 2215 441 2277 est
466 2210 499 2275 in
522 2208 625 2275 cordis
648 2209 711 2277 mei
734 2228 809 2277 arce
830 2210 1036 2278 reconditum.

383 2325 473 2391 Unde
496 2324 674 2395 huiusmodi
696 2326 916 2411 promissionis
940 2331 1062 2411 purtem
1087 2346 1126 2393 ex
1150 2330 1239 2411 perte
1259 2327 1323 2393 iam
1341 2326 1463 2393 videtur

196 2464 267 2518 1020
294 2443 420 2527 exigere
435 2442 532 2526 digna
545 2442 721 2510 recordatio
743 2442 901 2528 paschalis
916 2443 999 2526 festi,
1023 2443 1106 2528 quod
1124 2443 1348 2510 iocundissima
1367 2449 1464 2510 tecum

182 2539 237 2597 ⁵¹³¹·
247 2538 277 2584 ¹⁷
293 2559 522 2642 celebravimus
548 2558 581 2624 iu
606 2577 688 2624 auno
714 2559 814 2644 priori
825 2555 840 2624 ¹.
880 2557 949 2626 Nou
974 2559 1058 2626 enim
1085 2565 1150 2626 lam
1174 2559 1283 2627 divina
1303 2565 1374 2626 tarn
1397 2558 1466 2626 reli-

295 2677 384 2760 giose
406 2675 572 2757 eelebritus
595 2675 657 2742 erit
678 2674 830 2741 oblivioni
852 2673 1022 2757 tredenda3
1049 2675 1146 2742 immo
1169 2675 1355 2742 memoriale
1379 2694 1465 2742 snum

294 2811 358 2860 non
381 2791 536 2859 delebitur
558 2791 593 2857 in
615 2789 730 2856 secula.
764 2789 878 2856 Nullus
893 2791 1031 2876 quidem,
1050 2793 1104 2876 qui
1119 2797 1188 2860 erut
1202 2791 1257 2874 ibi,
1276 2789 1465 2873 oqlebritebt

294 2908 389 2974 huius
411 2908 529 2994 poterit
551 2923 701 2990 umquem
723 2906 883 2988 oblivisci3
911 2907 1017 2974 nullus
1038 2908 1168 2992 inquam
1190 2907 1328 2991 illorum,
1358 2907 1466 2992 quibm

295 3021 486 3106 religiositas
500 3027 550 3088 est
562 3022 667 3088 amica
682 3021 844 3088 virtutum.
880 3022 1052 3105 Celebritas
1068 3023 1144 3090 haec
1164 3023 1302 3090 ereditur
1317 3023 1467 3090 divinitus

296 3139 443 3208 ordinate
465 3145 559 3222 atque
580 3155 740 3220 concessu,
763 3137 856 3206 aliter
878 3139 961 3207 enim
978 3157 1042 3208 non
1056 3138 1146 3206 lieret
1160 3139 1344 3206 humanitus
1360 3139 1467 3208 ordine

294 3259 363 3322 tem
385 3253 562 3323 venerando
585 3253 683 3320 linita

383 3369 467 3437 Ecce
480 3369 617 3438 vicarius
634 3370 737 3436 sanati
747 3367 834 3436 Petri
841 3364 862 3453 ²,
880 3369 933 3453 qui
949 3367 1134 3455 principalis
1149 3371 1353 3455 prerogativa
1368 3370 1467 3454 digni-

295 3486 371 3554 tatds
400 3490 588 3572 potestatam
613 3484 709 3556 babet
734 3485 852 3567 ligendi
877 3489 971 3570 etque
994 3484 1151 3568 soluendi,
1180 3486 1213 3552 in
1237 3486 1288 3552 die
1315 3487 1465 3568 cantetis,

184 3630 239 3688 eps,
250 3630 280 3675 14
296 3621 375 3686 quse
390 3601 506 3667 dicitur
521 3599 653 3666 mirilico
670 3601 851 3666 testimonio
868 3601 1025 3668 caritativi
1042 3601 1184 3668 beneficii
1200 3612 1315 3669 coena·
1328 3601 1465 3684 Domini,

296 3717 383 3784 venit
404 3717 445 3784 ed
468 3716 654 3802 hospicium,
678 3716 762 3800 quod
784 3717 896 3784 intimo
921 3717 1010 3783 votol
1034 3717 1138 3784 cordis
1161 3718 1207 3784 tui
1230 3719 1264 3784 in
1286 3717 1466 3784 Babunber·

296 3833 386 3916 gensi
406 3833 477 3900 loco
499 3831 568 3898 Deo
592 3837 641 3899 est
661 3837 834 3916 sanctoque
856 3830 950 3899 Petro
977 3841 1141 3919 paratum,
1171 3839 1207 3900 ut
1235 3834 1393 3900 carissimi
1413 3832 1466 3899 ho-

297 3950 391 4034 spitis
413 3948 552 4014 adventu
579 3947 805 4014 iocundissima
828 3947 895 4014 Deo
918 3955 1026 4014 nostro
1053 3950 1195 4016 cantatis
1217 3955 1292 4016 tuae
1321 3965 1466 4033 agnosce

296 4070 385 4132 retur
413 4083 482 4130 esse
510 4063 647 4132 iocunda
679 4063 829 4132 laudatio.
928 4063 1069 4142 Qualiter
1104 4071 1207 4132 eutem
1242 4065 1406 4132 advenerit
1437 4067 1466 4130 et

298 4179 434 4263 qualiter
455 4179 602 4248 ordinate
628 4201 687 4250 nec
714 4200 779 4248 non
806 4177 987 4246 missalibus
1016 4181 1210 4248 ornamentis
1238 4179 1352 4248 induta
1376 4179 1465 4246 turba

227 2669 235 2678 s

371 4339 393 4373 e.
416 4339 472 4388 eque
486 4326 536 4374 ced.
746 4331 770 4378 h.
795 4330 890 4404 votojs
905 4329 987 4378 litae-e.

372 4423 396 4478 1.
415 4436 487 4478 enno
506 4422 724 4495 1020,hpr.1u.
939 4426 965 4481 2.
986 4423 1151 4482 Benedictus
1163 4425 1238 4482 Vlll.
