3142 4850
394 301 583 351 sennense
604 300 883 355 sumasnesssss.
917 298 936 349 2
1183 280 1250 347 475

94 472 131 546 te,
151 462 252 529 saltim
276 483 333 549 pro
348 461 459 529 ouibus
481 461 545 529 tuis
567 460 627 528 tibi
649 460 825 531 timendum
847 465 904 527 est
939 459 988 526 De
1010 459 1150 546 periculo
1165 460 1249 526 enim
1305 474 1373 529 1007

92 579 186 663 agitm
208 578 254 645 rei
276 576 421 664 publiano
442 583 525 645 tuae.
569 575 604 642 Si
625 577 688 661 ita,
711 582 748 643 ut
770 575 898 663 cepisti,
928 575 1101 661 perstabis,
1125 575 1250 642 evenire
1265 546 1409 605 ΜΝ

93 694 252 783 potentin
274 698 398 761 tantum
421 714 491 760 eam
507 692 617 759 uexari
633 691 684 759 sel
706 692 802 760 ebam
825 691 932 777 diripi,
955 696 991 757 ut
1014 695 1069 757 aut
1088 708 1250 775 nunqnam

92 815 142 877 aut
154 830 221 877 sero
236 815 410 895 reparetur.
444 808 643 894 Quapropter
659 807 835 891 reeordare,
851 807 977 873 domine
993 806 1046 891 mi,
1064 804 1250 873 aeoulesiae·

92 929 219 1008 amotae,
242 925 291 990 eui
315 923 492 1010 praesides3
515 923 681 991 recordare
703 923 855 1007 omnium,
878 923 933 1007 qui
954 921 1013 988 tibi
1033 920 1167 988 libenter
1185 940 1251 987 ser·

91 1041 183 1107 siunt.

170 1154 313 1240 Loquere
341 1152 516 1237 cumillis,
544 1154 599 1239 qui
627 1153 685 1219 tibi
707 1172 772 1218 non
798 1151 890 1219 aliter
920 1171 957 1219 ae
985 1152 1044 1220 sibi
1074 1150 1251 1218 eonsultum

90 1270 207 1337 solunt:
243 1290 315 1337 eum
343 1269 471 1337 domino
498 1289 568 1335 meo
595 1267 766 1335 venerabili
795 1267 1031 1353 archiepiscopo
1052 1261 1251 1351 Wlilligisol¹

88 1386 242 1473 spirituali
263 1391 318 1452 tuo
341 1389 373 1451 et
394 1389 485 1471 patre
507 1390 540 1451 et
560 1384 669 1467 tratre,
696 1403 768 1449 oum
791 1382 918 1451 domino
939 1382 1130 1464 Hieriberto)
1152 1382 1251 1449 frene

88 1506 139 1569 tuo
159 1502 293 1585 uterino,
319 1501 395 1567 item
418 1499 591 1567 venerabili
620 1494 884 1585 arehiepiscopo',
912 1518 984 1565 eum
1009 1497 1135 1563 domino
1158 1496 1252 1577 Blur-

88 1611 228 1699 abardo)⁸
252 1614 461 1699 Wangionum
485 1614 642 1701 episeopo,
668 1614 801 1699 aliisque
822 1612 967 1679 fidelibus
990 1618 1022 1679 et
1044 1614 1154 1679 amieis
1176 1612 1249 1679 tuis.

87 1730 266 1816 Consilium,
291 1731 375 1816 quod
397 1730 456 1797 tibi
477 1730 563 1814 dent,
585 1749 649 1795 non
672 1729 829 1816 repudies.
864 1727 952 1807 Quod
975 1728 1061 1795 enim
1084 1728 1122 1794 de
1138 1732 1170 1794 te
1185 1727 1251 1811 agi·

87 1851 145 1931 tur,
166 1846 291 1913 illorum
316 1845 436 1935 pariter
459 1852 507 1913 est
529 1852 642 1914 tecam
734 1844 769 1911 Si
792 1844 925 1911 istorum
948 1844 1078 1911 oonsilio
1101 1843 1182 1911 forte
1198 1843 1251 1910 de-

85 1961 220 2047 linques,
252 1962 316 2029 illis
338 1961 556 2048 imputabitur.
647 1960 768 2028 Habuit
795 1980 918 2046 quoquo
945 1958 1071 2026 tortum
1098 1978 1173 2045 sepe
1202 1978 1252 2025 re·

86 2097 235 2161 gressum.
270 2078 360 2157 Quod
375 2077 467 2143 modo
483 2077 617 2144 inminet
631 2076 701 2160 tibi,
716 2076 749 2142 in
765 2076 910 2162 proximo
931 2074 1075 2142 fortassis
1093 2075 1253 2159 continget

86 2200 116 2260 et
136 2194 238 2263 alteri.
278 2192 351 2259 Ideo
374 2212 437 2259 non
464 2192 560 2257 nimis
588 2191 822 2258 formidandum
846 2197 907 2275 est,
937 2196 973 2257 ut
997 2192 1088 2257 modo
1111 2191 1169 2258 tibi
1191 2192 1251 2258 im·

85 2315 212 2395 ponant,
235 2308 319 2393 quod
342 2308 404 2394 ipsi
426 2308 522 2393 paulo
545 2307 721 2394 posenno
744 2308 950 2391 refragentur.

171 2425 256 2492 Sane
283 2424 429 2512 plurimis
451 2422 596 2490 fidelibus
619 2424 681 2490 tuis
704 2424 738 2489 in
761 2429 918 2490 conventu
940 2422 1074 2491 fratrum
1098 2418 1251 2508 suerunt
1269 2441 1348 2490 sous

85 2539 136 2608 ubi
157 2537 336 2608 ordinatio⁸
351 2541 436 2606 faeta
451 2543 508 2624 ast,
531 2545 564 2606 te
578 2538 612 2606 iu
627 2539 820 2608 audientiam
836 2541 945 2608 venire
960 2539 1053 2624 nolle,
1075 2539 1251 2626 displicuit3

85 2656 298 2742 opinantibus,
321 2656 350 2722 si
372 2655 499 2722 omnino
522 2653 682 2722 infirmare
706 2655 812 2740 velles,
836 2661 868 2722 te
891 2661 1057 2742 praesente
1079 2655 1180 2739 magis
1204 2654 1252 2720 in·

85 2769 202 2838 firmari
225 2772 377 2858 potuisse.

171 2887 236 2955 Sed
251 2888 336 2973 quia,
359 2893 391 2954 te
405 2888 542 2955 donante
559 2923 599 2933 -
617 2885 849 2974 quoquomodo
865 2881 1005 2954 dederis
1023 2921 1064 2931 —
1085 2883 1254 2972 parrochia

86 3003 156 3070 data
178 3010 229 3072 ost
252 3007 298 3086 et,
320 3003 430 3069 multis
453 3003 609 3088 religiosis
632 3022 670 3070 ao
691 3001 922 3069 venerabilibus
945 3001 1022 3068 viris
1046 2999 1253 3088 comproban-

85 3119 177 3202 tibus,
207 3119 365 3187 ordinatio
387 3119 472 3186 iacta
493 3125 552 3202 est,
580 3118 725 3204 quodque
747 3119 845 3186 tantis
869 3118 1046 3186 auctoribus
1070 3117 1253 3184 roboratum

86 3253 120 3302 se
139 3239 247 3302 ratum
270 3235 388 3300 laetum
412 3241 492 3318 est,
510 3233 637 3302 difficile
663 3233 822 3301 annullari
850 3239 882 3301 et
907 3234 1034 3300 irritum
1061 3233 1131 3300 fieri
1157 3233 1252 3317 salet,

85 3351 172 3418 cedat
195 3370 294 3438 queso
317 3351 469 3417 sanctitas
493 3356 548 3416 tna
563 3350 689 3417 illorum
704 3350 876 3434 sanctitati,
900 3350 955 3436 qui
970 3349 1043 3416 huie
1062 3349 1253 3418 ordinationi
1267 3369 1320 3428 pou
1333 3367 1409 3414 noer

86 3467 315 3534 eonsentientes
338 3462 617 3553 subscripserunt⁷.
656 3465 833 3533 Roboretur
856 3471 1053 3550 extenuo,
1083 3465 1165 3550 quod
1188 3467 1253 3532 iam

86 3580 256 3648 multorum
271 3581 490 3666 religiosorum
504 3580 702 3648 oonlirmasit
716 3579 867 3648 oolleotio.
909 3582 1079 3649 Consoribe
1095 3601 1165 3648 oum
1182 3581 1253 3648 aliis

85 3696 279 3784 eoepisoopis
303 3702 335 3764 et
356 3697 565 3765 eoniratribus
589 3698 668 3780 tuis3
696 3717 737 3764 ne
758 3695 815 3764 liat
837 3697 922 3764 intra
949 3704 1076 3766 sanetae
1103 3697 1254 3764 ecelesiae

86 3812 221 3897 parietes
244 3812 358 3880 divisio
381 3813 554 3897 scismatis,
584 3813 640 3880 sed
661 3813 767 3902 potius
790 3813 824 3879 in
846 3813 992 3882 omnibus
1016 3817 1126 3898 regnet
1147 3813 1252 3880 unitas

85 3929 235 3996 sanans.

154 4137 175 4170 a.
199 4119 551 4185 oeqaitnrtueeaeddeletusa.

154 4229 179 4282 1.
198 4226 370 4296 saguntino.
476 4227 502 4282 2.
526 4226 690 4283 Coloniensi
796 4227 822 4283 3.
843 4227 865 4282 Ι.
971 4226 998 4282 4.
1022 4223 1253 4282 Franooiurtensl.

86 4313 111 4367 b.
133 4314 287 4372 Eberhardi
303 4316 317 4370 I
334 4314 612 4387 epBambergeneie.
690 4316 717 4370 6.
735 4315 780 4372 die
799 4315 991 4372 ebremou
1073 4315 1098 4372 7.
1118 4315 1152 4372 V.
1172 4313 1252 4373 Udal·

87 4400 132 4458 riei
150 4403 212 4459 eod.
231 4405 285 4459 ni
303 4405 572 4476 euprepes-30.
