3142 4850
311 307 378 371 486
564 298 569 305 ’
629 324 817 371 nrrsronnn
841 322 1117 372 senseresensere.
1153 322 1188 372 a·

224 498 292 553 1021
312 483 430 567 gelicae
446 482 583 549 stimulo.
616 482 840 550 Huiuscemodi
856 482 993 549 officium
1011 482 1154 567 quamvis
1170 482 1375 550 sacerdotalis
1391 492 1484 568 atque

312 600 530 687 prespiteralis
545 600 683 683 dignitas
700 600 872 665 —aetatis
896 604 990 683 atque
1013 598 1162 665 scientiae
1178 600 1289 665 merito
1308 637 1349 646 —
1369 604 1483 685 teneat,

312 722 417 782 tamen
440 716 597 782 leviticam
621 714 809 798 dignitatem
832 714 1031 798 euangelicae
1054 714 1221 797 legationis
1238 716 1419 782 necessaria
1433 736 1485 782 aa·

312 832 453 917 operatio
477 831 551 897 inde
572 851 637 896 non
660 835 802 917 separat3
827 831 901 915 quia
918 830 1131 917 provectiores
1148 832 1262 916 quique
1278 836 1368 897 tanto
1385 832 1484 914 magis

311 946 455 1031 indigent
478 947 637 1029 adiutorii,
661 950 778 1029 quanto
801 945 984 1011 foecundior
1006 945 1039 1010 in
1063 946 1204 1011 illiserit
1225 946 1482 1013 fructusorandi.

311 1060 402 1128 [inde
430 1061 524 1128 Greci
553 1060 643 1128 valde
678 1060 818 1127 seniores
848 1080 910 1127 non
945 1066 1092 1143 gerontas
1121 1061 1176 1127 sed
1206 1063 1400 1148 prespiteros
1430 1082 1484 1148 aa

313 1177 447 1264 pellant;
476 1156 606 1263 utplus
630 1196 724 1261 quam
749 1196 840 1243 senes
864 1196 932 1244 esse
959 1177 1135 1260 insinuent,
1165 1198 1243 1262 quos
1273 1179 1484 1263 provectiores

312 1296 435 1358 vocant.
469 1291 624 1379 Exemplo
647 1292 744 1375 igitur
766 1291 881 1358 levitae
897 1288 1067 1379 Stephani¹
1087 1294 1120 1359 in
1145 1291 1334 1359 adiutorium
1358 1292 1484 1359 illorum

313 1406 422 1475 ordine
433 1428 571 1492 congruo
583 1408 741 1492 eliguntur
754 1407 888 1492 diaconi,
904 1414 939 1473 ut
950 1408 1060 1475 senilis
1075 1410 1242 1475 maturitas
1255 1414 1344 1475 tante
1355 1408 1484 1475 liberine

313 1524 455 1607 quiescat
475 1524 509 1589 in
532 1524 686 1590 exercicio
704 1524 788 1590 vitae
810 1524 1011 1608 theoreticae,
1036 1530 1153 1610 quanto
1176 1526 1350 1591 vivaciores
1373 1544 1485 1611 coope-

312 1645 434 1705 ratores
462 1638 558 1706 habet
584 1640 619 1705 in
649 1638 805 1705 adiutorio
833 1640 1000 1725 practicae.
1098 1639 1230 1706 Cessent
1258 1640 1355 1723 igitur
1382 1640 1484 1705 ordini

312 1755 438 1821 levitico
460 1753 565 1822 officia
586 1774 736 1821 concessa
756 1774 888 1839 negare,
916 1757 970 1840 qni
993 1756 1119 1823 ordines
1141 1757 1228 1842 ipsos
1252 1757 1414 1823 nesciunt·
1437 1756 1484 1822 in

313 1867 484 1937 tellectuali
507 1870 695 1937 discretione
724 1868 918 1951 discernere;
949 1876 981 1938 et
1010 1870 1146 1938 sufficiat
1173 1870 1237 1937 illis
1266 1871 1394 1937 oculosa
1420 1872 1483 1937 dis·

313 1988 422 2070 cretio,
446 2006 526 2071 qnae
548 1984 727 2051 discerncre
749 1986 835 2071 sapit
858 1985 963 2052 album
987 2006 1006 2052 a
1028 1988 1130 2069 nigro.

403 2092 490 2167 Haec
510 2102 584 2166 inde
598 2122 661 2167 non
677 2100 790 2185 scribo,
815 2109 851 2167 ut
872 2102 979 2186 iugum
995 2101 1124 2168 Domini
1147 2122 1243 2169 snare
1266 2106 1298 2168 et
1320 2122 1400 2167 onus
1419 2103 1486 2169 eius

313 2212 399 2284 leve¹
421 2236 523 2302 prone
545 2216 738 2284 recalcitrem
763 2218 883 2283 cervice
906 2217 1027 2299 subire;
1057 2218 1147 2303 quia,
1172 2218 1315 2301 quamvis
1339 2218 1412 2284 inde
1435 2238 1487 2283 ma

314 2332 506 2398 conscientia
528 2332 650 2419 peceati
673 2333 846 2417 deterreat,
875 2352 947 2419 spes
970 2340 1077 2399 tamen
1100 2334 1225 2399 divinae
1251 2334 1487 2400 misericordiae

314 2469 513 2534 nequequam
537 2449 692 2515 adducere
714 2457 825 2516 cessat.
861 2449 920 2516 Est
942 2451 1025 2516 enim
1045 2449 1216 2516 consolatio
1239 2469 1355 2533 magna
1379 2450 1488 2536 poeni-

314 2565 463 2648 tentibus,
487 2564 561 2648 quia
583 2565 689 2630 suavis
710 2572 760 2630 ast
773 2565 929 2632 Dominus
952 2566 1108 2632 universis
1132 2571 1163 2631 et
1177 2567 1396 2633 miserationes
1419 2568 1488 2632 eins

315 2701 410 2768 snper
432 2661 538 2746 omnia
560 2701 658 2764 opera
681 2676 775 2747 eius⁸.
810 2681 860 2747 Ex
884 2682 972 2747 onius
997 2682 1194 2748 ordinatione
1211 2681 1238 2748 si
1254 2701 1404 2770 nmquam
1422 2701 1489 2748 me-

315 2797 408 2864 rebor
423 2796 544 2864 altioris
561 2796 680 2862 ordinis
696 2797 798 2878 mado
814 2797 988 2882 sublimari,
1010 2797 1160 2864 adhereat
1178 2797 1288 2881 lingua
1301 2818 1373 2864 mea
1388 2795 1490 2864 fanci-

315 2914 373 2981 bus
396 2892 541 2996 meis,si
563 2932 627 2977 nen
651 2914 823 2978 meminere
848 2909 910 2978 tui⁴
934 2919 1122 2999 tuarumque
1145 2913 1432 2980 misericordiarum
1457 2915 1491 2980 in

315 3036 459 3115 tempore
486 3007 607 3094 dierum
638 3047 791 3094 meorum.
837 3028 951 3095 Dulcia
980 3036 1053 3096 sunt
1082 3029 1225 3096 faucibus
1254 3031 1332 3095 meis
1362 3029 1493 3114 eloquia

316 3141 473 3227 Domini‘,
496 3143 567 3210 ideo
591 3163 661 3209 cum
685 3143 747 3208 illis
770 3144 897 3230 saepius
914 3147 1015 3212 tecum
1033 3151 1147 3232 exopto
1163 3146 1315 3227 saturari3
1338 3145 1491 3230 quoniam

317 3259 443 3346 quidem
465 3259 512 3325 ita
533 3264 625 3325 tuum
648 3259 790 3325 desidero
815 3259 905 3326 dulce
929 3244 1128 3345 colloquium,
1153 3260 1416 3346 quemadmodum
1436 3261 1493 3328 de-

317 3373 436 3442 siderat
460 3394 570 3441 cervus
594 3375 634 3440 ad
656 3376 759 3441 fontes
782 3373 962 3460 aquarum.

363 3501 368 3519 ¹
405 3489 478 3556 Ideo
502 3490 628 3576 saepius
652 3494 754 3556 tecum
778 3491 939 3576 colloquor
960 3491 1066 3576 lingue
1095 3491 1299 3560 litterationis
1328 3492 1434 3560 cordis
1460 3497 1495 3561 in

318 3605 448 3690 angulo,
484 3607 558 3690 quia
586 3625 650 3671 non
685 3609 832 3673 convenit
859 3608 1008 3673 rusticam
1039 3627 1207 3694 personam
1235 3595 1321 3694 loqui
1348 3609 1493 3696 palaei03

317 3727 534 3788 verumtamen
558 3721 716 3789 interdum
740 3724 811 3809 ipsa
826 3723 986 3791 rusticitas
1004 3724 1177 3791 oblationes
1192 3723 1289 3792 hebet
1302 3723 1407 3791 minus
1432 3747 1494 3812 pro

317 3844 403 3904 certo
427 3836 631 3923 spernendas.
671 3837 743 3903 Non
766 3840 850 3904 enim
880 3845 1046 3926 spernetur
1068 3840 1201 3923 oblatio,
1232 3860 1325 3925 quam
1356 3843 1494 3926 porrigit

318 3955 443 4020 sincera
470 3951 610 4035 devoti03
639 3973 712 4019 nam
742 3954 861 4037 agnitio
890 3954 1084 4042 ponderosae
1113 3955 1284 4022 voluntatis
1312 3957 1494 4044 preponde-

390 4092 411 4124 ι.
433 4079 531 4124 nescnnt
545 4075 595 4124 cod

389 4166 415 4218 1.
433 4164 467 4219 V.
481 4163 544 4220 Act.
556 4167 646 4232 apost.
660 4165 685 4233 6,
698 4165 724 4218 5.
797 4167 823 4220 a.
842 4163 937 4220 Mattn
948 4167 990 4234 11,
1003 4165 1052 4220 30:
1073 4165 1187 4234 ,iugum
1202 4167 1274 4222 anim
1292 4182 1385 4222 roenna
1403 4182 1492 4224 artavo

318 4255 506 4306 eatetenus
530 4267 621 4308 meum
645 4251 738 4308 leve“.
854 4255 880 4308 3.
903 4253 948 4308 Ps.
964 4254 1028 4322 144,
1048 4255 1079 4308 9:
1099 4253 1220 4325 ,Suavis
1239 4285 1271 4295 -
1291 4271 1376 4326 opera
1398 4257 1488 4312 ciua“.

317 4341 344 4394 4.
370 4340 415 4394 Pa.
430 4339 490 4408 136,
509 4341 539 4394 6:
559 4340 734 4411 „adhaereat
750 4341 890 4410 lingna-
907 4342 1056 4398 meminero
1074 4342 1141 4398 tui“.
1237 4347 1262 4399 5.
1286 4345 1331 4399 Pa.
1346 4347 1404 4414 118,
1423 4346 1487 4400 103:

320 4424 436 4501 „Dulcia
448 4455 481 4468 -·
495 4429 605 4501 eloquia
621 4429 696 4489 tua“.
777 4432 803 4485 6.
823 4431 869 4487 Pa.
880 4431 924 4502 41,
942 4433 973 4487 2:
994 4431 1241 4504 ,quemadmodum
1255 4463 1286 4474 ·-
1302 4434 1459 4506 aquarum“.
