3142 4850
424 341 593 390 unanarcr
614 341 741 391 connx.
777 337 822 392 et.
835 338 870 390 es
1169 325 1230 390 187

76 501 258 587 mancipetur
278 503 398 568 usibus
432 503 561 570 Etenim
581 503 716 568 fratrem
736 505 881 569 nostrum
896 501 934 568 G.
951 501 1058 570 taliter
1074 501 1232 570 beneficiio
1250 516 1354 572 o.1101

75 615 254 702 impulimus,
276 623 314 684 ut
333 618 439 685 nullus
460 619 496 684 in
517 619 577 686 hac
600 624 691 705 parte
713 618 946 684 controversiae
968 623 1076 704 pateat
1097 618 1195 685 locns.

152 731 264 798 Postea
278 753 352 800 uero
374 754 468 818 quam
492 735 551 801 ad·
570 735 605 800 id
626 733 688 800 loci
711 753 827 816 magno
843 734 1007 800 conamine
1023 739 1150 800 ventum
1175 739 1233 815 est,
1277 757 1282 766 ·

74 848 206 930 protinus
233 850 424 916 conhahem
447 856 590 917 noshum
613 848 654 916 ll.
674 849 708 914 iu
730 847 793 914 lide
815 853 991 935 spectatum
1014 849 1073 914 tibi
1096 847 1234 914 destina·

74 962 180 1044 simum
202 964 252 1028 cni
274 965 370 1030 etiam
395 965 520 1048 signnm
546 965 632 1030 inter
654 983 713 1030 nos
728 963 917 1049 condictum,
939 964 1133 1050 repositione
1148 963 1234 1030 vide·

73 1076 137 1142 licet
157 1079 277 1145 sinistri
300 1079 424 1165 pollicis
446 1081 482 1146 in
504 1085 561 1146 tua
583 1080 715 1147 dextera
737 1099 772 1146 se
795 1079 1021 1164 concludentis,
1045 1079 1234 1162 satisergu·

72 1199 201 1259 neumae
223 1194 435 1279 designantes,
458 1215 517 1282 per
538 1195 633 1262 fidem
655 1195 864 1262 fraternitatis
887 1196 1035 1264 obtestati
1055 1215 1173 1278 sumus,
1199 1201 1234 1261 ut

73 1310 245 1393 quantocius
267 1316 300 1376 te
322 1311 441 1377 nostris
463 1315 682 1397 praesentaret
704 1312 894 1398 aspectibus.
936 1310 1040 1395 Quod,
1071 1317 1107 1376 ut
1129 1311 1232 1376 exitus

72 1423 160 1505 docet,
184 1445 276 1492 secus
290 1428 395 1492 cessit
433 1425 526 1509 Nam,
549 1426 605 1492 sliu
627 1433 822 1513 expectatus,
846 1447 904 1494 neo
924 1427 1019 1495 rediit
1040 1445 1098 1493 neo
1114 1425 1232 1510 aliquid

72 1540 139 1604 certi
165 1541 203 1606 de
232 1549 267 1607 ta
293 1542 502 1610 renunciavit
538 1541 676 1610 Proinde
705 1542 792 1610 dubii
821 1548 853 1611 et
887 1543 974 1610 anxii
1003 1542 1142 1626 legatum
1169 1561 1234 1609 non

71 1654 163 1720 minos
184 1657 335 1722 idoneum
348 1658 383 1722 in
398 1657 483 1724 idem
497 1658 688 1728 secrevimus
702 1659 876 1743 negotium,
900 1660 953 1743 qui
968 1658 1133 1742 maturius,
1158 1657 1233 1742 quid

70 1768 174 1836 habeas
196 1773 312 1856 animi,
342 1793 407 1840 non
428 1779 577 1857 marmor
599 1774 749 1860 experiri
780 1773 856 1858 Eia,
887 1775 1038 1860 abrumpe
1062 1792 1166 1842 moras
1190 1777 1231 1856 et,

70 1889 175 1952 nostris
196 1888 359 1955 beneficiis
373 1889 591 1974 cumulandus,
614 1895 741 1958 nocuae
760 1891 969 1958 fraternitatis
991 1889 1076 1956 ocius
1093 1889 1232 1956 inserere

69 2002 239 2070 visceribus.
276 2002 365 2070 Vale.

73 2325 513 2400 98.⁸su1uuzolinum·¹
536 2334 583 2400 dc
611 2332 784 2400 vocibus.
1113 2333 1152 2416 (E
1169 2333 1182 2400 l
1199 2336 1232 2417 6)

189 2465 288 2550 Quas,
311 2465 486 2549 Ruzilinei,
509 2467 613 2551 doces,
636 2486 701 2533 non
722 2466 791 2534 vult
814 2465 995 2533 dialectica·
1018 2486 1120 2553 voees,
1250 2476 1355 2531 o.1100

188 2582 331 2667 Iamque,
354 2581 464 2648 dolens
486 2582 526 2647 de
548 2602 593 2665 se,
617 2602 681 2649 non
704 2581 773 2649 uult
794 2583 829 2647 in
851 2582 979 2649 vocibus
1003 2604 1087 2667 essc;

189 2698 253 2765 Res
278 2700 376 2780 amat,
399 2698 433 2763 in
456 2697 550 2766 rebus
573 2699 694 2765 conctis
717 2696 786 2765 vult
808 2718 876 2765 osse
900 2698 1018 2767 diebus.

188 2814 278 2881 Voce
300 2818 504 2881 retractetur:
528 2834 581 2881 res
603 2814 655 2897 sii,
679 2814 764 2899 quod
779 2834 856 2881 soce
880 2814 1018 2883 docetur.

152 2948 166 2995 s
187 2930 303 2998 Plorat
322 2929 516 3013 Aristoblen,
539 2949 634 3013 rugas
656 2930 798 2998 uomodo
821 2929 947 3015 seniles,

187 3046 251 3115 lies
276 3046 338 3113 sibi
360 3046 547 3129 subtractas,
570 3066 629 3132 per
651 3065 743 3113 seces
764 3045 960 3131 intitulatam

187 3160 406 3246 Porfirinsque
427 3161 536 3245 gemit,
564 3162 640 3245 quia
660 3182 711 3229 res
734 3162 795 3229 sibi
817 3162 916 3229 lector
938 3163 1071 3245 ademit3

188 3278 250 3356 Qui
274 3296 328 3343 res
352 3277 486 3361 abrodit,
509 3276 670 3360 Ruseline,
693 3276 822 3343 Boetius
846 3278 922 3345 odit.

186 3392 261 3459 Non
286 3393 480 3476 argumentis
501 3390 650 3478 nulloque
673 3392 866 3479 sophismate
889 3394 998 3478 sentis,

137 3529 166 3575 ro
186 3509 250 3575 Rea
274 3508 447 3575 existentes
469 3510 502 3573 in
525 3509 653 3575 vocibus
676 3528 751 3575 esse.
767 3514 940 3577 manentes.

127 3744 308 3795 amasses
385 3746 775 3808 h.sae’1c·-s‚zpa-a.
845 3736 1065 3795 subornans.
1140 3748 1232 3797 sua·

69 3821 170 3874 romeu
265 3826 458 3873 e.d'mletical'.

129 3948 152 4000 1.
169 3947 212 4002 De
229 3946 365 4002 Buaelinc
389 3962 410 4001 s.
428 3946 574 4003 Rosoeiinc
599 3948 730 4003 canonico
755 3946 966 4018 compendiensi
990 3948 1025 4005 ci.
1043 3950 1114 4005 Hist.
1134 3949 1172 4003 lit.
1191 3948 1230 4003 lx

69 4030 113 4086 358
129 4050 186 4104 squ.
205 4042 234 4090 et
251 4036 384 4089 Haereau
403 4034 445 4089 De
463 4036 490 4089 la
507 4034 679 4104 philosophie
702 4036 867 4107 scolastique
886 4038 899 4092 I
919 4038 969 4093 171
990 4053 1049 4107 squ.
1076 4036 1155 4104 (Otto
1174 4036 1231 4091 Fri·

69 4118 128 4188 sing.
146 4123 230 4179 Gesta
247 4122 324 4178 Friul.
338 4122 395 4178 L.l
413 4138 437 4178 c.
450 4124 500 4179 472
521 4122 695 4192 ,Roneiinum
710 4125 803 4193 -qui
821 4126 925 4195 primus
944 4126 1043 4181 nostris
1062 4126 1231 4195 temporibus

69 4205 189 4279 iniogica
207 4212 375 4268 mamutium
393 4226 492 4267 vocum
510 4212 666 4278 institnit‘).
