<?xml version="1.0" encoding="UTF-8"?>
<!DOCTYPE html PUBLIC "-//W3C//DTD XHTML 1.0 Transitional//EN"
    "http://www.w3.org/TR/xhtml1/DTD/xhtml1-transitional.dtd">
<html xmlns="http://www.w3.org/1999/xhtml" xml:lang="en" lang="en">
 <head>
  <title>
</title>
<meta http-equiv="Content-Type" content="text/html;charset=utf-8" />
  <meta name='ocr-system' content='tesseract 3.04.00' />
  <meta name='ocr-capabilities' content='ocr_page ocr_carea ocr_par ocr_line ocrx_word'/>
</head>
<body>
  <div class='ocr_page' id='page_1' title='image "./bibliothecareru06jaffgoog_0139.png"; bbox 0 0 3142 4850; ppageno 0'>
   <div class='ocr_carea' id='block_1_1' title="bbox 316 288 1126 358">
    <p class='ocr_par' dir='ltr' id='par_1_1' title="bbox 316 288 1126 358">
     <span class='ocr_line' id='line_1_1' title="bbox 316 288 1126 358; baseline 0 -2"><span class='ocrx_word' id='word_1_1' title='bbox 316 288 380 356; x_wconf 76' lang='lat'>122</span> <span class='ocrx_word' id='word_1_2' title='bbox 684 307 851 358; x_wconf 77' lang='lat' dir='ltr'>uniamur</span> <span class='ocrx_word' id='word_1_3' title='bbox 871 307 1000 358; x_wconf 77' lang='lat' dir='ltr'>oonnx.</span> <span class='ocrx_word' id='word_1_4' title='bbox 1033 303 1078 356; x_wconf 86' lang='lat' dir='ltr'>se.</span> <span class='ocrx_word' id='word_1_5' title='bbox 1089 301 1126 356; x_wconf 79' lang='lat' dir='ltr'>st</span> 
     </span>
    </p>
   </div>
   <div class='ocr_carea' id='block_1_2' title="bbox 147 463 1488 552">
    <p class='ocr_par' dir='ltr' id='par_1_2' title="bbox 147 463 1488 552">
     <span class='ocr_line' id='line_1_2' title="bbox 147 463 1488 552; baseline -0.001 -17"><span class='ocrx_word' id='word_1_6' title='bbox 147 479 299 536; x_wconf 77' lang='lat' dir='ltr'>inserere</span> <span class='ocrx_word' id='word_1_7' title='bbox 313 465 392 552; x_wconf 85' lang='lat' dir='ltr'>ipsis</span> <span class='ocrx_word' id='word_1_8' title='bbox 419 463 613 551; x_wconf 78' lang='lat' dir='ltr'>effitiantur,</span> <span class='ocrx_word' id='word_1_9' title='bbox 641 465 696 552; x_wconf 77' lang='lat' dir='ltr'>qui</span> <span class='ocrx_word' id='word_1_10' title='bbox 725 465 809 536; x_wconf 82' lang='lat' dir='ltr'>haue</span> <span class='ocrx_word' id='word_1_11' title='bbox 830 467 864 533; x_wconf 85' lang='lat' dir='ltr'>iu</span> <span class='ocrx_word' id='word_1_12' title='bbox 885 465 1020 534; x_wconf 68' lang='lat' dir='ltr'>adesis</span> <span class='ocrx_word' id='word_1_13' title='bbox 1047 464 1109 534; x_wconf 83' lang='lat' dir='ltr'>Dei</span> <span class='ocrx_word' id='word_1_14' title='bbox 1135 465 1289 550; x_wconf 86' lang='lat' dir='ltr'>heresim,</span> <span class='ocrx_word' id='word_1_15' title='bbox 1318 465 1403 532; x_wconf 79' lang='lat' dir='ltr'>siout</span> <span class='ocrx_word' id='word_1_16' title='bbox 1423 466 1488 534; x_wconf 81' lang='lat' dir='ltr'>esai</span> 
     </span>
    </p>
   </div>
   <div class='ocr_carea' id='block_1_3' title="bbox 153 2904 295 3086">
    <p class='ocr_par' dir='ltr' id='par_1_3' title="bbox 153 2904 295 3086">
     <span class='ocr_line' id='line_1_3' title="bbox 191 2904 261 2959; baseline -0.014 0"><span class='ocrx_word' id='word_1_17' title='bbox 191 2904 261 2959; x_wconf 72' lang='lat'>1078</span> 
     </span>
     <span class='ocr_line' id='line_1_4' title="bbox 153 2976 295 3024; baseline -0.007 0"><span class='ocrx_word' id='word_1_18' title='bbox 153 2976 220 3024; x_wconf 78' lang='lat' dir='ltr'>Febr.</span> <span class='ocrx_word' id='word_1_19' title='bbox 230 2978 259 3024; x_wconf 78' lang='lat' dir='ltr'>at</span> <span class='ocrx_word' id='word_1_20' title='bbox 272 3000 295 3009; x_wconf 90' lang='lat'>-</span> 
     </span>
     <span class='ocr_line' id='line_1_5' title="bbox 181 3039 270 3086; baseline -0.011 0"><span class='ocrx_word' id='word_1_21' title='bbox 181 3039 247 3086; x_wconf 80' lang='lat' dir='ltr'>llari.</span> <span class='ocrx_word' id='word_1_22' title='bbox 256 3041 270 3085; x_wconf 87' lang='lat' dir='ltr'>a</span> 
     </span>
    </p>
   </div>
   <div class='ocr_carea' id='block_1_4' title="bbox 208 3834 298 3882">
    <p class='ocr_par' dir='ltr' id='par_1_4' title="bbox 208 3834 298 3882">
     <span class='ocr_line' id='line_1_6' title="bbox 208 3834 298 3882; baseline 0.011 -1"><span class='ocrx_word' id='word_1_23' title='bbox 208 3834 274 3881; x_wconf 78' lang='lat' dir='ltr'>liert.</span> <span class='ocrx_word' id='word_1_24' title='bbox 284 3837 298 3882; x_wconf 77' lang='grc'><strong>8</strong></span> 
     </span>
    </p>
   </div>
   <div class='ocr_carea' id='block_1_5' title="bbox 312 579 1492 2615">
    <p class='ocr_par' dir='ltr' id='par_1_5' title="bbox 312 579 1489 996">
     <span class='ocr_line' id='line_1_7' title="bbox 314 579 1489 667; baseline -0.001 -19"><span class='ocrx_word' id='word_1_25' title='bbox 314 580 409 648; x_wconf 82' lang='lat' dir='ltr'>dures</span> <span class='ocrx_word' id='word_1_26' title='bbox 430 591 520 646; x_wconf 84' lang='lat' dir='ltr'>reos·</span> <span class='ocrx_word' id='word_1_27' title='bbox 543 581 780 663; x_wconf 66' lang='lat' dir='ltr'>machinantem</span> <span class='ocrx_word' id='word_1_28' title='bbox 802 588 841 648; x_wconf 88' lang='lat' dir='ltr'>ut</span> <span class='ocrx_word' id='word_1_29' title='bbox 854 581 1001 649; x_wconf 83' lang='lat' dir='ltr'>videlieet</span> <span class='ocrx_word' id='word_1_30' title='bbox 1014 580 1094 648; x_wconf 90' lang='lat' dir='ltr'>illud</span> <span class='ocrx_word' id='word_1_31' title='bbox 1108 581 1278 667; x_wconf 85' lang='lat' dir='ltr'>inpleatur,</span> <span class='ocrx_word' id='word_1_32' title='bbox 1301 580 1386 666; x_wconf 90' lang='lat' dir='ltr'>qnod</span> <span class='ocrx_word' id='word_1_33' title='bbox 1402 579 1489 667; x_wconf 87' lang='lat' dir='ltr'>psal-</span> 
     </span>
     <span class='ocr_line' id='line_1_8' title="bbox 313 696 1488 784; baseline -0.003 -18"><span class='ocrx_word' id='word_1_34' title='bbox 313 697 409 767; x_wconf 82' lang='lat' dir='ltr'>mista</span> <span class='ocrx_word' id='word_1_35' title='bbox 437 697 499 780; x_wconf 91' lang='lat' dir='ltr'>eis,</span> <span class='ocrx_word' id='word_1_36' title='bbox 527 701 639 784; x_wconf 88' lang='lat' dir='ltr'>utpote</span> <span class='ocrx_word' id='word_1_37' title='bbox 667 714 775 764; x_wconf 86' lang='lat' dir='ltr'>eorum</span> <span class='ocrx_word' id='word_1_38' title='bbox 804 697 967 782; x_wconf 86' lang='lat' dir='ltr'>praesoius</span> <span class='ocrx_word' id='word_1_39' title='bbox 976 697 1123 780; x_wconf 74' lang='lat' dir='ltr'>erroris,</span> <span class='ocrx_word' id='word_1_40' title='bbox 1151 696 1258 764; x_wconf 82' lang='lat' dir='ltr'>taliter</span> <span class='ocrx_word' id='word_1_41' title='bbox 1279 698 1488 784; x_wconf 78' lang='lat' dir='ltr'>impteretur:</span> 
     </span>
     <span class='ocr_line' id='line_1_9' title="bbox 316 813 1489 900; baseline 0 -20"><span class='ocrx_word' id='word_1_42' title='bbox 316 813 528 880; x_wconf 75' lang='lat' dir='ltr'>Obearoeetur</span> <span class='ocrx_word' id='word_1_43' title='bbox 551 814 636 880; x_wconf 77' lang='lat' dir='ltr'>ooale&#39;</span> <span class='ocrx_word' id='word_1_44' title='bbox 657 835 775 893; x_wconf 74' lang='lat' dir='ltr'>serora,</span> <span class='ocrx_word' id='word_1_45' title='bbox 797 832 839 878; x_wconf 75' lang='lat' dir='ltr'>ae</span> <span class='ocrx_word' id='word_1_46' title='bbox 859 814 1004 889; x_wconf 62' lang='lat' dir='ltr'>uideam</span> <span class='ocrx_word' id='word_1_47' title='bbox 1033 826 1063 880; x_wconf 81' lang='lat' dir='ltr'>ot</span> <span class='ocrx_word' id='word_1_48' title='bbox 1084 815 1214 880; x_wconf 72' lang='lat' dir='ltr'>dorem</span> <span class='ocrx_word' id='word_1_49' title='bbox 1237 835 1347 879; x_wconf 75' lang='lat' dir='ltr'>eoram</span> <span class='ocrx_word' id='word_1_50' title='bbox 1367 835 1489 900; x_wconf 75' lang='lat' dir='ltr'>renaper</span> 
     </span>
     <span class='ocr_line' id='line_1_10' title="bbox 312 923 471 996; baseline -0.019 0"><span class='ocrx_word' id='word_1_51' title='bbox 312 931 446 996; x_wconf 59' lang='lat' dir='ltr'>moeros</span> <span class='ocrx_word' id='word_1_52' title='bbox 454 923 471 993; x_wconf 91' lang='lat'>¹.</span> 
     </span>
    </p>

    <p class='ocr_par' dir='ltr' id='par_1_6' title="bbox 312 1041 1492 2615">
     <span class='ocr_line' id='line_1_11' title="bbox 402 1041 1488 1129; baseline -0.002 -20"><span class='ocrx_word' id='word_1_53' title='bbox 402 1041 484 1121; x_wconf 88' lang='lat' dir='ltr'>Quia</span> <span class='ocrx_word' id='word_1_54' title='bbox 505 1061 579 1126; x_wconf 74' lang='lat' dir='ltr'>ergo</span> <span class='ocrx_word' id='word_1_55' title='bbox 602 1063 706 1128; x_wconf 89' lang='lat' dir='ltr'>nemo,</span> <span class='ocrx_word' id='word_1_56' title='bbox 729 1043 803 1128; x_wconf 63' lang='lat' dir='ltr'>quil</span> <span class='ocrx_word' id='word_1_57' title='bbox 826 1049 859 1112; x_wconf 87' lang='lat' dir='ltr'>te</span> <span class='ocrx_word' id='word_1_58' title='bbox 880 1042 1089 1129; x_wconf 82' lang='lat' dir='ltr'>oapostolioe</span> <span class='ocrx_word' id='word_1_59' title='bbox 1109 1043 1209 1126; x_wconf 83' lang='lat' dir='ltr'>norit,</span> <span class='ocrx_word' id='word_1_60' title='bbox 1231 1043 1369 1127; x_wconf 77' lang='lat' dir='ltr'>ignorat,</span> <span class='ocrx_word' id='word_1_61' title='bbox 1390 1041 1488 1127; x_wconf 82' lang='lat' dir='ltr'>quod,</span> 
     </span>
     <span class='ocr_line' id='line_1_12' title="bbox 313 1158 1489 1244; baseline -0.001 -19"><span class='ocrx_word' id='word_1_62' title='bbox 313 1159 342 1226; x_wconf 90' lang='lat' dir='ltr'>si</span> <span class='ocrx_word' id='word_1_63' title='bbox 371 1163 407 1224; x_wconf 88' lang='lat' dir='ltr'>tu</span> <span class='ocrx_word' id='word_1_64' title='bbox 435 1175 493 1244; x_wconf 90' lang='lat' dir='ltr'>per</span> <span class='ocrx_word' id='word_1_65' title='bbox 521 1159 569 1225; x_wconf 90' lang='lat' dir='ltr'>tui</span> <span class='ocrx_word' id='word_1_66' title='bbox 595 1158 713 1226; x_wconf 75' lang='lat' dir='ltr'>decreti</span> <span class='ocrx_word' id='word_1_67' title='bbox 746 1159 939 1228; x_wconf 79' lang='lat' dir='ltr'>senteutiam·</span> <span class='ocrx_word' id='word_1_68' title='bbox 971 1163 1093 1226; x_wconf 86' lang='lat' dir='ltr'>tantam</span> <span class='ocrx_word' id='word_1_69' title='bbox 1121 1158 1261 1226; x_wconf 83' lang='lat' dir='ltr'>futuram</span> <span class='ocrx_word' id='word_1_70' title='bbox 1290 1177 1362 1225; x_wconf 88' lang='lat' dir='ltr'>ease</span> <span class='ocrx_word' id='word_1_71' title='bbox 1389 1158 1489 1244; x_wconf 88' lang='lat' dir='ltr'>pesti·</span> 
     </span>
     <span class='ocr_line' id='line_1_13' title="bbox 312 1273 1488 1360; baseline 0.001 -21"><span class='ocrx_word' id='word_1_72' title='bbox 312 1273 445 1342; x_wconf 88' lang='lat' dir='ltr'>lentiam</span> <span class='ocrx_word' id='word_1_73' title='bbox 479 1273 608 1344; x_wconf 80' lang='lat' dir='ltr'>solitae⁰</span> <span class='ocrx_word' id='word_1_74' title='bbox 643 1274 842 1342; x_wconf 72' lang='lat' dir='ltr'><strong>discretionis</strong></span> <span class='ocrx_word' id='word_1_75' title='bbox 875 1273 1020 1342; x_wconf 76' lang='lat' dir='ltr'>ilaritate</span> <span class='ocrx_word' id='word_1_76' title='bbox 1051 1275 1285 1360; x_wconf 76' lang='lat' dir='ltr'>perspexisses,</span> <span class='ocrx_word' id='word_1_77' title='bbox 1323 1293 1488 1358; x_wconf 87' lang='lat' dir='ltr'>nunquam</span> 
     </span>
     <span class='ocr_line' id='line_1_14' title="bbox 314 1387 1489 1476; baseline 0 -20"><span class='ocrx_word' id='word_1_78' title='bbox 314 1387 526 1474; x_wconf 87' lang='lat' dir='ltr'>quorumlibet</span> <span class='ocrx_word' id='word_1_79' title='bbox 547 1395 612 1456; x_wconf 87' lang='lat' dir='ltr'>tam</span> <span class='ocrx_word' id='word_1_80' title='bbox 635 1390 743 1476; x_wconf 79' lang='lat' dir='ltr'>pravis</span> <span class='ocrx_word' id='word_1_81' title='bbox 765 1389 1019 1474; x_wconf 54' lang='lat' dir='ltr'>ingestionibus</span> <span class='ocrx_word' id='word_1_82' title='bbox 1041 1389 1271 1473; x_wconf 86' lang='lat' dir='ltr'>eonsensisses,</span> <span class='ocrx_word' id='word_1_83' title='bbox 1299 1387 1407 1456; x_wconf 86' lang='lat' dir='ltr'>debite</span> <span class='ocrx_word' id='word_1_84' title='bbox 1428 1388 1489 1456; x_wconf 87' lang='lat' dir='ltr'>titi</span> 
     </span>
     <span class='ocr_line' id='line_1_15' title="bbox 313 1502 1489 1574; baseline -0.003 0"><span class='ocrx_word' id='word_1_85' title='bbox 313 1504 515 1574; x_wconf 79' lang='lat' dir='ltr'>satieotiouis</span> <span class='ocrx_word' id='word_1_86' title='bbox 538 1502 689 1574; x_wconf 78' lang='lat' dir='ltr'>fidelitate</span> <span class='ocrx_word' id='word_1_87' title='bbox 712 1505 921 1572; x_wconf 82' lang='lat' dir='ltr'>oonsulimus:</span> <span class='ocrx_word' id='word_1_88' title='bbox 944 1510 982 1572; x_wconf 88' lang='lat' dir='ltr'>at</span> <span class='ocrx_word' id='word_1_89' title='bbox 1003 1503 1055 1572; x_wconf 83' lang='lat' dir='ltr'>vel</span> <span class='ocrx_word' id='word_1_90' title='bbox 1074 1525 1160 1572; x_wconf 86' lang='lat' dir='ltr'>nuno</span> <span class='ocrx_word' id='word_1_91' title='bbox 1182 1505 1223 1572; x_wconf 85' lang='lat' dir='ltr'>ad</span> <span class='ocrx_word' id='word_1_92' title='bbox 1242 1505 1325 1571; x_wconf 90' lang='lat' dir='ltr'>tanti</span> <span class='ocrx_word' id='word_1_93' title='bbox 1346 1503 1489 1572; x_wconf 79' lang='lat' dir='ltr'>scandali</span> 
     </span>
     <span class='ocr_line' id='line_1_16' title="bbox 314 1619 1489 1707; baseline -0.003 -18"><span class='ocrx_word' id='word_1_94' title='bbox 314 1619 355 1689; x_wconf 82' lang='lat' dir='ltr'>ab</span> <span class='ocrx_word' id='word_1_95' title='bbox 374 1619 508 1688; x_wconf 89' lang='lat' dir='ltr'>eoolesia</span> <span class='ocrx_word' id='word_1_96' title='bbox 522 1619 583 1686; x_wconf 91' lang='lat' dir='ltr'>Dei</span> <span class='ocrx_word' id='word_1_97' title='bbox 605 1620 843 1707; x_wconf 87' lang='lat' dir='ltr'>propulsionem</span> <span class='ocrx_word' id='word_1_98' title='bbox 864 1620 1009 1704; x_wconf 74' lang='lat' dir='ltr'>erigilee3</span> <span class='ocrx_word' id='word_1_99' title='bbox 1031 1626 1154 1706; x_wconf 77' lang='lat' dir='ltr'>siper,</span> <span class='ocrx_word' id='word_1_100' title='bbox 1177 1619 1291 1706; x_wconf 63' lang='lat' dir='ltr'>qaam*</span> <span class='ocrx_word' id='word_1_101' title='bbox 1304 1620 1400 1703; x_wconf 86' lang='lat' dir='ltr'>nosti,</span> <span class='ocrx_word' id='word_1_102' title='bbox 1423 1619 1489 1685; x_wconf 86' lang='lat' dir='ltr'>dia·</span> 
     </span>
     <span class='ocr_line' id='line_1_17' title="bbox 314 1734 1489 1822; baseline -0.002 -18"><span class='ocrx_word' id='word_1_103' title='bbox 314 1735 461 1804; x_wconf 72' lang='lat' dir='ltr'>cretionis</span> <span class='ocrx_word' id='word_1_104' title='bbox 490 1734 705 1822; x_wconf 74' lang='lat' dir='ltr'>disciplinam,</span> <span class='ocrx_word' id='word_1_105' title='bbox 733 1736 946 1822; x_wconf 74' lang='lat' dir='ltr'>pharisaicam</span> <span class='ocrx_word' id='word_1_106' title='bbox 973 1735 1015 1803; x_wconf 88' lang='lat' dir='ltr'>ab</span> <span class='ocrx_word' id='word_1_107' title='bbox 1043 1735 1120 1803; x_wconf 88' lang='lat' dir='ltr'>ovili</span> <span class='ocrx_word' id='word_1_108' title='bbox 1140 1735 1202 1802; x_wconf 90' lang='lat' dir='ltr'>Dei</span> <span class='ocrx_word' id='word_1_109' title='bbox 1230 1735 1388 1821; x_wconf 73' lang='lat' dir='ltr'>exstirpes</span> <span class='ocrx_word' id='word_1_110' title='bbox 1414 1735 1489 1802; x_wconf 86' lang='lat' dir='ltr'>doo-</span> 
     </span>
     <span class='ocr_line' id='line_1_18' title="bbox 313 1850 1488 1936; baseline -0.002 -16"><span class='ocrx_word' id='word_1_111' title='bbox 313 1850 445 1933; x_wconf 84' lang='lat' dir='ltr'>trinam3</span> <span class='ocrx_word' id='word_1_112' title='bbox 468 1871 510 1918; x_wconf 90' lang='lat' dir='ltr'>ne</span> <span class='ocrx_word' id='word_1_113' title='bbox 532 1850 652 1918; x_wconf 74' lang='lat' dir='ltr'>scilieet</span> <span class='ocrx_word' id='word_1_114' title='bbox 673 1852 768 1918; x_wconf 87' lang='lat' dir='ltr'>unioa</span> <span class='ocrx_word' id='word_1_115' title='bbox 789 1851 920 1920; x_wconf 84' lang='lat' dir='ltr'>Domini</span> <span class='ocrx_word' id='word_1_116' title='bbox 942 1851 1132 1936; x_wconf 76' lang='lat' dir='ltr'>sunamitis,</span> <span class='ocrx_word' id='word_1_117' title='bbox 1160 1851 1346 1918; x_wconf 79' lang='lat' dir='ltr'>adulterinis</span> <span class='ocrx_word' id='word_1_118' title='bbox 1366 1851 1488 1918; x_wconf 70' lang='lat' dir='ltr'>datius</span> 
     </span>
     <span class='ocr_line' id='line_1_19' title="bbox 314 1962 1489 2052; baseline -0.001 -17"><span class='ocrx_word' id='word_1_119' title='bbox 314 1967 414 2036; x_wconf 86' lang='lat' dir='ltr'>abusa</span> <span class='ocrx_word' id='word_1_120' title='bbox 435 1967 576 2050; x_wconf 80' lang='lat' dir='ltr'>merids,</span> <span class='ocrx_word' id='word_1_121' title='bbox 605 1972 731 2050; x_wconf 85' lang='lat' dir='ltr'>gentem</span> <span class='ocrx_word' id='word_1_122' title='bbox 753 1974 916 2052; x_wconf 87' lang='lat' dir='ltr'>sanotam,</span> <span class='ocrx_word' id='word_1_123' title='bbox 935 1967 1043 2052; x_wconf 77' lang='lat' dir='ltr'>regale</span> <span class='ocrx_word' id='word_1_124' title='bbox 1065 1962 1296 2036; x_wconf 82' lang='lat' dir='ltr'>saserdooium²</span> <span class='ocrx_word' id='word_1_125' title='bbox 1323 1986 1382 2052; x_wconf 90' lang='lat' dir='ltr'>per</span> <span class='ocrx_word' id='word_1_126' title='bbox 1402 1966 1489 2034; x_wconf 88' lang='lat' dir='ltr'>iure·</span> 
     </span>
     <span class='ocr_line' id='line_1_20' title="bbox 314 2081 1490 2168; baseline 0 -18"><span class='ocrx_word' id='word_1_127' title='bbox 314 2081 494 2168; x_wconf 76' lang='lat' dir='ltr'>superabile</span> <span class='ocrx_word' id='word_1_128' title='bbox 509 2102 528 2148; x_wconf 94' lang='lat' dir='ltr'>a</span> <span class='ocrx_word' id='word_1_129' title='bbox 543 2101 600 2148; x_wconf 90' lang='lat' dir='ltr'>suo</span> <span class='ocrx_word' id='word_1_130' title='bbox 615 2101 741 2168; x_wconf 87' lang='lat' dir='ltr'>sponso,</span> <span class='ocrx_word' id='word_1_131' title='bbox 757 2081 885 2150; x_wconf 83' lang='lat' dir='ltr'>(thristo</span> <span class='ocrx_word' id='word_1_132' title='bbox 898 2083 1056 2168; x_wconf 77' lang='lat' dir='ltr'>videlieet,</span> <span class='ocrx_word' id='word_1_133' title='bbox 1073 2083 1188 2151; x_wconf 79' lang='lat' dir='ltr'>evellat</span> <span class='ocrx_word' id='word_1_134' title='bbox 1201 2081 1390 2163; x_wconf 80' lang='lat' dir='ltr'>divortium3</span> <span class='ocrx_word' id='word_1_135' title='bbox 1412 2082 1490 2150; x_wconf 86' lang='lat' dir='ltr'>dum</span> 
     </span>
     <span class='ocr_line' id='line_1_21' title="bbox 313 2195 1490 2282; baseline 0 -18"><span class='ocrx_word' id='word_1_136' title='bbox 313 2216 407 2266; x_wconf 88' lang='lat' dir='ltr'>uerno</span> <span class='ocrx_word' id='word_1_137' title='bbox 429 2199 497 2264; x_wconf 90' lang='lat' dir='ltr'>sine</span> <span class='ocrx_word' id='word_1_138' title='bbox 519 2197 723 2281; x_wconf 77' lang='lat' dir='ltr'>testimonia,</span> <span class='ocrx_word' id='word_1_139' title='bbox 749 2218 813 2266; x_wconf 92' lang='lat' dir='ltr'>non</span> <span class='ocrx_word' id='word_1_140' title='bbox 836 2204 960 2266; x_wconf 83' lang='lat' dir='ltr'>tanturn</span> <span class='ocrx_word' id='word_1_141' title='bbox 986 2199 1021 2267; x_wconf 92' lang='lat' dir='ltr'>in</span> <span class='ocrx_word' id='word_1_142' title='bbox 1042 2198 1192 2282; x_wconf 72' lang='lat' dir='ltr'>virginali</span> <span class='ocrx_word' id='word_1_143' title='bbox 1213 2195 1290 2264; x_wconf 87' lang='lat' dir='ltr'>flore</span> <span class='ocrx_word' id='word_1_144' title='bbox 1312 2196 1369 2264; x_wconf 86' lang='lat' dir='ltr'>sed</span> <span class='ocrx_word' id='word_1_145' title='bbox 1391 2198 1490 2264; x_wconf 87' lang='lat' dir='ltr'>etiam</span> 
     </span>
     <span class='ocr_line' id='line_1_22' title="bbox 313 2312 1490 2398; baseline -0.001 -18"><span class='ocrx_word' id='word_1_146' title='bbox 313 2314 349 2380; x_wconf 91' lang='lat' dir='ltr'>in</span> <span class='ocrx_word' id='word_1_147' title='bbox 370 2312 528 2396; x_wconf 77' lang='lat' dir='ltr'>coniugali</span> <span class='ocrx_word' id='word_1_148' title='bbox 550 2312 658 2382; x_wconf 88' lang='lat' dir='ltr'>habita</span> <span class='ocrx_word' id='word_1_149' title='bbox 679 2313 909 2398; x_wconf 80' lang='lat' dir='ltr'>ooniunotione,</span> <span class='ocrx_word' id='word_1_150' title='bbox 932 2315 1057 2382; x_wconf 85' lang='lat' dir='ltr'>visurus</span> <span class='ocrx_word' id='word_1_151' title='bbox 1083 2314 1127 2381; x_wconf 92' lang='lat' dir='ltr'>sit</span> <span class='ocrx_word' id='word_1_152' title='bbox 1148 2313 1312 2380; x_wconf 88' lang='lat' dir='ltr'>dominam</span> <span class='ocrx_word' id='word_1_153' title='bbox 1331 2318 1490 2398; x_wconf 85' lang='lat' dir='ltr'>nostrum,</span> 
     </span>
     <span class='ocr_line' id='line_1_23' title="bbox 315 2428 1492 2517; baseline 0.001 -20"><span class='ocrx_word' id='word_1_154' title='bbox 315 2430 369 2516; x_wconf 83' lang='lat' dir='ltr'>qai</span> <span class='ocrx_word' id='word_1_155' title='bbox 391 2448 463 2497; x_wconf 88' lang='lat' dir='ltr'>eum</span> <span class='ocrx_word' id='word_1_156' title='bbox 477 2428 546 2497; x_wconf 91' lang='lat' dir='ltr'>Deo</span> <span class='ocrx_word' id='word_1_157' title='bbox 569 2434 659 2515; x_wconf 87' lang='lat' dir='ltr'>patre</span> <span class='ocrx_word' id='word_1_158' title='bbox 682 2434 715 2495; x_wconf 91' lang='lat' dir='ltr'>et</span> <span class='ocrx_word' id='word_1_159' title='bbox 736 2428 859 2517; x_wconf 85' lang='lat' dir='ltr'>Spiritu</span> <span class='ocrx_word' id='word_1_160' title='bbox 879 2436 990 2499; x_wconf 81' lang='lat' dir='ltr'>sancto</span> <span class='ocrx_word' id='word_1_161' title='bbox 1011 2432 1093 2499; x_wconf 80' lang='lat' dir='ltr'>vivit</span> <span class='ocrx_word' id='word_1_162' title='bbox 1113 2435 1147 2499; x_wconf 87' lang='lat' dir='ltr'>et</span> <span class='ocrx_word' id='word_1_163' title='bbox 1167 2435 1280 2515; x_wconf 74' lang='lat' dir='ltr'>regnat</span> <span class='ocrx_word' id='word_1_164' title='bbox 1300 2448 1359 2517; x_wconf 85' lang='lat' dir='ltr'>per</span> <span class='ocrx_word' id='word_1_165' title='bbox 1379 2430 1492 2499; x_wconf 86' lang='lat' dir='ltr'>omnia</span> 
     </span>
     <span class='ocr_line' id='line_1_24' title="bbox 315 2544 791 2615; baseline -0.006 0"><span class='ocrx_word' id='word_1_166' title='bbox 315 2544 422 2615; x_wconf 84' lang='lat' dir='ltr'>seoula</span> <span class='ocrx_word' id='word_1_167' title='bbox 443 2544 645 2615; x_wconf 88' lang='lat' dir='ltr'>seoulorum·.</span> <span class='ocrx_word' id='word_1_168' title='bbox 676 2545 791 2613; x_wconf 85' lang='lat' dir='ltr'>Amen.</span> 
     </span>
    </p>
   </div>
   <div class='ocr_carea' id='block_1_6' title="bbox 317 2755 1491 2849">
    <p class='ocr_par' dir='ltr' id='par_1_7' title="bbox 317 2755 1491 2849">
     <span class='ocr_line' id='line_1_25' title="bbox 317 2755 1491 2849; baseline -0.005 -18"><span class='ocrx_word' id='word_1_169' title='bbox 317 2757 378 2832; x_wconf 75' lang='grc'>57.</span> <span class='ocrx_word' id='word_1_170' title='bbox 404 2758 531 2849; x_wconf 68' lang='lat' dir='ltr'>synodi</span> <span class='ocrx_word' id='word_1_171' title='bbox 553 2760 717 2829; x_wconf 75' lang='lat' dir='ltr'>Rauennae</span> <span class='ocrx_word' id='word_1_172' title='bbox 739 2772 881 2828; x_wconf 69' lang='lat' dir='ltr'>aetorum</span> <span class='ocrx_word' id='word_1_173' title='bbox 900 2757 1084 2849; x_wconf 74' lang='lat' dir='ltr'>panioula‘.</span> <span class='ocrx_word' id='word_1_174' title='bbox 1352 2755 1392 2840; x_wconf 81' lang='grc' dir='ltr'>(Ε</span> <span class='ocrx_word' id='word_1_175' title='bbox 1411 2756 1491 2840; x_wconf 79' lang='grc'>165)</span> 
     </span>
    </p>
   </div>
   <div class='ocr_carea' id='block_1_7' title="bbox 312 2887 1494 4021">
    <p class='ocr_par' dir='ltr' id='par_1_8' title="bbox 312 2887 1494 4021">
     <span class='ocr_line' id='line_1_26' title="bbox 401 2887 1492 2978; baseline -0.003 -17"><span class='ocrx_word' id='word_1_176' title='bbox 401 2888 514 2961; x_wconf 84' lang='lat' dir='ltr'>Anno&#39;</span> <span class='ocrx_word' id='word_1_177' title='bbox 537 2892 577 2961; x_wconf 81' lang='lat' dir='ltr'>ab</span> <span class='ocrx_word' id='word_1_178' title='bbox 599 2893 817 2961; x_wconf 73' lang='lat' dir='ltr'>incarnatione</span> <span class='ocrx_word' id='word_1_179' title='bbox 829 2891 962 2961; x_wconf 88' lang='lat' dir='ltr'>Domini</span> <span class='ocrx_word' id='word_1_180' title='bbox 977 2893 1074 2976; x_wconf 77' lang='lat'>1078,</span> <span class='ocrx_word' id='word_1_181' title='bbox 1098 2887 1300 2978; x_wconf 84' lang='lat' dir='ltr'>pontifieatus</span> <span class='ocrx_word' id='word_1_182' title='bbox 1320 2908 1394 2957; x_wconf 83' lang='lat' dir='ltr'>vero</span> <span class='ocrx_word' id='word_1_183' title='bbox 1409 2888 1492 2958; x_wconf 86' lang='lat' dir='ltr'>Gre-</span> 
     </span>
     <span class='ocr_line' id='line_1_27' title="bbox 312 3005 1493 3096; baseline -0.002 -20"><span class='ocrx_word' id='word_1_184' title='bbox 312 3008 395 3092; x_wconf 82' lang='lat' dir='ltr'>gorii</span> <span class='ocrx_word' id='word_1_185' title='bbox 417 3028 519 3096; x_wconf 88' lang='lat' dir='ltr'>papao</span> <span class='ocrx_word' id='word_1_186' title='bbox 546 3009 675 3095; x_wconf 86' lang='lat' dir='ltr'>septimi</span> <span class='ocrx_word' id='word_1_187' title='bbox 697 3008 930 3092; x_wconf 86' lang='lat' dir='ltr'>annoquiuto,</span> <span class='ocrx_word' id='word_1_188' title='bbox 955 3008 1127 3077; x_wconf 76' lang='lat' dir='ltr'>celebravit</span> <span class='ocrx_word' id='word_1_189' title='bbox 1152 3007 1224 3092; x_wconf 90' lang='lat' dir='ltr'>ipse</span> <span class='ocrx_word' id='word_1_190' title='bbox 1246 3005 1381 3073; x_wconf 91' lang='lat' dir='ltr'>domnus</span> <span class='ocrx_word' id='word_1_191' title='bbox 1403 3026 1493 3092; x_wconf 88' lang='lat' dir='ltr'>papa</span> 
     </span>
     <span class='ocr_line' id='line_1_28' title="bbox 314 3120 1492 3211; baseline 0 -20"><span class='ocrx_word' id='word_1_192' title='bbox 314 3122 485 3207; x_wconf 78' lang='lat' dir='ltr'>Gregorius</span> <span class='ocrx_word' id='word_1_193' title='bbox 512 3122 631 3191; x_wconf 74' lang='lat' dir='ltr'>Romm</span> <span class='ocrx_word' id='word_1_194' title='bbox 654 3122 808 3211; x_wconf 80' lang='lat' dir='ltr'>synodum</span> <span class='ocrx_word' id='word_1_195' title='bbox 836 3124 870 3189; x_wconf 94' lang='lat' dir='ltr'>in</span> <span class='ocrx_word' id='word_1_196' title='bbox 892 3122 1025 3192; x_wconf 86' lang='lat' dir='ltr'>eoolesia</span> <span class='ocrx_word' id='word_1_197' title='bbox 1047 3122 1167 3191; x_wconf 89' lang='lat' dir='ltr'>domini</span> <span class='ocrx_word' id='word_1_198' title='bbox 1190 3120 1380 3205; x_wconf 74' lang='lat' dir='ltr'>silvatoris,</span> <span class='ocrx_word' id='word_1_199' title='bbox 1407 3142 1492 3207; x_wconf 83' lang='lat' dir='ltr'>quae</span> 
     </span>
     <span class='ocr_line' id='line_1_29' title="bbox 314 3236 1492 3325; baseline 0 -20"><span class='ocrx_word' id='word_1_200' title='bbox 314 3238 429 3306; x_wconf 87' lang='lat' dir='ltr'>dieitur</span> <span class='ocrx_word' id='word_1_201' title='bbox 457 3236 733 3323; x_wconf 83' lang='lat' dir='ltr'>Constantiniana,</span> <span class='ocrx_word' id='word_1_202' title='bbox 759 3240 816 3307; x_wconf 89' lang='lat' dir='ltr'>ubi</span> <span class='ocrx_word' id='word_1_203' title='bbox 843 3240 1054 3311; x_wconf 82' lang='lat' dir='ltr'>interfuerunt</span> <span class='ocrx_word' id='word_1_204' title='bbox 1085 3237 1314 3325; x_wconf 84' lang='lat' dir='ltr'>arehiepisoopi</span> <span class='ocrx_word' id='word_1_205' title='bbox 1343 3241 1394 3303; x_wconf 80' lang='lat' dir='ltr'>et⁶</span> <span class='ocrx_word' id='word_1_206' title='bbox 1420 3239 1492 3325; x_wconf 90' lang='lat' dir='ltr'>epi·</span> 
     </span>
     <span class='ocr_line' id='line_1_30' title="bbox 314 3354 1493 3439; baseline -0.002 -17"><span class='ocrx_word' id='word_1_207' title='bbox 314 3354 420 3439; x_wconf 78' lang='lat' dir='ltr'>saepih</span> <span class='ocrx_word' id='word_1_208' title='bbox 449 3354 644 3421; x_wconf 86' lang='lat' dir='ltr'>diversarum</span> <span class='ocrx_word' id='word_1_209' title='bbox 674 3354 800 3423; x_wconf 86' lang='lat' dir='ltr'>urbium</span> <span class='ocrx_word' id='word_1_210' title='bbox 833 3355 911 3424; x_wconf 81' lang='lat' dir='ltr'>fere¹</span> <span class='ocrx_word' id='word_1_211' title='bbox 938 3373 1072 3421; x_wconf 88' lang='lat' dir='ltr'>numero</span> <span class='ocrx_word' id='word_1_212' title='bbox 1099 3359 1243 3437; x_wconf 87' lang='lat' dir='ltr'>eentum,</span> <span class='ocrx_word' id='word_1_213' title='bbox 1274 3372 1335 3420; x_wconf 89' lang='lat' dir='ltr'>neo</span> <span class='ocrx_word' id='word_1_214' title='bbox 1361 3372 1427 3421; x_wconf 89' lang='lat' dir='ltr'>uon</span> <span class='ocrx_word' id='word_1_215' title='bbox 1457 3359 1493 3421; x_wconf 90' lang='lat' dir='ltr'>et</span> 
     </span>
     <span class='ocr_line' id='line_1_31' title="bbox 314 3468 1493 3541; baseline -0.002 -2"><span class='ocrx_word' id='word_1_216' title='bbox 314 3468 463 3539; x_wconf 83' lang='lat' dir='ltr'>abbatum</span> <span class='ocrx_word' id='word_1_217' title='bbox 487 3480 543 3536; x_wconf 78' lang='lat' dir='ltr'>ao⁸</span> <span class='ocrx_word' id='word_1_218' title='bbox 569 3470 767 3541; x_wconf 81' lang='lat' dir='ltr'>diversorum</span> <span class='ocrx_word' id='word_1_219' title='bbox 790 3472 938 3541; x_wconf 87' lang='lat' dir='ltr'>ordinum</span> <span class='ocrx_word' id='word_1_220' title='bbox 959 3469 1146 3539; x_wconf 81' lang='lat' dir='ltr'>derisorum</span> <span class='ocrx_word' id='word_1_221' title='bbox 1168 3476 1201 3537; x_wconf 88' lang='lat' dir='ltr'>et</span> <span class='ocrx_word' id='word_1_222' title='bbox 1221 3469 1374 3537; x_wconf 86' lang='lat' dir='ltr'>laieorum</span> <span class='ocrx_word' id='word_1_223' title='bbox 1395 3470 1493 3537; x_wconf 88' lang='lat' dir='ltr'>innu-</span> 
     </span>
     <span class='ocr_line' id='line_1_32' title="bbox 314 3579 1492 3673; baseline -0.002 -20"><span class='ocrx_word' id='word_1_224' title='bbox 314 3579 476 3653; x_wconf 71' lang='lat' dir='ltr'>merabilis</span> <span class='ocrx_word' id='word_1_225' title='bbox 498 3585 679 3656; x_wconf 84' lang='lat' dir='ltr'>multitudo.</span> <span class='ocrx_word' id='word_1_226' title='bbox 714 3588 843 3673; x_wconf 84' lang='lat' dir='ltr'>inqua,</span> <span class='ocrx_word' id='word_1_227' title='bbox 867 3586 1042 3673; x_wconf 87' lang='lat' dir='ltr'>apostoliea</span> <span class='ocrx_word' id='word_1_228' title='bbox 1056 3585 1248 3654; x_wconf 71' lang='lat' dir='ltr'>corratitutal</span> <span class='ocrx_word' id='word_1_229' title='bbox 1270 3584 1492 3671; x_wconf 87' lang='lat' dir='ltr'>uorroborans,</span> 
     </span>
     <span class='ocr_line' id='line_1_33' title="bbox 314 3701 1494 3787; baseline -0.002 -16"><span class='ocrx_word' id='word_1_230' title='bbox 314 3702 415 3774; x_wconf 82' lang='lat' dir='ltr'>multa</span> <span class='ocrx_word' id='word_1_231' title='bbox 448 3720 528 3787; x_wconf 89' lang='lat' dir='ltr'>quae</span> <span class='ocrx_word' id='word_1_232' title='bbox 561 3702 748 3786; x_wconf 81' lang='lat' dir='ltr'>eorrigeuda</span> <span class='ocrx_word' id='word_1_233' title='bbox 779 3707 872 3771; x_wconf 86' lang='lat' dir='ltr'>eraut</span> <span class='ocrx_word' id='word_1_234' title='bbox 904 3701 1043 3770; x_wconf 77' lang='lat' dir='ltr'>correxit</span> <span class='ocrx_word' id='word_1_235' title='bbox 1075 3707 1107 3769; x_wconf 86' lang='lat' dir='ltr'>et</span> <span class='ocrx_word' id='word_1_236' title='bbox 1140 3722 1222 3787; x_wconf 87' lang='lat' dir='ltr'>quae</span> <span class='ocrx_word' id='word_1_237' title='bbox 1255 3701 1494 3769; x_wconf 82' lang='lat' dir='ltr'>corroboranda</span> 
     </span>
     <span class='ocr_line' id='line_1_34' title="bbox 314 3816 1494 3905; baseline -0.003 -16"><span class='ocrx_word' id='word_1_238' title='bbox 314 3817 461 3889; x_wconf 82' lang='lat' dir='ltr'>firmasit</span> <span class='ocrx_word' id='word_1_239' title='bbox 552 3818 638 3888; x_wconf 88' lang='lat' dir='ltr'>luter</span> <span class='ocrx_word' id='word_1_240' title='bbox 660 3823 766 3885; x_wconf 87' lang='lat' dir='ltr'>uetera</span> <span class='ocrx_word' id='word_1_241' title='bbox 787 3836 926 3902; x_wconf 88' lang='lat' dir='ltr'>namque</span> <span class='ocrx_word' id='word_1_242' title='bbox 952 3818 987 3883; x_wconf 91' lang='lat' dir='ltr'>in</span> <span class='ocrx_word' id='word_1_243' title='bbox 1012 3816 1077 3887; x_wconf 83' lang='lat' dir='ltr'>ine</span> <span class='ocrx_word' id='word_1_244' title='bbox 1097 3818 1258 3905; x_wconf 78' lang='lat' dir='ltr'>synodalis</span> <span class='ocrx_word' id='word_1_245' title='bbox 1280 3816 1494 3885; x_wconf 84' lang='lat' dir='ltr'>absolutionis</span> 
     </span>
     <span class='ocr_line' id='line_1_35' title="bbox 314 3932 1494 4021; baseline -0.002 -18"><span class='ocrx_word' id='word_1_246' title='bbox 314 3934 374 4003; x_wconf 88' lang='lat' dir='ltr'>hoo</span> <span class='ocrx_word' id='word_1_247' title='bbox 395 3934 548 4001; x_wconf 84' lang='lat' dir='ltr'>annexuit</span> <span class='ocrx_word' id='word_1_248' title='bbox 576 3939 608 4001; x_wconf 92' lang='lat' dir='ltr'>et</span> <span class='ocrx_word' id='word_1_249' title='bbox 636 3938 807 4021; x_wconf 88' lang='lat' dir='ltr'>perpetuae</span> <span class='ocrx_word' id='word_1_250' title='bbox 835 3933 1006 4000; x_wconf 87' lang='lat' dir='ltr'>memoriae</span> <span class='ocrx_word' id='word_1_251' title='bbox 1034 3933 1183 4019; x_wconf 88' lang='lat' dir='ltr'>posteris¹</span> <span class='ocrx_word' id='word_1_252' title='bbox 1209 3932 1376 4000; x_wconf 77' lang='lat' dir='ltr'>scribenda</span> <span class='ocrx_word' id='word_1_253' title='bbox 1398 3952 1494 4001; x_wconf 88' lang='lat' dir='ltr'>mau-</span> 
     </span>
    </p>
   </div>
   <div class='ocr_carea' id='block_1_8' title="bbox 315 4072 1494 4214">
    <p class='ocr_par' dir='ltr' id='par_1_9' title="bbox 315 4072 1494 4214">
     <span class='ocr_line' id='line_1_36' title="bbox 384 4072 1494 4135; baseline 0 -12"><span class='ocrx_word' id='word_1_254' title='bbox 384 4090 405 4123; x_wconf 81' lang='grc' dir='ltr'>ι.</span> <span class='ocrx_word' id='word_1_255' title='bbox 428 4074 529 4123; x_wconf 72' lang='lat' dir='ltr'>ossVZ.</span> <span class='ocrx_word' id='word_1_256' title='bbox 611 4075 633 4121; x_wconf 90' lang='lat' dir='ltr'>b.</span> <span class='ocrx_word' id='word_1_257' title='bbox 658 4072 909 4135; x_wconf 68' lang='lat' dir='ltr'>qui-novitooala.</span> <span class='ocrx_word' id='word_1_258' title='bbox 995 4088 1016 4122; x_wconf 84' lang='lat' dir='ltr'>o.</span> <span class='ocrx_word' id='word_1_259' title='bbox 1040 4072 1197 4122; x_wconf 74' lang='lat' dir='ltr'>sollieitaeL</span> <span class='ocrx_word' id='word_1_260' title='bbox 1275 4074 1298 4121; x_wconf 87' lang='lat' dir='ltr'>d.</span> <span class='ocrx_word' id='word_1_261' title='bbox 1321 4074 1494 4134; x_wconf 65' lang='lat' dir='ltr'>poaqmu</span> 
     </span>
     <span class='ocr_line' id='line_1_37' title="bbox 315 4152 1494 4214; baseline 0.001 -11"><span class='ocrx_word' id='word_1_262' title='bbox 315 4172 336 4203; x_wconf 81' lang='lat' dir='ltr'>a.</span> <span class='ocrx_word' id='word_1_263' title='bbox 360 4156 495 4203; x_wconf 86' lang='lat' dir='ltr'>seouloram.</span> <span class='ocrx_word' id='word_1_264' title='bbox 511 4155 583 4201; x_wconf 73' lang='lat' dir='ltr'>lmen</span> <span class='ocrx_word' id='word_1_265' title='bbox 598 4155 677 4201; x_wconf 76' lang='lat' dir='ltr'>oaaZ.</span> <span class='ocrx_word' id='word_1_266' title='bbox 738 4156 754 4203; x_wconf 85' lang='lat' dir='ltr'>i.</span> <span class='ocrx_word' id='word_1_267' title='bbox 778 4168 808 4203; x_wconf 75' lang='lat' dir='ltr'>eu</span> <span class='ocrx_word' id='word_1_268' title='bbox 820 4156 841 4202; x_wconf 85' lang='lat' dir='ltr'><strong><em>V</em></strong></span> <span class='ocrx_word' id='word_1_269' title='bbox 855 4155 984 4212; x_wconf 78' lang='lat' dir='ltr'>too-u,</span> <span class='ocrx_word' id='word_1_270' title='bbox 1001 4154 1209 4214; x_wconf 58' lang='lat' dir='ltr'>mitt—134,</span> <span class='ocrx_word' id='word_1_271' title='bbox 1228 4152 1393 4211; x_wconf 75' lang='lat' dir='ltr'>osae-ss,</span> <span class='ocrx_word' id='word_1_272' title='bbox 1411 4156 1436 4202; x_wconf 84' lang='lat' dir='ltr'><em>B</em></span> <span class='ocrx_word' id='word_1_273' title='bbox 1447 4157 1494 4204; x_wconf 78' lang='lat' dir='ltr'>es.-</span> 
     </span>
    </p>
   </div>
   <div class='ocr_carea' id='block_1_9' title="bbox 314 4234 1496 4375">
    <p class='ocr_par' dir='ltr' id='par_1_10' title="bbox 314 4234 1496 4375">
     <span class='ocr_line' id='line_1_38' title="bbox 314 4234 1496 4295; baseline -0.002 -10"><span class='ocrx_word' id='word_1_274' title='bbox 314 4234 470 4285; x_wconf 82' lang='lat' dir='ltr'>Deoretum</span> <span class='ocrx_word' id='word_1_275' title='bbox 495 4234 630 4292; x_wconf 74' lang='lat' dir='ltr'>Gregorii</span> <span class='ocrx_word' id='word_1_276' title='bbox 653 4248 757 4295; x_wconf 81' lang='lat' dir='ltr'>papas,</span> <span class='ocrx_word' id='word_1_277' title='bbox 782 4236 833 4295; x_wconf 83' lang='lat' dir='ltr'>qui</span> <span class='ocrx_word' id='word_1_278' title='bbox 856 4238 886 4282; x_wconf 82' lang='lat' dir='ltr'>et</span> <span class='ocrx_word' id='word_1_279' title='bbox 908 4234 1138 4293; x_wconf 61' lang='lat' dir='ltr'>illustrandas,</span> <span class='ocrx_word' id='word_1_280' title='bbox 1164 4234 1237 4283; x_wconf 76' lang='lat' dir='ltr'>oet.</span> <span class='ocrx_word' id='word_1_281' title='bbox 1319 4247 1342 4293; x_wconf 68' lang='lat' dir='ltr'>g.</span> <span class='ocrx_word' id='word_1_282' title='bbox 1363 4234 1496 4283; x_wconf 76' lang='lat' dir='ltr'>oaaVZB.</span> 
     </span>
     <span class='ocr_line' id='line_1_39' title="bbox 315 4313 1188 4375; baseline -0.001 -12"><span class='ocrx_word' id='word_1_283' title='bbox 315 4316 339 4363; x_wconf 81' lang='lat' dir='ltr'>h.</span> <span class='ocrx_word' id='word_1_284' title='bbox 362 4313 462 4363; x_wconf 64' lang='lat' dir='ltr'>savz.</span> <span class='ocrx_word' id='word_1_285' title='bbox 540 4314 556 4359; x_wconf 85' lang='lat' dir='ltr'>i</span> <span class='ocrx_word' id='word_1_286' title='bbox 581 4314 664 4363; x_wconf 74' lang='lat' dir='ltr'>oraB.</span> <span class='ocrx_word' id='word_1_287' title='bbox 740 4314 764 4363; x_wconf 81' lang='lat' dir='ltr'>k.</span> <span class='ocrx_word' id='word_1_288' title='bbox 788 4313 873 4363; x_wconf 68' lang='lat' dir='ltr'>osso.</span> <span class='ocrx_word' id='word_1_289' title='bbox 948 4314 1188 4375; x_wconf 77' lang='lat' dir='ltr'>tprreposterisd.</span> 
     </span>
    </p>
   </div>
   <div class='ocr_carea' id='block_1_10' title="bbox 388 4407 1380 4481">
    <p class='ocr_par' dir='ltr' id='par_1_11' title="bbox 388 4407 1380 4481">
     <span class='ocr_line' id='line_1_40' title="bbox 388 4407 1380 4481; baseline -0.002 -16"><span class='ocrx_word' id='word_1_290' title='bbox 388 4412 414 4466; x_wconf 92' lang='lat'>1.</span> <span class='ocrx_word' id='word_1_291' title='bbox 432 4410 477 4465; x_wconf 79' lang='lat' dir='ltr'>m.</span> <span class='ocrx_word' id='word_1_292' title='bbox 491 4409 533 4481; x_wconf 85' lang='lat' dir='ltr'>ee,</span> <span class='ocrx_word' id='word_1_293' title='bbox 547 4408 590 4464; x_wconf 73' lang='lat' dir='ltr'>aa.</span> <span class='ocrx_word' id='word_1_294' title='bbox 671 4410 697 4464; x_wconf 79' lang='lat' dir='ltr'>a</span> <span class='ocrx_word' id='word_1_295' title='bbox 717 4407 758 4465; x_wconf 81' lang='lat' dir='ltr'>or.</span> <span class='ocrx_word' id='word_1_296' title='bbox 773 4411 787 4464; x_wconf 91' lang='lat'>1</span> <span class='ocrx_word' id='word_1_297' title='bbox 800 4409 873 4465; x_wconf 73' lang='lat' dir='ltr'>sea.</span> <span class='ocrx_word' id='word_1_298' title='bbox 886 4410 912 4480; x_wconf 80' lang='lat' dir='ltr'>a,</span> <span class='ocrx_word' id='word_1_299' title='bbox 925 4410 952 4464; x_wconf 87' lang='lat' dir='ltr'>s.</span> <span class='ocrx_word' id='word_1_300' title='bbox 1028 4411 1055 4466; x_wconf 83' lang='lat' dir='ltr'>a</span> <span class='ocrx_word' id='word_1_301' title='bbox 1072 4410 1108 4467; x_wconf 87' lang='lat' dir='ltr'>v.</span> <span class='ocrx_word' id='word_1_302' title='bbox 1126 4424 1211 4480; x_wconf 68' lang='lat' dir='ltr'>supra</span> <span class='ocrx_word' id='word_1_303' title='bbox 1227 4409 1261 4464; x_wconf 81' lang='lat' dir='ltr'>r.</span> <span class='ocrx_word' id='word_1_304' title='bbox 1273 4408 1301 4463; x_wconf 90' lang='lat' dir='ltr'>n</span> <span class='ocrx_word' id='word_1_305' title='bbox 1318 4408 1380 4463; x_wconf 84' lang='lat' dir='ltr'>eos.</span> 
     </span>
    </p>
   </div>
   <div class='ocr_carea' id='block_1_11' title="bbox 0 0 1583 4850">
    <p class='ocr_par' dir='ltr' id='par_1_12' title="bbox 0 0 1583 4850">
     <span class='ocr_line' id='line_1_41' title="bbox 0 0 1583 4850; baseline 0 0"><span class='ocrx_word' id='word_1_306' title='bbox 0 0 1583 4850; x_wconf 95' lang='lat' dir='ltr'> </span> 
     </span>
    </p>
   </div>
  </div>
 </body>
</html>
