3142 4850
316 318 381 384 776
610 335 789 382 sessorem
812 334 993 383 ursaceus.
1030 336 1094 381 ars.
1111 336 1138 381 u
1159 332 1194 383 ao

229 514 296 568 1124
316 518 458 580 manens,
483 495 680 579 euangelista
694 501 798 561 vester
819 501 851 563 et
866 496 1037 581 apostolos.
1072 494 1193 562 Horum
1208 515 1283 578 ergo
1297 495 1427 560 consilio
1450 517 1485 560 aa

318 612 463 699 petitioni
488 612 686 695 acquiescere
709 610 839 693 dignum
863 611 1017 695 iudicans,
1041 612 1202 678 servitulis
1225 632 1263 677 ac
1283 611 1394 676 tributi
1409 632 1486 696 pon·

317 728 392 812 dus,
416 732 452 793 ut
474 729 581 810 iugum
605 726 722 792 Christi
746 747 783 792 eo
807 727 976 793 alacriores
998 728 1189 814 suscipiatis,
1212 728 1272 793 boc
1292 726 1386 793 modo
1407 726 1487 793 rele-

318 865 391 911 vare
421 843 559 910 decrevi:
590 842 686 908 Tota
717 848 827 909 terra
854 842 1160 909 Pomcranornm
1189 844 1279 909 duci
1307 841 1485 923 polonie,

317 962 550 1047 quicumque
577 959 629 1023 sit
651 956 734 1041 ille,
762 963 962 1025 trecentas
985 964 1137 1024 tantum
1163 960 1315 1042 argenti
1337 978 1485 1025 marcas

317 1076 469 1163 publici
500 1073 688 1159 ponderis
717 1075 830 1139 annis
853 1074 1027 1157 singulis
1052 1074 1299 1160 persolverit
1342 1074 1384 1140 Si
1408 1073 1485 1140 bel·

316 1191 393 1257 lum
429 1188 628 1273 ingruerit
662 1189 712 1271 ei,
748 1188 818 1253 boc
850 1189 960 1254 modo
988 1210 1073 1256 eum
1101 1189 1307 1256 iuvabunt:
1342 1190 1485 1256 Novem

317 1314 453 1394 patres
487 1304 660 1370 familias
694 1304 881 1369 decimum
912 1306 949 1370 in
979 1306 1271 1392 expeditionem
1301 1307 1425 1372 armis
1451 1311 1485 1371 et

317 1422 509 1507 impensis
544 1418 723 1485 habunde
752 1419 1033 1504 procurabunt3
1068 1426 1106 1487 et
1135 1421 1304 1487 eiusdem
1334 1420 1485 1487 familie

317 1537 477 1603 interim
512 1535 613 1599 dorni
646 1533 827 1601 fideliter
856 1537 1130 1621 providebunt
1176 1535 1240 1603 leta
1266 1542 1432 1603 servantes
1456 1543 1486 1602 et

317 1651 390 1717 lidei
414 1650 583 1717 christiane
605 1650 847 1733 consentientes,
871 1656 1011 1717 nostram
1035 1672 1146 1738 pacem
1163 1653 1363 1739 porrectione
1378 1672 1485 1717 manus

318 1774 350 1834 et
377 1770 484 1839 eterne
508 1766 571 1832 rite
598 1765 747 1849 gaudium
778 1767 1012 1851 consequemini
1041 1774 1075 1835 et
1100 1770 1134 1835 in
1157 1768 1302 1834 omnibus
1325 1769 1486 1854 oportuni

317 1884 435 1949 tatibus
451 1882 564 1948 vestris
587 1882 726 1967 presidia
748 1902 874 1968 semper
896 1889 929 1948 et
949 1884 1068 1949 auxilia
1082 1882 1302 1949 Polonensium
1326 1891 1484 1968 tamqnam

318 1999 394 2065 socii
417 2004 450 2064 ct
473 1998 565 2064 amici
590 1996 827 2083 experiemiui“.

407 2114 505 2197 Igitur
533 2112 643 2178 habita
669 2114 834 2195 concione,
870 2112 923 2179 ubi
952 2133 1059 2179 coram
1088 2114 1205 2200 populo
1233 2121 1266 2181 ct
1292 2116 1485 2202 principibus

319 2229 414 2295 verba
436 2228 494 2295 hec
515 2228 649 2293 recitata
671 2234 745 2293 sunt
768 2264 808 2273 -
835 2227 944 2311 multo,
968 2247 1063 2312 quam
1087 2230 1161 2296 dum
1185 2231 1267 2317 apud
1283 2230 1415 2297 Naolam
1437 2253 1485 2298 ar·

317 2344 378 2410 mis
402 2342 522 2409 subacti
551 2347 655 2409 essent
664 2340 681 2427 ¹,
711 2343 838 2409 letiores
863 2380 903 2388 -
928 2345 1014 2430 pacti
1036 2354 1234 2412 sacramenta
1255 2346 1368 2413 devote
1390 2349 1486 2414 meci-

318 2462 457 2547 pientes,
486 2467 608 2526 remota
630 2460 715 2525 omui
738 2459 968 2543 controversia,
997 2461 1186 2544 euangelicis
1208 2463 1433 2530 traditionibus
1454 2485 1486 2530 se

318 2577 539 2644 submiserunt.
587 2575 762 2662 Episcopus
786 2595 877 2658 ergo,
903 2581 1030 2660 arrepto
1052 2582 1210 2662 tempore,
1232 2578 1392 2664 pulpitum
1415 2599 1485 2645 con·

318 2694 485 2760 scendens:
509 2693 605 2758 Nunc
628 2692 673 2757 ait
695 2695 739 2756 od
760 2695 863 2756 nostri
883 2695 1035 2756 ammonia
1058 2693 1197 2777 officiam
1218 2708 1342 2760 centiam
1357 2710 1413 2760 est
1446 2694 1487 2760 Et

318 2808 489 2894 incipiens:
516 2805 656 2875 Gaudete
678 2807 782 2890 inquit
803 2811 838 2871 in
854 2809 994 2871 Domino
1014 2829 1151 2894 serapem
1172 2813 1287 2875 iteam
1300 2811 1384 2890 dico,
1405 2835 1485 2897 pm..

318 2919 410 2990 dete'.
448 2925 605 2989 Modeotio
627 2936 739 3002 neutro,
762 2923 845 3004 fidet
868 2936 896 2987 et
919 2927 1079 2988 conversio
1101 2938 1203 2990 centra
1223 2938 1299 2991 nota
1320 2929 1363 2990 ait
1385 2931 1487 2992 omni·

319 3041 385 3119 bna,
409 3053 485 3104 nota
508 3043 549 3104 ait
573 3043 660 3104 omni
680 3041 807 3102 mando.
844 3038 931 3102 Nona
948 3053 1030 3105 totae
1044 3042 1178 3104 manduc
1193 3063 1253 3126 pro
1269 3054 1373 3107 entra
1387 3043 1487 3108 doluit

317 3155 508 3238 infidelitate.
536 3153 633 3219 Totas
649 3157 732 3218 enim
746 3156 892 3234 mundae,
908 3155 1034 3238 fratrea
1048 3156 1218 3234 kannam,
1234 3178 1334 3242 acque
1347 3161 1393 3222 od
1406 3159 1487 3224 barre

319 3283 399 3336 terre
421 3282 519 3334 oeame
541 3269 693 3355 anpnlnm
716 3269 819 3333 lamen
842 3265 982 3335 veritatia
1004 3274 1163 3355 opnooer't5
1185 3283 1214 3336 et
1235 3294 1290 3336 voe
1303 3275 1341 3336 in
1355 3275 1488 3339 maora

317 3407 478 3450 remanere
506 3385 658 3450 colundo.
699 3384 826 3449 Pndeot
853 3397 881 3449 et
901 3389 1041 3469 peniteat
1061 3407 1130 3466 ooo,
1160 3400 1330 3451 creatorem
1351 3403 1487 3456 neemia

317 3502 463 3565 tamenne
486 3521 550 3564 non
567 3503 739 3584 opnoeiaoe.
775 3499 872 3564 Nnnc
886 3521 959 3585 erpo
975 3513 1061 3566 mato
1077 3504 1227 3582 decenno,
1252 3517 1372 3586 quanto
1388 3509 1487 3569 sermo

318 3617 362 3680 nd
384 3618 488 3700 ipsam
512 3617 743 3691 conocrtnnini3
767 3619 884 3680 canite
896 3616 1059 3700 fontineto,
1085 3631 1119 3682 nt
1141 3638 1203 3696 eoo,
1228 3622 1285 3703 qni
1302 3641 1359 3683 eoo
1373 3622 1411 3682 in
1420 3621 1488 3701 fide

315 3744 540 3816 precesserant,
565 3734 815 3816 consequamini3
838 3732 897 3796 boc
918 3754 1011 3817 apere
1029 3732 1167 3811 solliciti,
1191 3745 1235 3812 nt,
1260 3735 1318 3817 qai
1331 3735 1371 3797 de
1386 3747 1487 3799 ecem

317 3849 443 3912 cecitate
461 3848 517 3930 pie
539 3847 716 3925 doluerunt,
741 3848 780 3910 de
801 3859 904 3911 neema
925 3847 1156 3911 illuminatione
1175 3851 1300 3932 possint
1311 3851 1348 3912 in
1363 3847 1485 3914 Cbnbto

315 3961 461 4046 plor-iani.
485 3961 529 4024 Et
549 3964 654 4046 priano
677 3963 756 4045 epeia
776 3962 990 4046 deceptoribus
1005 3964 1068 4026 diis
1083 3965 1203 4042 vestrae,
1227 3965 1335 4028 cordae
1349 3977 1380 4028 et
1392 3968 1485 4030 nanta

316 4075 524 4161 aanoldis,
550 4088 579 4141 et
599 4077 760 4140 inmundis
783 4077 957 4161 spiritalia,
983 4081 1040 4162 qni
1060 4081 1096 4141 in
1110 4081 1155 4142 eia
1169 4091 1252 4159 eant,
1275 4081 1366 4164 aspiro
1382 4082 1483 4144 meri

319 4193 444 4269 amicti,
470 4193 655 4275 quentovico
671 4194 867 4265 rennnciat05
880 4192 970 4274 sona
984 4193 1110 4273 dimite,
1134 4195 1307 4260 mmnlccrn
1321 4198 1481 4269 emerim

317 4315 361 4382 nt,
385 4305 523 4370 hostibus
539 4307 605 4369 nan
621 4307 723 4370 eiectat
738 4329 759 4369 a
774 4306 871 4386 vobit,
896 4299 1041 4371 dominae
1056 4306 1145 4373 Dona
1159 4322 1268 4388 enter,
1290 4310 1379 4375 Deae
1394 4313 1481 4374 υἱον

388 4431 412 4484 1.
432 4431 466 4486 V.
484 4447 569 4502 supra
585 4449 612 4502 p.
626 4434 686 4489 749.
848 4435 874 4491 2.
892 4432 1008 4504 Philipp.
1019 4436 1047 4505 4,
1064 4437 1091 4492 4.
