3142 4850
308 282 373 347 762
578 299 758 347 namonnr
779 298 961 347 nnnoooe.
998 300 1063 347 nrn.
1079 299 1105 346 n
1130 296 1170 347 re.
1186 296 1218 347 re

218 456 288 511 1124
307 473 369 523 ergo
387 456 412 507 in
431 458 501 509 vohis
519 465 572 519 eat,
591 457 634 523 qui
651 456 737 523 plures
755 457 985 509 natumiuniores
1004 464 1063 509 ante
1081 456 1245 523 baptismum,
1266 472 1334 507 nune
1350 472 1427 508 unam
1444 457 1477 509 de

229 529 279 576 ¹²¹¹·
306 545 369 607 ure,
392 562 441 611 quo
463 545 511 597 osi
532 546 615 612 megs
633 545 728 612 puer,
752 545 844 612 ougo,
868 545 1026 611 omnaque
1045 544 1113 607 nin,
1138 546 1203 597 sno
1220 544 1299 597 sonu
1318 545 1412 597 mear
1428 545 1477 596 rm

306 633 449 685 murno.
521 634 556 686 lit
573 641 660 700 partus
679 634 784 699 inquit
801 633 937 696 femineos,
960 633 1043 696 audio,
1062 633 1121 699 quie
1138 651 1190 695 roa,
1209 650 1225 685 o
1242 632 1368 694 mulieres,
1386 650 1478 684 necare

218 706 225 715 ⁸
306 723 479 775 ooneuoristis.
506 721 580 785 Quod
597 730 719 788 quantum
733 722 944 774 abhominationis
955 722 1058 787 habeat,
1076 721 1181 789 exprimi
1192 738 1308 773 sermone
1320 739 1372 774 non
1385 730 1477 788 potest

308 810 408 872 Videte,
427 811 449 862 si
466 810 516 862 hoo
533 810 574 862 rel
592 811 667 862 brute
683 810 778 861 iaciant
796 810 913 862 animalia
931 811 1024 863 letibus
1043 812 1102 863 suh.
1129 810 1293 863 Parricidium
1309 810 1359 862 hoa
1370 827 1422 861 non
1434 809 1478 860 fist

307 899 422 951 mmodo
440 899 466 949 iu
479 900 563 961 rohis;
582 899 641 966 quia
659 899 713 950 eine
727 898 876 965 gravissima
888 888 1131 965 penitentiadimitti
1142 917 1192 951 non
1210 906 1302 965 potest
1330 897 1391 950 Sive
1402 898 1479 963 igitur

306 989 341 1039 eit
361 986 487 1039 masculus
504 988 558 1039 sire
576 988 682 1049 semina,
705 988 841 1054 diligenter
859 988 968 1039 enutrite
986 996 1073 1054 partus
1092 995 1202 1049 restrum
1225 986 1273 1039 Dei
1291 987 1359 1039 enim
1378 995 1431 1039 em:
1453 998 1479 1039 et

306 1092 402 1127 marem
418 1092 554 1143 procurare
570 1086 598 1127 et
614 1076 740 1129 femmam
812 1076 968 1143 ⁸Septimum
984 1077 1070 1143 itaque
1087 1084 1270 1127 moramemum
1284 1073 1341 1127 esti
1353 1076 1478 1128 ordinatio

306 1165 360 1215 sire
378 1166 533 1217 eonsematio
550 1164 704 1218 olorinorum.
731 1166 807 1227 Quod
824 1173 851 1217 et
865 1165 947 1231 ipsum
960 1164 1110 1231 particulare
1123 1172 1163 1215 ost
1174 1174 1201 1215 et
1211 1180 1262 1216 non
1273 1163 1403 1231 generale,
1422 1164 1479 1230 quis

306 1269 357 1304 non
375 1253 443 1304 omni
460 1253 556 1305 homini
573 1254 749 1306 necessarium.
777 1253 897 1315 Quemvis
916 1254 982 1305 enim
1000 1269 1086 1306 omnes
1105 1253 1218 1305 homines
1229 1254 1362 1321 indigeant
1374 1252 1479 1315 doricis,

306 1357 358 1393 nou
381 1350 466 1393 tamen
489 1351 529 1393 est
552 1343 734 1403 necessarium,
757 1358 845 1393 omues
868 1342 982 1394 homiues
1006 1342 1060 1392 fleri
1084 1340 1195 1395 clerieoa.
1230 1342 1273 1393 Ad
1293 1343 1377 1409 ipsum
1395 1354 1479 1393 nmen

307 1438 504 1493 usamentum,
528 1432 569 1495 qui
587 1432 697 1483 moribus
715 1439 743 1482 et
760 1432 866 1483 scientia
882 1431 964 1497 magis
982 1430 1064 1483 idonei
1083 1439 1154 1491 sunt,
1175 1429 1298 1481 inuitandi
1316 1440 1377 1481 sunt
1392 1430 1478 1497 pocius

308 1536 383 1585 quam
405 1519 530 1571 amendi.
565 1519 640 1571 Unde
664 1519 784 1573 adhortor
805 1537 849 1572 voe
868 1528 894 1571 et
911 1520 1003 1583 inrito,
1026 1520 1085 1586 quia
1102 1534 1194 1585 eogere
1212 1536 1263 1569 nou
1281 1518 1377 1571 debeo:
1401 1528 1430 1570 ut
1447 1518 1479 1569 ‹le

307 1607 393 1660 libaria
408 1609 497 1660 restris
510 1608 544 1659 ed
556 1606 699 1659 clericatum
711 1608 827 1670 tradate,
845 1608 990 1661 liberalibus
1002 1606 1090 1659 studiis
1103 1608 1172 1673 prius
1185 1606 1319 1673 diligenter
1330 1607 1480 1667 instuctom

307 1706 337 1747 ut
353 1697 403 1763 ipsi
420 1714 467 1763 par
484 1714 542 1760 voe,
562 1698 627 1748 siout
644 1696 693 1747 alio
711 1706 810 1763 gentes,
829 1698 861 1749 de
879 1696 967 1763 lingua
984 1703 1068 1748 vestra
1085 1695 1232 1748 Latinitatie
1247 1694 1362 1748 conscios'
1379 1696 1478 1763 praeitis

308 1784 404 1836 habore
426 1784 529 1837 clericos
553 1795 580 1835 et
602 1784 756 1837 sacerdotes.
827 1786 880 1837 Ista
904 1786 980 1853 igitur
1002 1794 1099 1851 septem
1123 1796 1292 1845 sacramenta,
1318 1802 1369 1851 que
1391 1785 1479 1836 iterum

308 1873 386 1925 reetri
402 1890 480 1925 cause
497 1889 644 1925 enumerare
661 1872 725 1925 libet
744 1903 774 1911 -
795 1874 821 1925 id
839 1883 879 1926 est
895 1874 1059 1940 baptismum,
1081 1872 1308 1935 confirmationem,
1326 1872 1479 1925 infirmem

308 1963 459 2024 neutonam,
478 1961 661 2024 eucharistiam,
679 1961 807 2028 lapsorum
825 1961 1061 2023 reconciliationem,
1079 1961 1221 2028 coniugium
1235 1972 1262 2013 et
1274 1962 1377 2013 ordines
1392 1992 1422 2000 -
1436 1978 1479 2028 per

309 2068 364 2111 noe,
382 2050 488 2102 humiles
507 2068 565 2102 euos
583 2051 771 2117 paranimphus,
789 2068 897 2117 sponsus
915 2050 1015 2103 celastis
1033 2051 1059 2103 in
1076 2067 1159 2102 arram
1177 2067 1236 2102 rere
1254 2050 1396 2102 dilectionis
1411 2050 1479 2101 robis

309 2138 416 2191 ecclesie
438 2155 469 2190 ae
492 2156 585 2206 sponso
603 2156 648 2191 sue
666 2140 836 2191 transmittere
854 2140 1037 2206 dignatusest.
1073 2139 1234 2205 Quapropter
1252 2138 1320 2191 omni
1337 2138 1434 2191 honore
1452 2154 1479 2189 se

308 2228 450 2279 reverentia
472 2228 562 2278 eadem
585 2236 743 2279 sacramente
764 2236 864 2279 serrato
887 2227 983 2294 diligite
1008 2238 1034 2280 et
1056 2227 1223 2289 reueremini;
1250 2227 1340 2279 docete
1363 2244 1396 2278 aa
1417 2226 1479 2278 filios

309 2324 419 2378 vestroe,
440 2326 470 2367 ut
491 2316 635 2367 memoriter
657 2324 762 2368 teneam
784 2324 811 2367 et
833 2316 967 2382 diligenter
989 2318 1125 2369 ohannem
1145 2316 1171 2367 in
1189 2332 1275 2368 omnes
1293 2316 1478 2382 generationes.

309 2405 376 2458 neae
393 2404 493 2457 hebetia
511 2402 656 2467 eeclesiam
673 2405 773 2457 hebetia
791 2406 956 2468 sacerdotem,
975 2406 1008 2456 de
1022 2405 1062 2457 his
1074 2405 1198 2468 omnibus,
1217 2414 1244 2457 et
1255 2420 1412 2472 quecumque
1423 2413 1480 2456 suat

309 2494 452 2546 necessaria
470 2494 553 2554 robis,
576 2492 763 2545 habundantius
781 2511 826 2546 voa
844 2493 967 2545 iustruere
986 2495 1114 2547 scientam.
1150 2495 1236 2562 Ipsum
1254 2511 1328 2560 ergo,
1349 2493 1415 2544 sieut
1432 2509 1479 2554 me,

310 2583 433 2643 maiorm
451 2583 604 2635 honorantes
622 2591 649 2634 ot
666 2591 779 2634 amantes
798 2598 855 2634 eum
869 2590 904 2644 et,
922 2575 1077 2649 quecumque
1089 2583 1160 2635 robis
1173 2583 1271 2644 dixerit,
1290 2582 1423 2634 Merme.
1449 2582 1480 2632 lit

310 2689 377 2725 nunc
395 2689 444 2739 ego
462 2672 536 2734 rado,
554 2673 644 2723 iterum
662 2671 711 2721 cito
729 2687 874 2723 reversurus
892 2671 926 2722 ad
944 2688 997 2724 ros.
1025 2670 1115 2723 Valete
1134 2671 1159 2722 in
1177 2671 1312 2724 Domiuo“.

402 2773 453 2837 19.
488 2771 582 2838 Forte
597 2770 705 2836 videor
727 2769 820 2836 alieni
843 2769 938 2836 nimis
963 2769 1102 2856 plenarie
1124 2770 1291 2837 historiam
1313 2771 1428 2855 exequi
1451 2775 1481 2836 et

311 2886 435 2972 longior
457 2907 536 2970 esse,
560 2906 654 2971 quam
677 2885 710 2951 in
733 2884 790 2950 tali
814 2886 994 2952 narratione
1018 2891 1171 2972 oporteat
1209 2885 1290 2963 Quid
1313 2885 1460 2952 sentitis?

401 3002 524 3069 Timo:
553 3001 652 3085 Perge
675 3020 787 3085 queso,
817 3001 899 3068 siout
924 3003 1045 3088 cepisti.
1087 3001 1297 3070 Dilectoribus
1325 3003 1481 3088 siquidem

313 3117 454 3202 Ottonis,
477 3117 627 3204 quioquid
648 3116 688 3182 de
710 3115 765 3182 illo
788 3123 851 3202 est,
881 3119 1029 3202 quoniam
1052 3117 1167 3185 bonum
1192 3123 1255 3201 eet,
1287 3117 1479 3204 superfluum

313 3238 368 3298 aut
388 3233 517 3316 longum
540 3232 639 3299 videri
661 3252 725 3298 non
748 3237 861 3318 potest.

403 3347 597 3414 Sefridue:
620 3347 675 3414 lbo
697 3347 830 3433 inquit
853 3353 888 3413 ut
911 3347 1015 3414 vultis.
1050 3347 1218 3434 Postquam
1244 3347 1431 3416 confirmata
1452 3355 1482 3416 et

314 3464 468 3530 instructa
490 3467 540 3530 eet
561 3462 694 3530 eeclesia
715 3464 748 3529 in
771 3461 906 3545 Pirisaa,
937 3462 1094 3530 uberrime
1119 3463 1275 3531 lacrimali
1303 3464 1482 3552 populoque

313 3580 475 3666 primitivo
498 3585 606 3647 nostro
630 3598 702 3645 caro
726 3576 840 3644 affeetu
856 3576 1087 3662 valefacientem
1110 3579 1223 3664 legatis
1246 3599 1303 3646 nos
1327 3580 1481 3648 deducen-

207 3713 297 3760 nnes
314 3696 414 3780 tibus,
444 3696 482 3763 ad
506 3696 665 3762 civitatem
689 3695 776 3760 ducis
800 3693 965 3760 Geminam
988 3693 1180 3760 devenimus.
1270 3693 1351 3761 Erat
1377 3701 1480 3762 autem

314 3812 380 3878 illio
403 3812 538 3894 ducissa,
564 3831 643 3877 uxor
665 3809 812 3877 videlicet
833 3810 921 3876 ducis
944 3809 1110 3893 legittima.
1150 3809 1202 3894 Et,
1225 3809 1300 3878 lieet
1321 3812 1407 3878 inter
1428 3831 1482 3898 pa-

314 3947 422 4011 ganos,
446 3927 617 3994 christiane
630 3931 737 3993 tamen
752 3924 914 4010 religionis
933 3945 1064 4011 memor,
1087 3925 1126 3994 de
1147 3931 1256 3992 nostro
1280 3925 1419 3994 adventu
1440 3926 1482 3992 le

314 4044 438 4110 tissima
460 4041 594 4110 efficitur
621 4048 654 4110 et
680 4061 750 4108 oum
780 4042 867 4109 omni
889 4041 982 4107 domo
1010 4062 1068 4107 sua
1089 4046 1177 4108 tanto
1200 4063 1258 4109 nos
1281 4041 1482 4108 devotissime

315 4161 469 4247 suscepit,
499 4164 617 4244 quanto
639 4164 672 4224 et
693 4157 752 4224 hoo
773 4159 887 4225 marito
916 4157 1041 4245 plaeere
1070 4177 1188 4244 sueque
1216 4162 1250 4225 et
1276 4157 1363 4224 illins
1389 4157 1481 4225 saluti

315 4276 514 4361 profuturum
541 4294 605 4340 non
627 4273 792 4341 dubitavit
832 4273 930 4341 Nobis
958 4273 1074 4342 etenim
1097 4271 1215 4341 Pirisse
1237 4273 1482 4358 demorantibus,

388 4429 408 4462 a
433 4415 527 4463 omsa:
544 4417 669 4477 Septimum
686 4415 716 4462 N.
877 4415 899 4461 b.
923 4414 1007 4462 munt
