3142 4850
420 359 543 407 neonus
566 361 646 406 vrrs
669 358 827 408 ors-oms.
862 363 928 408 ιιι.
945 362 972 408 11
995 359 1008 410 1
1232 345 1298 410 619

125 514 227 582 viculc
255 516 490 603 imposuerunt3
520 518 677 585 dicentes:
707 521 996 608 Quandoquidem
1023 535 1112 587 mata
1139 522 1198 587 tibi
1220 545 1298 609 pre·
1315 551 1339 592 o.
1351 537 1420 592 1122

126 633 295 697 dicationis
322 636 402 698 inest
431 636 584 715 aviditas,
613 638 745 722 predica
768 639 912 722 piscihus
941 640 1041 702 maris
1068 651 1097 702 et
1116 637 1297 704 volatilibus

125 743 236 824 celi·¹,·
264 761 293 813 ot
314 771 389 813 eave
410 771 449 813 aa
471 750 555 814 ultra
575 751 659 832 sicea
681 764 805 816 cosmos
831 755 983 837 sniapera
1009 775 1192 838 pressuram
1220 757 1298 838 qaia

124 883 189 926 oon
212 876 258 928 cst
280 867 337 949 qai
358 867 492 949 receptat
513 878 552 943 tc,
576 880 701 931 nonest
717 889 817 952 usqua
839 868 883 931 od
898 890 1005 931 caum.
1096 865 1298 933 Bemhardus

126 981 241 1059 autem,
264 978 356 1043 iuxta
377 977 562 1043 mandatum
586 980 801 1062 euangelicum
818 999 950 1047 excusso
966 982 999 1047 in
1015 1001 1068 1048 eos
1090 982 1222 1067 pulvere
1243 1001 1298 1067 pe-

125 1088 231 1175 dum’,
262 1093 303 1157 ad
330 1093 441 1158 ducem
465 1091 593 1160 Polooie
622 1097 792 1162 revertitur
821 1099 1051 1180 eventuumque
1078 1117 1207 1162 suorum
1234 1117 1299 1163 uon

124 1208 194 1272 sine
216 1207 356 1273 lacrimis
371 1209 489 1273 retexit
501 1207 676 1276 historiam.
712 1209 770 1276 eui
791 1211 861 1276 ille:
885 1211 1001 1277 Nouae
1023 1213 1069 1276 ait
1082 1214 1202 1278 dodam
1220 1236 1297 1300 pre·
1386 1213 1395 1230 '

125 1325 286 1403 dumam,
310 1325 505 1390 Pomercaos
523 1327 623 1407 fidem
645 1330 773 1391 minime
798 1328 997 1412 recepturos?
1033 1327 1110 1392 Noa
1133 1350 1207 1415 erpo
1230 1351 1298 1393 am·

119 1440 212 1525 plico
234 1442 381 1504 caninum
405 1449 511 1504 eoram
527 1453 711 1526 attemptare
725 1443 802 1506 uelis
817 1443 1014 1522 domama,
1039 1445 1116 1528 qaia
1134 1445 1301 1529 prophani

124 1567 199 1619 scat
226 1569 254 1619 ot
281 1555 374 1619 verto
404 1556 515 1619 salutis
544 1558 680 1641 iadipac'.
721 1557 766 1622 At
792 1557 973 1642 episcopus:
1003 1557 1168 1623 Animulas
1194 1557 1300 1642 inquii

122 1683 199 1734 aaut
222 1683 250 1734 et
270 1671 488 1756 epitatualicm
507 1673 635 1756 pariture
658 1674 769 1757 ipoara
790 1674 962 1748 donorum
990 1675 1122 1758 ideoque
1144 1673 1298 1738 homiaem

123 1807 189 1849 con
205 1787 271 1849 cisi
292 1789 441 1850 ιιιιιίιιί
462 1787 569 1850 habita
584 1789 763 1852 mobeatur.
799 1788 854 1852 Μι
869 1789 996 1873 quiden
1017 1810 1078 1873 pro
1099 1792 1299 1874 paupertatis

123 1921 191 1963 mes
218 1903 364 1966 tenuitate
392 1902 587 1977 abieceraot3
619 1904 674 1967 sed
701 1905 732 1967 ai
761 1915 873 1989 potens
903 1905 1072 1988 qaisquam
1103 1906 1297 1988 predicator,

124 2018 215 2079 cairus
236 2017 373 2100 plasium
397 2019 580 2082 attoarios
604 2017 832 2099 reueraaatar',
862 2019 906 2082 od
929 2040 979 2083 eos
1002 2021 1179 2098 occesserit,
1206 2042 1298 2106 spero

124 2131 199 2195 illos
221 2133 331 2216 iopam
346 2131 464 2198 Christi
484 2146 654 2218 spontanee
668 2135 835 2198 subiturae.
871 2131 945 2198 Dux
966 2132 1073 2215 igitur,
1097 2152 1223 2200 servum
1238 2133 1299 2200 Dei

125 2243 233 2311 dehita
262 2244 345 2332 apud
373 2267 407 2312 sa
434 2247 614 2313 reverentie
641 2267 698 2333 per
721 2247 843 2332 aliquot
863 2248 932 2313 dies
958 2266 1147 2333 repausans,
1175 2269 1247 2315 cum
1270 2250 1300 2316 ei

124 2359 311 2447 temporalis
327 2359 391 2428 vito
413 2361 560 2447 preberet
582 2362 783 2448 adminicula,
808 2363 849 2430 ab
870 2363 936 2430 eius
961 2382 1014 2430 ore
1037 2363 1070 2430 in
1093 2383 1150 2430 sno
1173 2370 1300 2450 pectore

125 2476 278 2543 alimenta
301 2477 457 2545 referebat
479 2479 551 2544 vite.

216 2591 346 2658 Interim
362 2592 479 2658 curiale
494 2592 684 2678 colloquium
706 2594 739 2659 in
762 2593 889 2659 civitate
903 2591 1159 2677 Babenbergenei
1180 2595 1297 2662 tactum
1331 2608 1401 2662 1122

125 2703 205 2791 eet',
233 2708 288 2774 ubi
311 2707 569 2774 convenientibus
596 2707 686 2790 regni
714 2708 910 2795 principibus
939 2714 972 2774 ιι
997 2709 1067 2793 ipsc
1089 2708 1157 2775 Deo
1184 2709 1299 2792 dignus
1314 2680 1373 2727 ΝΜ·
1384 2682 1412 2727 ¹¹

125 2823 256 2889 advenit
277 2822 478 2889 Bernhardus
502 2823 684 2909 episcopos,
714 2825 898 2907 cunctisque
919 2824 1062 2889 doctrine
1090 2829 1122 2890 et
1144 2824 1300 2910 sapientie

124 2957 163 3005 ac
186 2942 361 3005 ceterarum
386 2940 537 3005 viantum
561 2938 698 3005 culmina
719 2938 874 3005 mirabilis
897 2938 1079 3024 apparebat

216 3054 296 3120 Nam
322 3059 354 3120 et
376 3053 565 3121 venerabilis
582 3052 712 3119 Heim0⁶
735 3055 911 3141 presbyter,
935 3054 1104 3120 amonitus
1126 3054 1227 3120 sancti
1249 3054 1298 3121 la·

123 3170 207 3253 cohi,
231 3170 285 3254 qui
308 3170 408 3235 multa
431 3169 521 3235 uobis
544 3169 664 3251 ingenii
686 3171 735 3235 sui
758 3172 953 3236 monimenta
971 3169 1110 3255 reliquit,
1134 3169 1298 3237 abeodem

123 3284 245 3351 Christi
268 3305 358 3351 servo
382 3285 483 3352 multa
503 3286 614 3352 didicit
635 3286 675 3351 de
699 3290 766 3352 erte
783 3286 996 3369 calculatoria,
1020 3306 1081 3371 que
1102 3287 1191 3372 prius
1214 3287 1299 3373 apud

123 3400 272 3484 vulgatos
295 3400 499 3486 compotistus
523 3402 655 3467 obscura
683 3408 716 3467 et
743 3402 893 3467 intricata
921 3420 961 3467 ne
984 3402 1087 3468 dicam
1114 3402 1229 3469 falsata
1249 3403 1298 3469 in·

124 3522 264 3582 venerat.
302 3514 363 3581 Sed
388 3521 419 3581 ιι
434 3516 472 3581 de
489 3516 579 3582 annis
601 3516 640 3583 ab
657 3516 778 3599 origine
801 3516 911 3583 mundi
934 3538 1033 3601 usquc
1055 3518 1097 3583 ad
1119 3518 1299 3604 passionem

123 3631 263 3715 Christi,
293 3650 330 3697 ac
353 3631 466 3697 deinde
489 3632 527 3698 de
550 3632 641 3696 aunis
666 3631 794 3699 Domini
823 3653 923 3717 usque
945 3633 986 3699 od
1007 3640 1150 3699 nostrum
1173 3640 1299 3720 tempus

122 3748 295 3831 diligenter
310 3767 379 3813 eum
397 3768 434 3813 eo
450 3746 598 3829 contulit3
622 3748 770 3832 quoniam
787 3748 1044 3834 supputationem
1064 3768 1173 3815 eorum
1188 3769 1299 3816 secun

122 3864 201 3931 dum
217 3862 361 3946 vulgatos
377 3862 610 3950 cronographus
626 3863 806 3947 euangelica
822 3863 947 3931 veritati
971 3869 1003 3929 ιι
1017 3864 1196 3932 auctoritati
1212 3865 1299 3932 nullo

122 3980 220 4045 modo
244 3978 434 4044 concordare
456 3978 584 4045 sciebat.
619 3978 709 4045 Unde
732 3984 766 4045 ιι
787 3980 857 4064 ipse
872 3979 1060 4045 venerabilis
1077 3980 1177 4045 frater
1192 3987 1299 4047 noster

122 4094 256 4179 Haimo,
284 4094 477 4161 mirabilium
508 4094 609 4160 editor
637 4114 782 4180 operum,
815 4095 850 4159 iu
878 4094 1007 4181 prologo
1034 4095 1197 4162 cuiusdam
1224 4096 1299 4163 libri

199 4276 219 4309 s.
244 4276 286 4309 om.
301 4262 325 4311 0.
418 4264 441 4309 b.
465 4266 596 4311 reverentur
612 4264 635 4309 ιι
653 4260 677 4311 0.
770 4276 791 4311 c.
813 4262 901 4311 Hanno
920 4261 944 4310 0.

198 4368 223 4422 1.
243 4365 284 4422 Of.
299 4366 398 4423 Ganos.
413 4368 437 4436 1,
456 4368 500 4421 26.
608 4368 634 4423 h.
652 4366 748 4422 Mauo.
763 4368 863 4436 10,14.
970 4368 996 4421 3.
1019 4366 1065 4423 dis
1084 4369 1116 4423 11
1135 4368 1205 4425 Nou.
1219 4370 1297 4425 1122.

120 4456 160 4513 V.
177 4455 337 4513 Ehhehardi
356 4455 541 4527 chrou.1122‚
560 4456 631 4512 Mon.
645 4454 737 4511 Germ.
750 4454 846 4513 ss.vl
863 4456 925 4511 260.
