3142 4850
373 338 562 387 mrsrocan
584 336 863 387 consensuum.
898 334 941 389 cc.
955 336 989 387 ar
1201 322 1263 388 521

183 496 250 563 lum
264 497 320 564 din
342 502 546 584 expectantes
569 499 815 584 expectavimus,
839 504 876 565 nt
894 498 1032 585 aliquem
1047 501 1198 566 nuncium
1213 520 1267 567 νο-
1314 518 1382 573 1123

96 618 196 679 strum
211 614 422 700 reciperemus
433 634 530 700 super
545 618 636 680 tanta
649 613 844 682 desolatione
857 620 977 697 vestrm
994 615 1048 699 qni
1064 620 1096 682 et
1110 616 1150 681 de
1161 622 1268 683 uestra
1284 594 1338 651 ¹³⁰⁸*
1352 590 1418 639 ΝΤ·

96 727 256 795 uoluntate
271 730 422 796 certiores
443 750 503 795 nos
519 729 674 814 redderet,
697 736 731 797 οῖ
752 736 860 798 nostre
878 731 1088 798 fraternitatis
1103 750 1267 799 assensum

94 864 191 931 super
212 845 390 913 ordinando
411 846 526 913 eclesia
549 850 655 913 νοοῖτο
676 866 740 912 non
762 846 948 932 despiceret
988 845 1149 931 Siquidem
1168 866 1269 932 puras

94 1075 172 1141 ordo
194 1076 243 1143 sic
262 1076 333 1145 lieri
354 1074 546 1163 postulabat
629 1076 694 1143 Vos
717 1082 839 1161 eutem,
866 1078 994 1162 antique
1017 1077 1214 1145 discretionis
1237 1083 1269 1145 et

92 1192 262 1277 prudentie
291 1198 396 1260 νοοῖτο
423 1193 624 1259 immemores
654 1200 688 1260 et
710 1228 752 1239 -
777 1196 814 1258 ut
842 1190 881 1259 de
913 1210 1050 1279 persona
1080 1200 1190 1261 nostra
1219 1200 1269 1261 ta·

93 1326 221 1374 memus
238 1309 373 1393 -quid
395 1310 490 1375 matri
510 1315 614 1375 νοοῖτο
636 1312 744 1374 οοοοῖο
762 1306 944 1391 mogontine
966 1309 1079 1377 eclesie
1101 1310 1267 1395 deberetis,

92 1443 208 1510 parum
238 1424 450 1509 attendentes,
479 1430 571 1491 extra
598 1443 720 1490 morem
748 1422 942 1491 eclesiastioe
970 1426 1206 1493 consuetudinis
1233 1426 1268 1493 in

92 1540 181 1605 omni
204 1560 300 1607 caum
322 1545 430 1607 νοοῖτο
458 1540 667 1625 processistis.
708 1538 789 1617 Quia
817 1539 911 1606 etde
934 1538 997 1607 clia
1019 1539 1134 1607 eclesia
1158 1562 1268 1628 perso-

90 1651 187 1721 ττοτττι
216 1655 356 1739 elegistis
384 1661 418 1722 οῖ
446 1656 578 1723 eundem
607 1654 743 1742 quadam
771 1674 854 1721 nora
881 1656 1086 1741 usurpatione
1114 1656 1208 1723 onnlo
1237 1664 1270 1726 οῖ

90 1770 207 1838 baculo
228 1777 392 1856 tamqnam
407 1772 558 1839 investire
580 1791 645 1838 non
668 1771 886 1877 abhorruistis.
922 1770 1011 1850 Quod
1026 1776 1132 1839 tamen
1148 1773 1187 1840 de
1202 1778 1267 1839 tam

89 1888 252 1954 instructa
273 1887 425 1955 hactenus
448 1888 563 1955 eclesia
585 1894 618 1955 et
632 1892 681 1953 tot
695 1886 856 1953 laboribus
873 1893 905 1955 et
925 1888 1195 1973 persecutionibus
1209 1909 1268 1976 pro

89 2002 268 2070 obtinenda
289 2004 441 2069 canonica
462 2004 652 2070 investitura
666 2004 776 2069 attrita
791 2004 869 2069 satis
884 2002 994 2071 mirari
1009 2022 1073 2069 non
1090 2024 1268 2090 possumus.

88 2117 202 2185 Solius
224 2120 309 2185 enim
332 2120 578 2185 consecrationis
601 2124 650 2186 οοῖ
672 2119 748 2185 dare
771 2117 900 2185 anulum
924 2124 956 2185 οῖ
979 2118 1134 2185 baculam.

183 2234 228 2301 Ut
254 2240 360 2303 antem
392 2234 442 2301 his
477 2236 623 2302 omnibus
658 2236 698 2300 nd
731 2254 862 2321 presens
898 2234 1178 2321 supersedeamus,
1212 2234 1271 2302 hoc

86 2350 315 2417 tantummodo
337 2351 530 2432 iratemitati
546 2357 650 2419 vestre
672 2351 890 2419 rescribimus:
916 2352 999 2437 qnod
1023 2351 1064 2418 ad
1082 2351 1198 2419 ῖτοῖτοο
1214 2371 1271 2419 no·

87 2475 178 2535 utros
207 2465 401 2552 llogontiem
430 2465 605 2549 tendimus,
636 2468 929 2553 communicatoque
957 2487 1029 2534 cum
1058 2469 1103 2534 eis
1131 2474 1165 2536 et
1192 2489 1270 2554 qnos

87 2604 270 2652 conuocare
292 2585 467 2672 poterimus
489 2583 632 2668 consilio,
656 2583 810 2669 quidquid
833 2583 872 2650 ad
890 2584 1040 2650 honorem
1056 2583 1116 2651 Dei
1132 2589 1165 2651 οῖ
1179 2585 1270 2652 iusti·

87 2701 176 2769 ciam
206 2701 308 2786 ipsius
336 2699 527 2788 poterimus,
558 2699 694 2766 libenter
720 2699 845 2785 plenius
875 2699 963 2766 uobis
997 2699 1269 2786 respondebimus.

86 2815 217 2884 Valete

89 3031 155 3102 27.
188 3031 354 3098 Rnkkenra
389 3031 642 3117 orodispbcopue
671 3029 953 3116 Mopdedorqmas'r
985 3029 1174 3096 Ottoueml
1203 3034 1270 3119 epi·

183 3170 317 3234 semen
338 3147 601 3234 Bambsryeuaem
622 3158 726 3231 repat,
749 3159 785 3211 at
804 3167 867 3233 pro
890 3144 1002 3212 Ottoue
1025 3145 1118 3212 electo
1135 3145 1270 3214 Heldo*

183 3267 317 3330 moene
344 3266 476 3330 amotos
504 3264 549 3328 od
571 3261 814 3328 Admetum!
837 3261 1111 3349 archiepiscopum
1132 3263 1271 3350 Moqrou·
1331 3345 1337 3360 ,

184 3383 288 3446 mom
308 3377 439 3446 mimi.

184 3502 367 3570 Venerabili
395 3504 430 3569 in
457 3501 583 3569 Christo
612 3506 720 3568 sancte
746 3497 1019 3584 Bauenbergensis
1049 3500 1162 3568 eclesie
1190 3502 1271 3569 anti·

86 3622 160 3687 stiti
186 3619 298 3687 Ottoni
311 3618 488 3702 Rokkerns,
509 3616 845 3702 Magedabnrgensiam
869 3615 977 3684 divino
998 3619 1102 3700 gratis
1124 3617 1272 3703 quioquid

87 3743 151 3820 est,
177 3755 253 3803 enm
268 3735 348 3802 duce
361 3733 513 3801 Lothario
528 3740 561 3800 et
578 3733 692 3800 comite
708 3730 871 3816 wigberto
894 3739 927 3800 et
948 3753 1020 3800 cum
1036 3735 1123 3800 omni
1138 3733 1272 3801 Halber·

87 3852 239 3920 stadensi
260 3850 376 3918 eclesia
397 3850 576 3917 orationum
600 3854 633 3915 et
654 3847 780 3916 servicii
803 3854 961 3934 promtam
984 3849 1224 3917 exhibicionem.

186 3967 224 4034 ln
246 3973 352 4034 vestm
379 3967 520 4034 cantatis
550 3965 691 4032 bonitate
718 3963 891 4051 plurimam
920 3964 1128 4049 confidentes,
1156 3965 1272 4032 obnixe

87 4105 257 4171 rogamus,
279 4089 317 4150 ut
338 4083 380 4150 nd
401 4081 648 4149 confirmandam
670 4082 705 4146 iu
720 4080 847 4147 Christo
869 4079 1052 4150 electionem
1076 4087 1217 4149 nostram
1237 4082 1272 4148 in

164 4224 188 4254 ι
213 4211 306 4255 metus
327 4207 414 4268 scripsi
430 4223 477 4268 pro
493 4221 549 4252 suus
565 4205 614 4253 cod.
707 4204 730 4250 b.
753 4204 878 4266 Descripre'
897 4219 926 4252 ec
942 4204 1082 4254 nummus
1099 4206 1202 4254 swercin
1222 4205 1272 4254 cod.

87 4290 147 4339 troi
160 4289 217 4349 imp.
228 4285 309 4335 Poris.
321 4289 399 4333 1185!
415 4285 545 4348 (quosdam
561 4287 585 4332 S.
596 4284 709 4333 umores
724 4283 784 4342 440)
801 4283 848 4346 sol.
860 4285 921 4341 296,
938 4284 979 4332 ubi
995 4284 1213 4335 aestimaretur
1228 4285 1271 4334 od·

88 4370 145 4418 dire
162 4367 223 4416 tare
239 4365 338 4430 epistola
352 4373 394 4414 eat
418 4365 552 4414 Bdiderum
568 4366 677 4413 Murteae
692 4371 715 4412 et
729 4363 835 4412 Dareod
852 4363 934 4414 cett!
949 4367 1003 4414 681.

170 4457 196 4510 1.
215 4453 344 4510 ottonem
362 4453 524 4510 canonicum
543 4449 818 4522 magdeburgensem.
