3142 4850
300 304 367 370 426
663 297 851 370 'nonnanes
872 321 1000 371 connx.
1035 321 1089 372 aaa

213 498 282 550 1130
301 481 427 564 diceret,
452 482 645 549 anathemati
668 481 861 564 subiaceret3
883 488 917 549 et
937 484 965 549 si
979 483 1052 567 quis
1067 481 1164 550 alium
1181 483 1394 569 adtemptaret
1413 483 1461 551 eli·

217 569 283 616 Μ’·
300 619 383 682 gere,
407 598 525 664 foetum
548 617 606 684 pro
629 597 745 664 inlecto
767 597 937 666 baberetur
959 617 1018 664 nec
1040 599 1110 684 ipse
1131 599 1265 666 ulterius
1285 599 1320 666 in
1341 599 1464 666 emlesia

298 714 403 780 locum
426 717 680 798 consequeretur.
720 713 809 793 Quod
832 718 865 780 et
889 715 960 800 ipse
982 712 1094 781 Petrus
1116 713 1232 782 Leonis
1259 734 1317 782 ore
1342 715 1463 801 proprio

300 829 512 910 confirmavit3
537 829 691 896 adiciens:
716 849 779 897 non
802 835 948 916 oportere
963 849 1018 896 eos
1032 828 1187 915 dubitare,
1210 831 1296 916 qnod
1309 831 1464 898 omamooa

300 965 357 1012 sus
379 947 413 1010 in
436 944 569 1012 ecclesia
583 943 660 1012 Dei·
676 945 859 1012 scandalum
882 946 1029 1029 oriretur,
1051 947 1127 1031 qnia
1142 946 1253 1014 mallet
1272 947 1307 1013 in
1322 946 1464 1032 abyssum

300 1059 479 1144 submergi*
503 1081 597 1146 qnam
619 1067 751 1147 propter
772 1082 808 1128 se
834 1061 1017 1129 scandalum
1038 1061 1138 1128 nasei.
1227 1061 1386 1148 Deinceps
1407 1066 1465 1128 sta·

300 1180 403 1242 tubum
427 1181 485 1260 est,
509 1181 545 1242 nt
567 1176 718 1244 electores
741 1177 842 1244 altera
863 1177 915 1244 die
937 1176 1032 1243 simul
1053 1178 1267 1244 convenirent

389 1291 535 1359 Ceterum
559 1290 671 1359 Petrus
685 1291 812 1378 Leonis,
840 1313 913 1360 oum
935 1292 1090 1358 Ionathan
1112 1292 1153 1359 ab
1178 1293 1225 1360 eia
1253 1291 1414 1376 recedens,
1434 1299 1467 1358 nt

299 1427 411 1474 corvus
434 1407 488 1473 ille
504 1407 553 1473 vel
577 1407 758 1476 submersus
774 1408 824 1476 vel
847 1409 990 1476 carnium
1011 1408 1151 1491 ingluvie
1166 1408 1323 1492 detentere,
1347 1408 1389 1474 ad
1406 1408 1466 1474 ira·

299 1529 363 1590 tres
387 1527 498 1609 postea
515 1523 617 1590 redire
640 1525 846 1610 contempsit3
871 1529 903 1591 et
920 1523 1138 1590 conventicula
1153 1543 1295 1590 seorsum
1309 1523 1465 1606 colligens,

299 1639 398 1706 altare
421 1637 652 1705 maledictionis
676 1641 796 1723 erigere
820 1639 993 1723 sategebat
1032 1639 1122 1718 Quod
1142 1639 1206 1706 nisi
1229 1639 1364 1705 domnus
1388 1658 1467 1725 papa

299 1754 473 1838 Honorius,
498 1773 591 1840 quem
615 1755 785 1824 credebant
805 1757 872 1821 iam
894 1761 1069 1839 mortuum,
1101 1775 1135 1821 se
1157 1756 1199 1821 ad
1220 1755 1393 1822 lenmmam
1413 1774 1467 1841 pc·

300 1868 373 1957 pulo
396 1871 602 1956 ostendisset,
633 1891 703 1938 cum
725 1871 862 1938 fratrum
885 1877 918 1938 et
944 1872 1193 1958 propinquorum
1223 1889 1262 1938 ac
1287 1869 1467 1936 muneribus

300 1991 332 2052 et
353 1987 511 2072 obsequiis
535 1987 760 2053 conductorum
783 1987 877 2054 turba
904 1987 1122 2053 ministrorum
1145 2005 1260 2072 praeco
1282 1985 1466 2070 antichrisb‘,

300 2122 397 2188 supra
420 2102 502 2187 quod
526 2103 642 2169 dicitur
662 2102 759 2187 Deus,
782 2107 856 2169 ante
879 2108 1004 2189 tempos
1027 2122 1061 2168 se
1084 2097 1274 2169 extulisset¹.

389 2216 499 2301 ltaque
521 2236 592 2284 cnm
608 2219 665 2286 bec
680 2217 757 2284 talia
773 2219 1025 2305 praesensissent
1045 2218 1102 2301 bii,
1124 2237 1258 2302 quornm
1274 2218 1371 2284 corda
1384 2217 1467 2284 Dens

300 2333 458 2416 tetigerat,
484 2333 633 2401 ecclesiae
656 2335 831 2421 pericnlum
855 2339 1099 2421 expavescentes
1121 2340 1155 2400 et
1176 2335 1376 2420 tempmtatis
1400 2353 1465 2419 pro-

177 2463 283 2512 nonme
299 2448 394 2517 cellas
417 2450 481 2516 iam
504 2450 759 2535 intumescentes,
783 2472 855 2517 cnm
878 2470 964 2537 papa
977 2450 1137 2518 Honorius
1158 2451 1193 2517 in
1214 2454 1308 2517 sexta
1328 2450 1410 2517 leria
1429 2449 1466 2515 ds

299 2566 394 2632 inicio
417 2566 676 2651 quadragesimae
699 2567 740 2633 ad
756 2570 863 2653 patres
878 2586 951 2633 snos
966 2568 1130 2653 appositus
1146 2570 1231 2633 esset
1246 2605 1288 2617 -
1304 2565 1465 2633 celebratis

299 2682 458 2767 exsequiis
480 2703 538 2769 pro
561 2683 749 2749 necessitate
770 2682 832 2749 loci
854 2688 888 2750 et
908 2683 1077 2769 temporis,
1104 2702 1167 2749 non
1189 2687 1298 2749 tamen
1319 2702 1361 2749 ex
1383 2699 1465 2748 more

300 2798 382 2865 siout
404 2798 585 2884 oportebat,
612 2818 683 2864 cnm
706 2797 896 2864 calamitatis
918 2804 1090 2885 tempestas
1118 2799 1311 2865 instaret-
1332 2798 1373 2865 de
1400 2802 1465 2863 omo

301 2915 443 3001 personis
460 2916 500 2980 ad
524 2914 708 2981 electionem
729 2914 836 2981 electis
851 2913 1066 2997 Prenestinns,
1089 2913 1284 2997 Sabinensis,
1306 2913 1342 2979 B.
1360 2912 1465 2995 Ruina,

300 3030 504 3111 Atimericus)
534 3030 755 3114 cancellarius,
791 3032 933 3115 quintum
963 3029 1150 3113 Gregorium
1183 3028 1378 3097 cardinalem
1403 3028 1467 3095 dia·

300 3164 412 3211 conum
445 3147 546 3212 sancti
574 3145 702 3230 Angeli,
735 3146 870 3213 invitum
899 3150 934 3212 et
964 3144 1110 3212 omnibus
1137 3145 1240 3213 modis
1270 3146 1467 3225 renitentem,

300 3268 370 3328 cum
395 3262 550 3344 religiosis
566 3261 642 3327 viris
666 3262 823 3348 episcopis
845 3260 1057 3328 cardinalibus
1079 3261 1264 3348 presbiteris
1286 3259 1467 3328 diaconibus
1560 3272 1562 3331 l

300 3382 332 3443 et
354 3376 597 3445 subdiaconibus
620 3378 653 3443 in
684 3397 842 3443 summum
864 3376 1045 3463 ponb'fiaem
1074 3376 1253 3461 elegerunt3
1281 3396 1353 3443 cnm
1375 3375 1467 3442 Petro
1560 3398 1562 3420 =

299 3492 431 3577 Leonis,
461 3494 515 3578 qui
538 3498 607 3559 erat
628 3500 775 3577 octavm,
798 3492 917 3574 Ptetro)
939 3492 1054 3559 Pisano
1078 3498 1168 3561 sexto
1191 3498 1224 3560 et
1244 3491 1378 3559 lonatba
1398 3509 1468 3576 ssp-

299 3609 377 3675 timo
399 3608 645 3675 remanentibus.
1560 3674 1562 3711 ,

389 3724 477 3804 Quod
502 3724 555 3791 ubi
578 3732 773 3810 compertum
797 3729 846 3790 est
867 3724 907 3790 ab
928 3723 991 3807 bis,
1013 3724 1069 3809 qni
1084 3722 1224 3791 dolorem
1238 3724 1273 3790 in
1287 3723 1381 3790 corde
1395 3740 1467 3789 oon·

299 3845 459 3928 ceperant,
483 3845 519 3906 nt
541 3840 740 3924 iniquitatem
764 3836 929 3926 parerent'
946 3876 987 3887 —
1007 3859 1083 3905 nam
1097 3839 1213 3925 etipse
1226 3838 1340 3906 Petrus
1354 3836 1466 3905 Leonis
1560 3888 1562 3891 a

300 3956 444 4039 alongis
466 3960 551 4021 retro
580 3956 775 4042 temporibus
798 3954 894 4022 adid
922 3956 1088 4042 peruenire
1109 3960 1147 4022 ut
1173 3975 1287 4021 auarus
1310 3961 1343 4023 et
1369 3951 1466 4021 ambi·

300 4072 404 4139 ciosns
428 4070 644 4155 affectaverat,
672 4071 753 4138 sieut
774 4070 884 4137 multis
907 4071 1059 4158 probator
1080 4070 1222 4156 indiciis,
1251 4070 1354 4139 tribue
1373 4086 1464 4154 gme-

372 4253 393 4286 ι.
417 4254 459 4287 cra.
476 4238 499 4285 V.
712 4240 734 4285 b.
759 4239 881 4297 summergl
897 4238 923 4286 Ζ.

373 4344 396 4397 1.
416 4345 433 4397 2
451 4341 549 4398 Thess.
567 4344 597 4414 2,
616 4342 647 4399 4:
672 4346 723 4414 ,et
749 4342 888 4399 extollitur
910 4356 995 4413 snpra
1017 4356 1112 4414 omne,
1137 4342 1213 4414 quod
1238 4342 1339 4400 dicim
1358 4334 1459 4398 Dans!

300 4430 494 4500 inim
