3142 4850
316 328 382 393 680
596 344 720 394 nsosrs
742 346 821 392 vrrs
846 346 1002 393 erroris.
1038 348 1103 393 nm.
1119 346 1158 393 111
1180 342 1215 395 nu

229 522 297 575 1127
315 508 392 571 dum
406 507 573 571 intimavit„
607 505 749 589 Cumque
764 505 823 571 hec
836 505 1007 571 furibunda
1023 511 1056 572 et
1070 506 1274 572 kaebinnanti
1290 524 1365 571 voce
1380 525 1486 590 prom-

316 621 420 702 sisset,
442 620 550 685 stetim
574 640 593 685 u
613 619 739 686 diabolo
762 621 931 686 confractis
954 620 1138 704 cervicibus,
1162 628 1258 705 ceput
1279 621 1347 686 eius
1368 626 1487 686 retror—

316 754 387 801 sum
410 742 460 801 est
480 734 636 801 horrendo
659 740 693 801 et
714 734 907 801 miserabili·
927 736 1037 801 ordine
1059 741 1285 818 transversum,
1309 735 1488 803 cerebrum-

317 870 379 935 que
400 849 469 915 loco
492 870 550 915 suo
566 849 699 916 exiliens
714 850 835 916 crudeli
858 852 978 936 impeto
1001 851 1116 937 parieti
1139 856 1189 917 est
1210 850 1386 937 appulsum.
1418 850 1488 928 Quo

316 966 385 1030 viso
413 966 506 1030 amici
535 965 602 1030 eins
624 965 826 1033 uehementer
849 966 1058 1051 obstupefacti
1087 984 1214 1033 causam
1243 966 1368 1031 insolite
1394 964 1490 1030 buius

317 1080 506 1147 calamitatis
530 1078 570 1144 eb
593 1099 630 1146 eo
648 1081 858 1147 sciscitantur.
894 1081 939 1146 At
960 1079 1024 1165 ille,
1047 1081 1101 1146 din
1124 1080 1288 1147 horrisono
1311 1080 1417 1145 sonitu
1437 1080 1490 1144 in·

316 1195 492 1280 crepitans,
520 1196 650 1261 tandem
678 1195 797 1280 erupit:
832 1196 916 1277 Quia
942 1196 988 1260 ait
1010 1218 1097 1262 seso
1120 1196 1187 1261 Dei
1212 1199 1347 1261 iusidias
1373 1197 1492 1261 mendi

317 1324 347 1376 ct
368 1333 423 1375 coe
446 1335 467 1374 a
488 1314 542 1375 ‘uo'u
563 1314 705 1375 vementes
726 1334 876 1397 separare
899 1315 1045 1397 eoqitooi,
1077 1312 1257 1376 amodum
1279 1336 1300 1375 a
1321 1312 1391 1376 Deo
1413 1333 1490 1396 perr·

317 1448 425 1491 casm
448 1448 526 1491 sem.
560 1423 605 1491 Et
626 1424 677 1490 his
699 1424 792 1491 dictis
816 1426 1004 1511 exspiravit3
1031 1430 1182 1509 nomque
1203 1425 1302 1491 fetore
1325 1424 1413 1491 locos
1434 1424 1491 1490 ills

317 1539 458 1625 raptatus
480 1545 539 1622 est,
566 1546 603 1604 ut
623 1559 716 1606 nemo
738 1539 805 1606 illio
828 1541 982 1607 moriente
1005 1560 1041 1607 eo
1065 1560 1121 1626 pre
1144 1538 1358 1607 intollerantie
1377 1540 1489 1605 fetoris

318 1656 490 1722 consistere
511 1654 640 1721 unieret
680 1654 724 1720 Et
750 1660 787 1721 ut
815 1657 967 1741 scriptum
998 1661 1061 1722 est:
1090 1656 1251 1743 pestilente
1277 1656 1407 1721 multam
1435 1678 1490 1720 ea·

316 1775 456 1859 peritior
471 1775 531 1836 m't
551 1775 679 1857 sapim
687 1766 706 1851 ¹,
730 1771 832 1837 omnis
849 1771 994 1856 popolus,
1019 1771 1125 1837 audito
1140 1772 1208 1837 eius
1223 1771 1363 1851 interitu,
1387 1770 1490 1852 megia

320 1907 357 1953 uc
380 1887 481 1970 magis
509 1886 542 1951 in
565 1886 639 1951 fidei
667 1886 904 1971 perseverentia
932 1891 981 1953 est
1009 1886 1212 1952 confortatus.
1301 1885 1393 1951 Alter
1416 1905 1490 1950 uero

319 2003 491 2086 sacrilegus
514 2001 657 2088 pontifex
679 2020 738 2065 nec
760 2001 806 2067 sie
828 2008 1034 2086 compunctus
1058 2008 1115 2067 est
1151 2001 1214 2067 Sed
1236 2001 1303 2066 viro
1326 1999 1387 2066 Dei
1417 2020 1491 2065 con·

320 2119 403 2185 vicia
424 2120 579 2201 irrogans,
602 2117 708 2183 aiebat
730 2116 905 2183 doctrinam
929 2118 996 2183 eius
1019 2118 1082 2184 cito
1108 2118 1141 2183 in
1163 2116 1227 2183 illis
1251 2116 1394 2203 partibus
1417 2114 1489 2182 abo·

320 2234 456 2300 lendam.
502 2232 546 2299 Et
573 2252 651 2318 quos
673 2236 814 2317 poterat,
843 2251 958 2297 avere
981 2234 1110 2299 tramite
1138 2233 1309 2299 conabetnr
1332 2237 1489 2312 auertere3

320 2348 404 2415 unde
435 2353 468 2415 et
500 2349 569 2435 ipse
596 2346 711 2414 iudicio
734 2347 795 2412 Dei
830 2352 902 2432 post
930 2349 1087 2414 modicum
1118 2348 1247 2413 interiit
1293 2346 1377 2412 Nam
1406 2346 1489 2429 dnm,

320 2484 417 2530 neusa
438 2464 573 2550 quadam
596 2464 778 2547 ingruente,
802 2465 927 2547 navigio
951 2485 1038 2530 mare
1061 2465 1226 2547 transiret,
1255 2483 1312 2548 pro
1335 2461 1489 2548 corporali

320 2579 509 2646 necessitate
532 2598 692 2662 egressos,
722 2578 824 2645 vicine
847 2579 926 2646 silve
948 2579 1081 2646 latibula
1108 2579 1213 2664 peciit
1255 2577 1393 2662 Moxque
1415 2598 1490 2644 non-

321 2694 401 2760 nulli
430 2715 469 2760 es
492 2694 660 2761 comitibus
690 2695 773 2777 suis,
803 2700 881 2760 nutu
906 2694 965 2762 Dei
990 2693 1057 2760 zelo
1080 2695 1203 2760 iusticie
1227 2695 1358 2776 murati,
1388 2693 1489 2779 ipsum

321 2810 403 2876 elam
425 2811 608 2876 insecuntur
631 2815 663 2874 et
685 2809 917 2894 apprehensum
940 2809 1060 2876 crudeli
1088 2809 1199 2893 laqueo
1229 2811 1262 2874 in
1290 2809 1489 2894 spissioribus

321 2925 400 2992 locis
432 2925 638 3010 suspendunt
689 2923 804 3009 Sisque
833 2925 922 2991 dolor
950 2925 1017 2990 eius
1047 2930 1079 2990 et
1109 2925 1260 3009 iniquitus
1287 2925 1320 2990 in
1344 2925 1488 2990 verticem

323 3043 423 3127 ipsius
451 3035 638 3106 descendit'.
729 3039 809 3105 Cum
845 3061 919 3123 ergo
947 3041 1063 3108 milites
1096 3039 1272 3122 octoginta*
1301 3047 1446 3124 quatuor,
1473 3059 1489 3104 a

323 3157 456 3243 profano
471 3155 526 3220 illo
542 3155 704 3221 sacerdote
719 3154 884 3240 ydolorum
902 3163 937 3222 ot
952 3156 1201 3242 supradiximus
1216 3156 1375 3240 premissi,
1391 3156 1487 3220 virum

324 3273 385 3338 Dei
408 3271 609 3354 novigentum
632 3271 848 3356 aspexissent,
879 3291 918 3336 ex
942 3271 1065 3336 insidiis
1089 3277 1304 3356 erumpentes,
1333 3291 1398 3354 quo
1425 3277 1488 3336 tan·

324 3387 422 3470 deret,
446 3385 586 3452 clamose
606 3405 682 3454 voce
704 3387 878 3470 requirunt
913 3385 1149 3472 Respondentes
1170 3385 1267 3468 legati
1290 3384 1488 3467 Stetinenses,

324 3522 381 3569 our
394 3502 455 3567 hec
467 3503 673 3586 inquirerent,
696 3502 837 3567 vicissim
851 3507 1104 3587 percunctentur.
1138 3501 1184 3567 At
1198 3499 1256 3585 illi,
1271 3519 1364 3567 uoces
1379 3501 1487 3566 ciuium

324 3624 358 3684 et
380 3617 551 3684 amicorum
575 3633 704 3683 suorum
727 3622 942 3701 agnescentes,
966 3616 1097 3699 gradum
1121 3616 1238 3683 sistunt
1251 3635 1347 3701 seque
1366 3635 1489 3702 presen-

325 3733 402 3799 tiam
426 3751 535 3797 eorum
556 3732 624 3798 illic
649 3731 787 3799 nescisse
809 3731 957 3797 fatentur.
996 3731 1046 3796 llli
1068 3751 1141 3797 vero
1165 3752 1183 3797 e
1204 3738 1332 3798 eontra:
1355 3734 1489 3798 maus

323 3849 475 3932 inquiunt
500 3850 637 3915 Domini
668 3849 862 3913 discordiam
894 3851 977 3912 iuter
1003 3849 1126 3912 ducem-1
1143 3859 1171 3913 et
1203 3869 1261 3913 uos
1292 3851 1488 3913 {sommum

325 3965 494 4029 desolvere
516 3965 667 4039 intenditr
693 3965 825 4047 ideoque
847 3983 911 4026 uon
931 3965 1094 4047 paciemur
1117 3985 1185 4028 eum
1208 3967 1379 4048 quicquum
1400 3963 1487 4028 mols·

326 4083 383 4145 etis
410 4083 445 4144 in
472 4080 531 4143 boo
557 4082 611 4143 vio
638 4081 808 4143 incurrere.
857 4077 923 4143 Sed
949 4090 1079 4143 mortem
1104 4101 1166 4163 pro
1194 4099 1229 4144 eo
1256 4079 1362 4144 subire
1385 4079 1489 4165 pas-uti

399 4260 419 4290 ι.
443 4245 542 4292 mirsbili
561 4243 585 4301 G,
602 4242 725 4289 miserabili
741 4243 770 4289 E.
879 4243 901 4288 b.
926 4243 1097 4301 octuugintst'.

401 4351 425 4403 l.
445 4347 487 4403 (li.
499 4349 580 4401 Prov.
591 4347 634 4416 19,
649 4347 683 4400 25
701 4351 730 4400 et
747 4347 848 4416 21,11.
921 4348 946 4402 2.
965 4347 1010 4402 Ps.
1021 4349 1045 4416 1,
1060 4349 1107 4402 17ι
1128 4346 1327 4417 ,convertetur
1344 4347 1419 4404 dolor
1434 4345 1483 4400 eim

328 4435 357 4489 in
375 4440 459 4504 ceput
476 4436 536 4489 eius
553 4440 583 4490 et
600 4435 629 4489 in
645 4435 776 4490 verticem
796 4434 882 4505 ipsius
899 4435 1029 4504 iniquitas
1047 4435 1106 4490 eins
1124 4433 1300 4491 descendet“.
