3142 4850
467 315 632 366 summor
654 315 782 366 eonrx.
817 313 874 364 uo
1211 293 1256 362 25

79 475 215 544 indueiis
231 475 347 560 sumti,
368 473 557 564 Papiansem
572 476 728 564 synodum
743 480 934 563 spreverunt
953 477 986 541 et
1000 473 1256 542 inconvenientes
1273 488 1326 544 997

37 587 44 598 '
81 612 190 660 oausas
207 592 249 658 ad
265 589 490 658 oonfutsndsm
507 592 661 678 synodum
677 611 735 679 por
750 590 895 658 luioulem
906 608 1074 677 perennem
1090 589 1255 673 miserunt,

81 707 118 776 ab
133 706 312 795 episeopuli
328 705 431 774 officio
448 707 691 794 suspendantur.
768 705 1001 774 Adelberonem
1014 703 1257 772 Lauduuensem

81 824 276 910 episeopum,
301 823 357 906 qui
379 822 475 888 etiam
491 797 769 909 metropolitanum
792 840 885 888 suum
908 820 1119 908 apprehendit
1137 825 1170 887 et
1190 825 1256 888 trs·

82 939 169 1022 didit,
194 939 237 1004 ab
253 937 428 1024 episoopali
450 935 552 1004 offieio
575 937 809 1024 suspendimus,
832 937 908 1021 quia
921 936 964 1002 ad
977 935 1133 1023 synodum
1148 936 1256 1004 renim

81 1054 281 1140 eontempait
317 1053 516 1121 Auetoritate
530 1053 614 1120 enim
629 1051 702 1120 Iulii
724 1071 828 1140 papae
845 1051 905 1118 hoe
926 1051 1097 1118 sanctitum
1118 1057 1178 1135 est,
1200 1051 1255 1136 qui

83 1171 175 1237 etiam
204 1168 417 1236 oooidentules
447 1169 629 1255 episeopos,
657 1168 698 1234 sd
720 1167 877 1254 synodum
905 1168 1013 1234 venire
1041 1171 1255 1253 spernentes·‚

83 1285 284 1372 depositione
295 1303 366 1350 reos
380 1284 548 1366 iudicavit3
571 1283 643 1350 illos
659 1303 745 1368 varo,
763 1283 866 1369 abque
880 1281 1055 1369 apostoliea
1068 1282 1256 1350 auetoritate

83 1401 260 1487 depositos,
282 1399 466 1466 innoeentes
488 1418 662 1467 remouere.
740 1398 911 1466 Decretum
935 1397 1116 1482 estotim,
1140 1402 1177 1464 ut
1197 1417 1255 1466 rex

83 1515 282 1598 Rdtbertua',
306 1516 361 1600 qui
383 1515 646 1599 eonsanguineam
668 1535 758 1582 suam
774 1518 886 1582 oontrs
904 1512 1158 1582 interdictionem
1177 1533 1255 1600 apo-

82 1631 224 1698 stolicam
249 1632 285 1696 in
308 1630 487 1714 coniugium
508 1631 615 1716 duxit,
639 1631 680 1698 sd
701 1630 951 1698 satisfaetionem
973 1634 1162 1697 oonvoeetur
1183 1649 1256 1698 oum

82 1747 249 1833 episeopis,
260 1745 312 1812 his
323 1745 444 1832 nuptiis
455 1745 583 1814 ineestis
594 1747 872 1814 eonsentientibus.
895 1744 931 1812 si
943 1750 1047 1812 autem
1059 1745 1254 1829 rennuerint,

82 1863 290 1928 eonmunione
310 1861 484 1948 priventur.
564 1861 661 1929 Cum·
684 1861 734 1930 his
755 1863 853 1930 etiam
874 1865 985 1928 saneta
1004 1860 1145 1947 synodus
1164 1881 1256 1928 sane·

83 1977 164 2044 tivit:
193 1982 232 2043 ut
261 1977 489 2064 Neapolitanus
517 1977 661 2062 invasor,
696 1979 750 2063 qui
779 1977 866 2044 iilius
892 1976 955 2044 looi
982 1975 1256 2062 arehiepiseopum

83 2092 277 2180 apprehendi
293 2093 369 2158 feeit
383 2096 415 2159 et
438 2114 471 2160 se
490 2093 523 2160 in
540 2093 674 2162 eundem
695 2092 801 2162 loeum
816 2113 875 2181 per
889 2092 1104 2180 symoniacam
1119 2090 1256 2160 heresim

81 2209 230 2274 eonstitui
244 2208 332 2292 feeit,
347 2209 381 2274 ni
396 2209 580 2294 satisfaciat,
597 2209 891 2277 anathematizetur.
970 2207 1143 2276 Constituit
1159 2207 1256 2276 etiam

81 2329 188 2391 saneta
218 2324 375 2410 synodus:
405 2331 455 2408 ut,
485 2325 513 2392 ai
541 2326 612 2410 quis
642 2325 809 2419 episeopus
839 2323 1006 2412 presbyter
1028 2323 1179 2392 diaeonus
1201 2329 1257 2392 aut

81 2440 222 2525 derieus,
247 2460 332 2528 pape
354 2440 511 2508 ineolume
534 2446 618 2509 otoo
634 2442 823 2527 ineensulto,
847 2448 903 2510 aut
919 2440 1182 2528 subscriptionem
1197 2461 1256 2527 pro

80 2554 221 2623 &mano
244 2556 432 2644 pontificatu
446 2556 646 2625 eommodare
670 2562 725 2625 aut
746 2558 859 2645 pitatio
874 2558 1061 2644 promittere
1081 2561 1137 2623 aut
1150 2576 1256 2623 saera·

81 2677 223 2739 mentum
247 2670 400 2757 praebere
414 2675 619 2759 temptaverit
641 2678 697 2743 aut
720 2673 848 2759 aliquod
863 2678 948 2741 uerte
963 2672 1146 2757 suffragium
1163 2672 1256 2758 polii·

81 2788 160 2855 esus
183 2786 292 2871 fuerit,
316 2785 378 2853 loui
400 2788 450 2855 sui
473 2788 628 2872 dignitate
651 2794 683 2857 et
705 2790 847 2857 omnium
873 2788 1014 2857 fidelium
1036 2788 1256 2856 communione

81 2904 223 2991 privetur
247 2908 280 2970 et
302 2902 596 2972 anathematizetur.

84 3114 116 3185 6.
145 3118 320 3185 Heinrioua
345 3116 387 3183 II
404 3140 461 3185 ree
488 3119 634 3185 reelesioe
656 3118 866 3207 Moqentioae
892 3120 1103 3206 possessiones
1131 3120 1257 3185 etiarn

145 3232 340 3317 eoafimutt
1120 3232 1160 3314 (Ε
1178 3233 1255 3315 120)

168 3366 206 3433 In
229 3366 359 3433 nomine
381 3370 509 3433 sanotae
531 3372 564 3435 ot
589 3366 771 3435 individuae
794 3366 957 3435 trinitatis.
991 3365 1183 3449 H(eiurious)
1206 3365 1256 3432 di·
1284 3380 1354 3435 100⁷

2 3482 3 3545 J
81 3482 154 3549 sina
176 3482 305 3549 favente
327 3481 496 3549 elementia
517 3502 584 3550 rex.
620 3480 700 3551 Cum
722 3482 830 3568 regiae
852 3482 1017 3567 dignitatis
1031 3482 1091 3549 hoo
1104 3480 1154 3549 ius
1168 3480 1257 3549 velut
1271 3453 1362 3499 Μ

2 3666 3 3675 ¹
81 3596 503 3683 praerogativa'meritorum
519 3603 651 3682 constet,
675 3598 881 3667 ecelesiarum
895 3596 973 3665 Dei·
990 3597 1164 3665 eommodia
1178 3616 1257 3684 prae

81 3713 227 3781 omnibus
255 3712 352 3781 rebus
374 3712 543 3781 offioiosius
566 3716 720 3783 inservire
750 3732 923 3799 earumque
944 3713 1135 3797 rectoribus,
1161 3717 1258 3800 prout

2 3844 3 3919 p
81 3847 158 3915 opus
180 3828 290 3911 fuerit,
312 3830 454 3915 ipsarum
470 3848 566 3897 eausa
588 3828 849 3898 stabiliendorum
863 3829 1041 3912 subvenire,
1063 3828 1138 3895 inde
1159 3830 1256 3896 etiam

2 3998 3 4035 3
80 3964 136 4009 nos
160 3944 335 4011 seeundum
358 3944 536 4013 oonsuitum
560 3951 592 4013 et
614 3964 802 4013 eonsensum
823 3950 1004 4013 nostrorum
1025 3942 1164 4011 fidelium
1187 3942 1256 4011 aui·

80 4080 167 4129 mum
182 4066 329 4129 nostrum
345 4060 455 4129 eodem
470 4060 647 4131 indueendo
661 4062 810 4145 formare,
833 4066 913 4127 nutu
933 4060 1042 4127 divino
1055 4063 1255 4145 oooperaute,

149 4287 171 4319 s.
197 4275 386 4332 contempnentes
399 4272 422 4319 V.
499 4272 522 4319 b.
546 4258 660 4322 Bo'rbartus
677 4272 701 4329 V,
718 4256 842 4320 Rs'rtbertus
857 4272 885 4319 Ζ.
960 4285 980 4318 e
1003 4270 1059 4317 Gunr
1074 4268 1111 4316 his
1128 4292 1149 4301 -
1162 4269 1255 4317 mathe-

80 4352 200 4398 matinetur
216 4352 242 4397 ior
256 4352 395 4413 Vlepnatar
403 4358 458 4412 port
469 4353 625 4399 eommuuioue
641 4354 743 4413 privetur
753 4354 777 4399 et
788 4350 998 4399 anathematizetur.
1060 4348 1083 4395 d.
1098 4363 1128 4396 aa
1142 4349 1256 4396 Wo-

82 4431 116 4487 st,
133 4430 192 4492 Zp.
204 4433 239 4479 u.
319 4445 340 4478 o.
363 4445 407 4478 oan
420 4431 444 4479 V.
