3142 4850
376 318 563 365 neuscocsn
585 316 865 365 cnmsnacssene.
903 314 936 365 12
1172 298 1238 365 505

83 474 134 545 li.
160 476 329 543 Hans-icus
342 477 398 543 IV
413 481 586 563 insperatos·
605 481 768 564 principes
789 490 896 563 repat,
925 478 1114 543 admoueant
1137 476 1237 541 Heiu-

156 596 258 657 ru'cum
280 593 311 657 V
328 616 441 678 repom,
465 606 500 658 at
521 616 553 658 sc
569 616 704 680 suosque
725 616 839 659 secan
857 605 965 668 cessem
988 592 1081 659 aliter
1095 592 1238 657 Pascha·

158 709 218 773 lem
234 708 276 773 ii
290 732 413 795 papam
435 710 591 796 appellat·
602 703 619 775 ¹.

158 840 351 921 Hicinricus)
365 840 427 907 Dei
440 842 545 923 gratis
554 841 767 908 Romanorum
782 842 955 927 imperator
971 844 1122 923 augustus
1138 840 1240 907 archi·
1261 854 1329 907 troc

79 956 245 1041 episcopis*
269 961 302 1022 ct
329 957 442 1022 ceteris
465 956 603 1023 Saxonis
630 956 827 1042 principibus
851 974 888 1021 ac
911 956 1011 1021 eciam
1035 955 1155 1040 reliquo
1184 976 1239 1041 po·
1274 926 1315 973 Μ’

77 1072 145 1158 pulc
167 1073 303 1155 gratiam
326 1077 359 1138 et
380 1070 592 1154 dilectionem,
614 1071 819 1156 dignantibus
842 1090 912 1137 eam
934 1072 1085 1157 recipere.

158 1186 388 1271 Gouquerimnr
403 1187 472 1253 Deo
488 1188 696 1273 omnipotenti
718 1192 751 1253 et
764 1186 891 1252 domine
914 1198 1001 1253 mec⁰
1019 1192 1126 1253 cuncte
1141 1186 1241 1253 biario

77 1308 107 1368 ct
131 1303 222 1369 beato
250 1302 345 1369 Petro
374 1302 512 1388 principi
545 1301 760 1389 apostulorum
794 1307 927 1387 patrono
956 1306 1064 1368 nostru
1094 1308 1127 1369 et
1153 1303 1242 1369 vobis

75 1418 267 1505 principibus
290 1418 445 1502 omnibus,
469 1419 544 1503 quia
565 1419 682 1485 iniuste
705 1423 738 1484 et
759 1417 929 1483 inhumane
951 1422 984 1484 et
1005 1416 1184 1501 crudeliter,
1207 1418 1241 1484 in

76 1532 127 1598 iila
139 1532 249 1599 confisi
264 1532 336 1617 tide,
359 1533 414 1599 de‘
430 1554 494 1618 qua
507 1533 652 1600 dubitare
674 1553 738 1599 uon
754 1531 920 1599 debuimus
928 1542 949 1615 ⁸,
973 1534 1100 1599 tractati
1116 1553 1240 1615 sumus3

76 1652 105 1713 ct
125 1653 192 1715 tam
215 1649 333 1715 honore
355 1650 444 1733 regni
467 1668 560 1733 quam
584 1649 702 1735 prediis
725 1654 758 1715 et
779 1647 936 1733 omnibns,
959 1668 1020 1733 quc
1038 1646 1241 1733 habebamus,

74 1770 181 1829 contra
196 1764 336 1830 divinum
361 1768 393 1830 ct
413 1765 586 1831 humanum
608 1767 669 1848 ins,
692 1765 734 1831 ad
755 1762 935 1831 infamiam‘
950 1769 983 1829 et
997 1766 1243 1851 improperium⁸

74 1881 159 1962 regni
182 1881 229 1945 ita
251 1880 403 1966 expoliati
424 1900 543 1964 sumus,
566 1887 604 1947 ut
624 1879 722 1946 nichil
745 1880 870 1966 penitus
894 1884 1001 1965 preter
1023 1880 1123 1947 solam
1144 1880 1241 1947 vitam

73 1995 161 2061 nobis
186 1995 332 2062 relictum
354 1996 424 2061 sith.
459 1994 521 2063 Ubi
542 2016 614 2063 cum
637 1996 737 2062 ferme
752 2014 862 2063 omnes
885 1996 1006 2080 essetis,
1030 2014 1145 2079 magna
1169 2016 1243 2081 pars

74 2112 169 2177 veshi
193 2112 262 2177 risa
288 2117 337 2178 est
358 2112 464 2178 dolere
488 2117 520 2178 ct
545 2112 676 2178 tristari.
711 2110 774 2177 Sed
803 2130 862 2197 pro
885 2110 996 2196 dolori
1025 2112 1104 2177 nihil
1133 2111 1244 2178 nobis*

72 2233 177 2293 sesua
199 2228 335 2295 contulit
356 2228 499 2311 tristicia,
523 2228 674 2312 quin.dc¹
696 2227 787 2293 nobis
809 2226 870 2294 sibi
887 2228 1083 2295 satisfaceret
1097 2229 1244 2294 voluntas

72 2341 274 2410 inimicorum
295 2349 475 2410 nostrorum
498 2342 618 2408 odiosa.

101 2485 106 2492 ·
158 2459 206 2526 Et
227 2461 303 2545 quia
324 2481 395 2526 cnm
418 2461 549 2527 consilio
572 2465 605 2526 et
626 2463 738 2544 rogatu
760 2457 818 2526 tilii
841 2461 960 2545 nostri,
988 2459 1051 2528 fide
1074 2466 1107 2528 et
1128 2461 1245 2526 securi·
1278 2471 1347 2526 1105

72 2579 136 2642 tate
161 2576 227 2642 vite
249 2581 282 2642 et
302 2576 430 2644 honoris
452 2576 493 2643 ab
517 2597 554 2644 eo
577 2577 716 2664 primum
740 2581 878 2662 accepta,
901 2576 1090 2644 fiducialiter
1112 2581 1145 2643 et
1163 2575 1245 2642 desi·
1262 2543 1355 2590 lm

73 2689 224 2758 deranter
243 2683 438 2775 Magcutiam
459 2694 493 2759 in
516 2693 710 2780 presentiam
731 2693 827 2776 legati
849 2693 984 2760 Romani
1012 2699 1045 2759 et
1066 2691 1245 2779 principum

71 2807 310 2892 tenderemus·,
333 2814 498 2874 uteorum
520 2809 727 2894 dispositione
750 2827 915 2892 ageremus
938 2814 1004 2875 tom
1026 2807 1064 2874 de
1088 2812 1173 2874 statu
1197 2826 1247 2874 ec·

72 2921 166 2990 closis
195 2928 230 2990 ct
257 2924 375 2990 honore
397 2925 486 3008 regni
510 2944 603 3009 quam
628 2925 668 2992 dc
690 2923 793 2991 salute
816 2925 921 2992 anime
945 2929 1068 3008 nostre,
1091 2923 1160 3009 ipse
1183 2941 1246 2990 non

73 3044 121 3104 est
133 3039 260 3106 ueritus
274 3039 308 3105 iu
322 3040 382 3106 hac
398 3040 558 3108 uoluntate
574 3046 606 3107 ct
628 3040 811 3108 obediencia
826 3059 884 3105 nos
905 3046 1015 3108 contra
1030 3039 1137 3106 datam
1153 3037 1247 3105 fidem

73 3172 187 3240 capere
218 3160 372 3239 eiusque
394 3155 435 3222 ud
463 3157 630 3224 articulum
659 3156 772 3224 mortis
799 3156 899 3223 ferme
922 3153 1044 3222 ducere.
1079 3153 1149 3222 Non
1179 3155 1248 3221 ausi
1263 3173 1356 3220 ocem

73 3289 182 3337 sumus
204 3272 254 3336 itu
275 3291 333 3337 nos
355 3271 403 3338 iiii
425 3271 569 3356 credere,
596 3278 632 3338 ut
654 3271 799 3337 iniuriis*¹
823 3277 856 3339 et
882 3271 1081 3339 contumeliis
1104 3290 1162 3339 nos
1189 3291 1248 3357 pro

73 3386 239 3454 uoluntate
261 3407 319 3452 cua
340 3388 423 3453 sicut
444 3387 533 3473 prius
556 3387 661 3454 vulcat
681 3393 827 3453 trmtare.

160 3503 366 3588 Quapropter
394 3503 527 3570 multum
551 3524 607 3570 vos
634 3524 783 3587 rogamus
807 3509 838 3570 et
861 3503 975 3584 obnixe
1003 3523 1183 3590 precamur:
1215 3507 1249 3570 ut

73 3637 129 3702 pro
159 3621 279 3686 timore
303 3616 363 3686 Dei
391 3625 423 3687 et
445 3620 562 3686 honore
584 3619 674 3703 regni
702 3625 735 3686 ct
756 3619 921 3686 honestate
943 3624 1049 3686 vestra
1076 3617 1249 3702 dignemini

1562 932 1564 941 ι

1562 946 1564 965 Ι

1562 1046 1564 1063 i

1562 1064 1564 1083 Ι

1562 1104 1564 1115 ι

1562 1212 1564 1225 Ι

142 3792 164 3825 a.
189 3776 317 3839 Dacripsi
331 3793 360 3826 aa
377 3777 424 3836 (E)
442 3777 490 3825 cod.
507 3778 548 3825 las.
561 3778 700 3826 Mosccecai
715 3779 799 3826 14096
821 3776 859 3836 (d.
870 3777 1036 3825 Emmcrummi
1051 3777 1099 3834 99)
1122 3775 1249 3822 membrum

72 3870 131 3905 sace.
143 3858 202 3916 XII,
220 3857 328 3906 ucstidita
343 3859 414 3906 ctiam
430 3857 516 3916 (Ebc.)
532 3858 631 3906 edicione
646 3874 663 3904 a
676 3857 773 3906 Wcissio
785 3865 878 3919 paratu
893 3857 919 3905 iss
930 3855 1068 3904 Ekkchcrds'
1085 3855 1162 3903 chrum
1176 3855 1248 3912 noe,

72 3937 137 3989 Mos»
147 3938 230 3986 Gom
239 3939 284 3986 88.
295 3939 327 3986 VI
339 3941 399 3986 999.
423 3939 557 3986 Edidesasat
567 3939 638 3986 ssime
650 3938 765 3986 Ursciaius
774 3937 851 3984 Geron.
860 3937 920 3984 Hist.
929 3938 988 3993 999,
1005 3935 1098 3983 Rsuder
1108 3935 1153 3980 Vct.
1162 3933 1249 3993 deripi.

74 4017 134 4063 200.
234 4018 255 4063 b.
280 4020 395 4078 episcopis
416 4019 512 4066 ducibus
534 4019 701 4066 marchionibus
723 4017 843 4064 comitibus
865 4018 1006 4074 caeterisque
1024 4015 1087 4073 regui
1108 4012 1249 4073 principibus

74 4096 133 4143 ΕΗ.
147 4113 196 4158 pro
214 4097 394 4157 archiepiscopis
412 4122 432 4129 —
445 4099 538 4158 populo.
616 4111 635 4144 c.
659 4097 774 4146 emhilde.
851 4096 873 4142 d.
898 4097 980 4142 orn.E.
1056 4107 1074 4140 s.
1099 4092 1249 4138 debueramus

75 4176 133 4223 scs.
208 4178 226 4222 f.
247 4177 341 4224 iufamia
351 4178 380 4224 Ε.
450 4192 471 4236 g.
492 4179 651 4237 imperiumE.
721 4177 744 4225 h.
767 4179 803 4223 est
813 4177 842 4222 E.
913 4176 928 4221 i.
950 4174 1052 4221 dolorum
1064 4173 1093 4218 Ε.
1164 4169 1187 4214 k.
1208 4183 1249 4214 no-

74 4255 109 4304 bis
125 4258 199 4306 vitam
218 4257 316 4305 contulit
331 4258 428 4304 tristicia
443 4258 467 4305 E
472 4274 478 4314 ;
499 4257 570 4304 nichil
585 4258 653 4305 nobis
668 4261 744 4304 vestra
759 4256 856 4303 contulit
872 4255 967 4302 tristicia
983 4253 1042 4301 Ehh.
1127 4249 1142 4294 l·
1167 4263 1209 4294 om·
1222 4250 1250 4295 Ε.

75 4351 104 4383 m.
126 4339 273 4386 tenderimus
288 4338 318 4384 E.
411 4352 434 4384 n.
457 4338 540 4384 inimic
554 4339 578 4384 E

147 4428 173 4480 1.
195 4423 239 4481 Oi.
254 4424 374 4481 Udulrici
391 4423 452 4479 cod.
471 4442 497 4479 n.
512 4425 565 4479 134
582 4439 665 4495 supra
682 4439 710 4494 p.
723 4423 784 4478 250.
