3142 4850
384 323 506 372 nsosrs
529 325 608 372 vnn
633 323 790 374 omosrs.
825 325 921 373 urar
946 325 979 376 1o
1202 311 1266 375 607
1397 343 1406 348 -

95 479 177 546 beati
192 479 247 546 Iob
269 483 479 550 sentenciam:
508 483 651 550 Torrebia
672 507 721 550 nae
742 507 802 572 per
822 489 978 572 senopem,
1007 501 1036 552 et
1056 508 1116 574 per
1132 489 1266 552 visiones
1286 502 1438 557 1103-1112

93 595 222 662 horrore
245 595 416 664 οοπσιιείαει
442 599 629 682 quibusdam
657 600 870 684 sagacioribus
893 601 933 666 de
960 600 1082 666 iamilia
1103 601 1171 668 eius
1194 621 1268 670 noe·

92 715 187 777 turna
208 713 330 780 visione
352 717 516 801 apparuit:
541 715 665 782 culmen
680 716 793 782 domus
809 716 878 782 eins
900 717 1065 802 repentino
1087 715 1180 803 lapsu
1199 737 1268 784 cor·

92 846 183 893 ruere
214 828 404 914 domumque
438 831 628 898 confractam
664 831 823 918 dissipari.
868 830 995 916 illisque
1026 833 1110 898 inter
1143 853 1178 899 se
1208 833 1268 900 hoc

91 944 331 1010 mussitantibus
368 949 400 1010 et
434 953 567 1013 mortem
597 947 715 1014 domini
746 947 796 1013 sui
829 967 997 1032 presagare
1026 947 1266 1032 alfinnantibus,

90 1058 160 1144 ipse
195 1065 286 1144 pater
315 1060 460 1128 amabilis
488 1062 547 1128 hoc
575 1083 702 1129 rumore
733 1063 917 1148 pavefactus
945 1068 1009 1145 est3
1045 1069 1076 1129 et
1106 1065 1266 1130 internum

89 1174 238 1259 indicem,
261 1176 320 1243 luoc
342 1177 473 1245 verbere
495 1178 534 1243 ad
558 1178 692 1244 meliora
714 1199 746 1244 se
771 1183 946 1262 vocantem,
970 1180 1003 1243 in
1026 1179 1141 1266 spiritu
1163 1181 1266 1245 humi·

90 1288 191 1356 litatis
225 1296 257 1357 et
288 1293 392 1360 animo
428 1293 563 1360 contrito
597 1294 685 1378 sequi
715 1294 912 1360 deliberavit
951 1294 1076 1379 ltaque,
1111 1295 1267 1379 disposita

90 1404 184 1472 domo
215 1427 272 1474 sua
301 1411 333 1474 et
360 1407 504 1474 sollerter
532 1429 703 1495 precavens
728 1409 860 1475 insidias
883 1410 1055 1476 amicorum
1082 1416 1115 1476 et
1136 1411 1267 1496 propin·

89 1541 223 1606 quorum
249 1543 268 1588 a
290 1523 371 1590 bono
396 1543 466 1590 eum
492 1525 655 1611 proposito
677 1543 827 1592 reuocare
847 1525 1034 1608 nitentium,
1058 1525 1140 1591 elam
1162 1531 1266 1592 matu·

88 1637 158 1703 tino
186 1643 329 1725 tempore
359 1645 498 1706 montem
528 1641 629 1707 sancti
658 1639 820 1708 Michaelis
849 1641 1000 1706 ascendit.
1042 1641 1104 1706 Ubi
1125 1647 1263 1708 veterem

88 1753 251 1840 deponens
275 1754 434 1821 homiuem
451 1776 522 1822 oum
544 1756 718 1844 pomposis,
743 1756 856 1842 quibus
872 1756 1013 1821 ornatior
1029 1756 1100 1821 aliis
1120 1757 1265 1824 incedere

88 1869 222 1954 solebat,
251 1871 385 1954 exuviis,
412 1871 479 1938 Deo
502 1891 536 1938 se
558 1875 662 1958 ipsum
689 1872 826 1938 hostiam
849 1871 1074 1957 acceptabilem
1097 1872 1213 1938 obtulit
1233 1878 1266 1939 et

88 1989 200 2051 sancte
232 1987 480 2055 conversationis
515 1988 656 2054 habitum
680 1968 866 2054 ¹voluntaria
896 1993 1083 2073 paupertate
1114 1989 1263 2075 suscepit

88 2101 171 2168 Cum
194 2121 284 2186 ergo,
313 2105 473 2189 preceptis
502 2104 673 2171 obaudiens
697 2104 904 2188 euangelicis,
935 2125 1027 2172 cruce
1049 2123 1109 2171 sua
1128 2103 1265 2187 flagrans

86 2216 214 2283 tissime
236 2218 329 2284 eorde
353 2219 437 2286 elata
459 2219 629 2286 Dominum
653 2225 777 2286 secutus
801 2215 941 2303 fuisset²,
969 2221 1037 2285 sine
1059 2240 1151 2286 mora
1171 2239 1265 2286 verus

85 2333 143 2400 ille
166 2333 323 2417 medicus,
352 2335 407 2420 qni
429 2335 567 2421 percutit
588 2341 621 2400 et
643 2341 749 2418 sanct,
778 2335 894 2401 oceidit
916 2341 948 2401 et
971 2331 1125 2402 uiuificat'
1149 2335 1265 2420 quique

85 2450 214 2518 labores
244 2457 368 2517 nostros
396 2450 470 2517 tulit
498 2456 531 2517 et
557 2452 767 2534 egrotationes
796 2448 962 2537 portavit‘,
992 2452 1169 2518 infirmitati
1196 2452 1264 2517 eius

85 2566 245 2633 modelam
276 2566 369 2634 solita
397 2567 515 2652 pietate
546 2566 704 2651 adhibuit,
739 2573 774 2633 ut
801 2568 886 2653 ipse,
916 2566 1054 2653 primum
1078 2588 1210 2653 corpore
1233 2571 1265 2633 et

85 2686 197 2749 mente
219 2686 358 2766 sanatus,
385 2682 495 2749 multis
517 2683 718 2768 postmodum
742 2682 901 2769 spirituali
922 2683 1106 2765 magisterio
1129 2682 1264 2749 salutem

85 2804 275 2886 operaretur
298 2799 484 2864 animarum.

179 2914 227 2981 Eo
250 2920 393 3001 tempore
421 2914 582 2999 piissimus
610 2918 701 3001 pater
724 2914 798 2980 Otto
821 2913 855 2979 in
877 2912 1045 2980 Kerinthia
1070 2913 1262 2979 morabatur.

84 3030 131 3099 Et
155 3050 228 3098 cnm
249 3050 405 3114 reversus,
430 3050 489 3114 que
513 3030 598 3095 circa
618 3029 767 3095 intimum
787 3030 1036 3115 dispensatorem
1061 3050 1152 3095 suum
1175 3034 1265 3113 gesta

84 3152 198 3231 erant,
228 3147 384 3230 audisset,
412 3145 584 3231 plurimum
608 3144 641 3209 in
664 3144 790 3213 Christo
812 3145 1006 3213 exhilaratus
1029 3150 1093 3225 est3
1117 3144 1190 3211 licet
1212 3145 1264 3210 in·

84 3263 368 3331 administracione
391 3262 586 3348 publicorum
610 3260 811 3343 negociorum
827 3261 940 3343 grandi
962 3260 1078 3328 solacio
1094 3261 1263 3328 destitutus

85 3383 184 3446 esset.
223 3378 267 3445 Et
295 3378 447 3445 accersito
475 3396 512 3443 eo
540 3376 582 3443 ad
608 3376 765 3442 familiare
795 3377 1002 3462 colloquium,
1031 3378 1070 3443 de
1097 3381 1183 3442 statu
1205 3394 1263 3443 suo

84 3500 224 3582 paterna
245 3492 409 3561 dulcedine
431 3492 611 3577 requisivit,
640 3498 672 3559 et
694 3492 722 3558 si
744 3494 970 3560 consuetudine
992 3492 1067 3577 loci,
1096 3512 1190 3577 quam
1214 3492 1263 3558 in·

85 3616 229 3693 venerat,
253 3614 418 3677 contentus
442 3628 511 3674 esse
534 3606 638 3674 vellet
676 3608 737 3673 Sed
761 3608 825 3693 ille,
849 3610 898 3675 vir
921 3609 1043 3693 sagacis
1066 3609 1175 3691 animi,
1198 3608 1263 3673 dis-

84 3732 206 3795 tortam
238 3729 270 3793 et
304 3744 403 3811 prope
435 3724 554 3791 nnllam
587 3723 639 3789 hio
666 3724 839 3791 monastice
872 3724 1034 3808 religionis
1061 3723 1262 3809 disciplinam

83 3844 121 3909 in
146 3842 235 3909 brevi
257 3840 521 3926 deprehenderat3
546 3845 588 3923 et,
611 3860 646 3905 se
661 3839 701 3905 ad
724 3840 913 3925 perfectiora
935 3839 1074 3923 tendere,
1098 3860 1138 3905 ne
1157 3840 1193 3905 in
1207 3860 1263 3905 ra-

84 3978 183 4025 cuum
213 3952 379 4040 cunctor,
413 3954 585 4041 mpondit.
682 3954 749 4034 Quo
778 3955 901 4039 audito,
937 3961 1047 4041 pastor
1075 3954 1262 4021 mitissimus

84 4074 180 4156 Otto,
202 4072 321 4140 terrori
343 4072 410 4138 eius
435 4072 603 4138 admodum
626 4070 878 4154 congratulatus,
901 4068 941 4136 ad
964 4068 1191 4153 Hirsaugiense
1211 4089 1263 4136 ce·

162 4249 286 4298 aomo.

162 4344 361 4414 1.10n‘1,14.
445 4346 471 4399 ὓ.
490 4342 585 4399 llatth.
601 4346 642 4413 10,
661 4344 705 4398 38.
791 4344 818 4397 3.
836 4341 919 4397 Dent.
932 4344 975 4412 32,
993 4343 1038 4397 39.
1120 4341 1147 4396 4.
1165 4340 1261 4397 nauh.

85 4433 178 4501 8,17.
285 4432 311 4487 5.
330 4431 421 4487 Galat.
433 4434 459 4501 2,
477 4434 503 4488 t.
1338 4437 1342 4442 '
