3142 4850
341 343 465 392 nsoms
488 345 567 392 vrrs
590 344 747 394 ornnem.
782 345 849 394 me.
866 347 905 393 m
926 343 982 394 ne
1185 327 1252 396 659

85 502 179 586 ditus,
208 502 272 568 dux
302 523 374 569 oum
402 503 591 570 exercitibus
620 505 686 570 suis
714 504 879 572 rebellium
905 502 1121 572 Lutieensium
1150 510 1251 573 terres
1288 522 1357 575 1127

84 617 230 684 invadens
259 623 372 684 ennete
404 619 487 684 ferro
522 624 555 686 et
587 621 654 704 igni
683 625 798 686 vastet.
897 619 951 686 Ad
978 639 1145 706 vesperum
1175 641 1250 688 vero
1268 592 1385 652 ΛΡΜ

83 752 193 816 magna
215 733 314 820 preda
336 738 467 801 onustus
491 734 626 819 rediens,
650 736 853 802 karissimum
877 735 938 801 sibi
961 742 1082 821 petrem
1102 736 1249 804 Ottonem

82 847 183 916 debite
208 868 281 926 enm
307 850 485 916 reverentie
507 847 659 916 Uznoim¹
686 851 853 938 perduxit3
883 851 935 918 nbi
964 856 1153 936 oportunam
1181 872 1249 920 mn·

82 963 171 1030 nendi
196 968 227 1032 et
250 965 433 1051 predieondi
456 966 593 1050 quietem
616 966 761 1034 habebnt

165 1082 197 1146 6.
233 1079 409 1165 Statimque
424 1082 459 1148 in
472 1082 643 1148 festivitate
659 1082 877 1168 penthecostes
900 1081 1047 1166 generale
1070 1084 1248 1170 prinoipem
1265 1105 1360 1155 none

80 1196 165 1278 regni
188 1196 238 1261 sni
267 1196 456 1282 eolloquium
480 1197 512 1263 in
537 1198 645 1265 eodem
670 1197 738 1265 loeo
760 1199 887 1265 indixit
977 1197 1038 1264 Ubi
1061 1200 1248 1267 convenien-
1373 1197 1375 1202 ’

79 1310 160 1378 tibus
189 1311 378 1378 Timineneis
409 1313 547 1380 civitatis
577 1313 774 1400 aliarumque
802 1313 927 1380 urbium
957 1314 1163 1399 primoribus,
1197 1335 1248 1382 se·

78 1429 199 1512 pientes
222 1449 275 1495 eos
303 1429 344 1494 nd
367 1429 600 1514 suscipiendum
625 1429 796 1496 christiane
819 1428 891 1496 fidei
913 1429 1022 1512 iugum
1045 1431 1246 1516 provocabat

77 1541 145 1628 Ipse
166 1545 252 1611 enim
275 1545 309 1610 in
335 1545 477 1630 pnerioin
500 1566 558 1611 sun
580 1546 724 1630 captivos
747 1551 817 1612 eret
837 1546 870 1611 in
894 1545 1081 1612 Teutonicas
1103 1547 1247 1629 regiones

76 1658 246 1743 ebduetns,
271 1667 364 1745 etque
388 1661 421 1726 in
445 1660 561 1747 oppido
585 1659 820 1743 Mersburgenei
842 1660 991 1746 baptismi
1013 1663 1149 1744 gretiam
1173 1682 1247 1729 eon-

75 1781 215 1857 seeutue3
244 1776 300 1842 sed
323 1777 406 1843 inter
434 1795 573 1862 pegenos
599 1776 721 1860 vivens,
751 1777 848 1842 ritum
872 1776 1042 1844 ohristiene
1070 1775 1149 1859 legis
1172 1797 1246 1844 exe·

75 1891 126 1976 qni
148 1911 214 1958 non
237 1897 370 1977 poterat.
406 1891 541 1976 Ideoque
563 1897 706 1974 gentem,
736 1893 786 1958 oui
809 1896 950 1977 preerat,
978 1891 1052 1958 fidei
1074 1893 1148 1974 iugo
1171 1892 1246 1959 snb-

74 2006 113 2073 ioi
141 2007 289 2074 ardenter
315 2007 523 2075 desiderabat
565 2005 809 2074 Gomidentibus
837 2027 911 2092 ergo
940 2007 1150 2094 prineipibus,
1180 2008 1246 2073 dux

73 2121 271 2190 ineramus
294 2130 357 2191 est:
381 2123 514 2190 Comen
538 2124 741 2205 dilectissimi,
767 2123 922 2210 quomodo
942 2138 1039 2212 pater
1059 2125 1110 2189 die
1133 2125 1245 2190 beotii·

72 2241 178 2320 eimne,
204 2243 300 2306 etiam
322 2242 441 2306 canicie
463 2241 669 2320 venerandos,
698 2221 884 2326 pro'eolnte
905 2253 1008 2306 oestro
1031 2263 1152 2306 omnem
1172 2241 1243 2326 pio·

71 2358 152 2420 riam
174 2369 205 2424 et
227 2357 506 2443 mopnifioentiam,
543 2377 638 2442 qnam
666 2358 755 2443 opud
781 2377 856 2422 enon
889 2357 1036 2437 lwdebet,
1071 2357 1243 2443 reliquerit.

70 2472 113 2538 Ei
139 2494 211 2537 enne
240 2474 381 2559 periculo
410 2475 523 2559 capitio
553 2474 606 2536 eni
627 2472 835 2558 lonqinqnas·
864 2474 986 2559 sibique
1014 2476 1140 2558 ipnotoe
1163 2474 1245 2538 adid

69 2592 228 2673 reptionem
251 2611 307 2654 nee
328 2591 471 2675 propriis
494 2587 668 2673 rumpendus
690 2610 746 2653 nee
769 2592 857 2654 ianm
879 2592 945 2654 onie
966 2610 1027 2675 pro
1051 2589 1118 2653 Dei
1138 2609 1245 2653 amore

67 2726 218 2789 parcens,
246 2706 303 2770 ned
329 2708 364 2769 in
387 2716 485 2771 monte
514 2706 654 2769 animam
680 2727 770 2769 enom
794 2727 917 2791 ponens
923 2752 933 2785 ,
965 2717 1000 2769 ut
1028 2726 1082 2769 voe
1105 2729 1126 2769 o
1146 2715 1244 2769 morte

69 2823 112 2885 od
142 2824 242 2887 vitoni
276 2834 451 2902 revocaret,
488 2822 624 2885 arduom
660 2820 882 2905 difficilemque
915 2822 1010 2885 nimie
1038 2820 1120 2884 liene
1148 2841 1242 2905 pere·

65 2940 279 3021 priuationem
311 2938 416 3002 subire
448 2958 512 3002 non
546 2936 709 3002 dubitavit.
758 2937 862 3002 Antea
895 2937 1022 3021 quidem
1051 2935 1144 3001 molti
1171 2956 1240 2999 oer-

68 3052 139 3117 bum
153 3054 223 3119 Dei
244 3053 294 3118 die
315 3054 460 3140 panidos
483 3054 710 3117 annunciantes
733 3065 892 3134 venerunt,
917 3074 995 3137 qnos
1018 3054 1168 3117 inetinetn
1189 3073 1241 3115 eo·

67 3168 157 3233 tinne
180 3171 349 3234 occidioni.
390 3170 425 3235 Ε
438 3169 550 3255 quidne
567 3170 660 3233 etiarn
683 3192 780 3233 unum
802 3190 905 3255 nuper
927 3170 1016 3233 nom·
1028 3168 1164 3249 fieisiim
1187 3167 1242 3231 ned

67 3304 135 3349 nese
158 3288 227 3350 eius
252 3284 412 3371 capellani
432 3286 555 3349 domini
575 3286 638 3347 inei
664 3286 807 3369 episcopi
828 3287 928 3369 dapne
955 3285 1127 3349 reverentia
1151 3282 1240 3348 eolli-

63 3412 166 3483 pentee
189 3400 360 3483 honorifice
383 3401 582 3465 tradiderunt
606 3400 772 3486 eepnitnre.
814 3400 910 3465 Hune
932 3412 1035 3465 antem
1057 3402 1240 3465 reverentii·

65 3518 177 3583 sionem
211 3517 376 3581 dominnm
409 3538 510 3581 meum
538 3518 735 3602 episcopum,
762 3516 860 3599 famo
897 3516 1110 3580 celeberrimo*
1125 3514 1241 3601 ubique

64 3631 237 3718 oolpatnnn,
262 3654 326 3695 non
348 3634 395 3695 eie
417 3644 554 3697 tractare
569 3632 683 3696 dedetie
698 3652 754 3695 nee
775 3633 913 3717 potentin
950 3629 1035 3712 Quia
1058 3633 1172 3695 metens
1196 3643 1240 3695 eet

62 3767 145 3832 pope
168 3760 198 3812 ee
220 3746 352 3812 dileetne
375 3748 499 3812 domini
519 3749 622 3812 noetri
637 3746 789 3811 Lotiorii
808 3748 892 3831 repis
913 3748 1122 3811 invictissimi.
1151 3745 1239 3810 Nam

64 3873 90 3926 et
110 3865 180 3949 ipre
196 3863 341 3928 Romani
361 3866 492 3949 imperii
509 3865 659 3949 princepe
683 3874 711 3927 ei
733 3864 838 3927 eoneti
856 3864 1020 3947 primaten,
1045 3860 1113 3926 loeo
1134 3863 1238 3946 patrie

63 3998 129 4041 enm
157 3990 341 4043 venerantes
348 4024 358 4057 ,
397 3979 538 4043 consiliio
572 3979 637 4042 eine
666 3978 818 4041 oboedire
849 3999 910 4064 per
945 3979 1051 4043 omnt'o
1080 3989 1236 4063 estepani.

69 4091 154 4159 Unde
188 4096 298 4159 oenone
330 4092 445 4179 procul
472 4093 585 4172 dnbio,
621 4094 715 4178 quin,
750 4095 781 4157 ei
815 4094 986 4178 qnieqonm
1011 4092 1148 4157 nsoleeiie
1181 4103 1238 4157 ant

62 4212 272 4275 eontroomie
294 4212 324 4273 ei
338 4233 359 4273 a
374 4211 461 4274 nodie
482 4210 626 4294 irrepori
641 4210 786 4273 dominon
809 4230 866 4271 ren
887 4210 1034 4289 audieret,
1057 4210 1126 4272 eine
1146 4228 1237 4273 mero

61 4345 131 4389 enin
152 4327 294 4390 exercito
314 4326 552 4411 nuperveniene,
584 4346 683 4409 neque
711 4324 755 4388 ad
784 4324 1022 4389 ieeteinieionem
1043 4323 1157 4388 delebit
1181 4344 1237 4388 ooe

129 4479 150 4512 e„
174 4465 324 4548 longipqnsm
342 4463 366 4512 C.
599 4454 623 4508 l.
644 4451 774 4509 Usedom.

963 4548 1024 4605 42*
