3142 4850
381 320 568 367 urrsroass
591 319 870 367 nemausensem.
906 316 941 368 sc
1180 300 1245 366 533

92 479 144 549 36.
172 481 274 547 Victor
289 482 310 547 I
312 481 341 547 V
359 484 517 567 outipopo
532 503 637 546 omncs
654 482 825 547 dioeceseos
843 480 1084 565 Bombcrpooca'a
1103 481 1245 545 ccclesiae

166 598 351 679 cohortatur,
375 610 411 661 ut
431 596 496 662 sibi
515 618 588 661 ocra
608 597 713 663 aliero
737 596 897 662 laboranti
918 596 1129 661 eubocniout'.

165 729 270 797 Victor
300 731 467 817 episcopus
496 749 605 796 servus
638 750 801 797 servorum
832 727 892 795 Dei
920 728 1076 795 universis
1106 727 1244 795 ecclesiis
1275 734 1344 787 1162

88 864 138 929 per
162 825 452 930 Bubenbargensem
478 845 695 931 episcopatum
729 844 910 911 constitutis
942 842 1074 911 salutem
1105 847 1137 910 et
1170 863 1245 929 apo·
1265 806 1348 852 Nm

87 960 217 1027 stolimm
239 962 500 1029 benedictionem.

164 1076 264 1143 Mater
292 1082 324 1143 ct
350 1081 448 1163 eaput
474 1076 613 1142 omnium
645 1076 848 1143 ecclesiarum
877 1079 1077 1141 sacrosancta
1103 1074 1247 1141 Romana

86 1191 207 1259 ecclesia
228 1194 311 1259 sicut
338 1213 397 1279 pro
419 1191 521 1259 salute
544 1193 686 1259 omnium
708 1192 856 1258 contnuo
879 1190 987 1257 labore
1016 1190 1245 1275 comprimitur,

85 1305 126 1371 ita
145 1309 304 1394 competit,
326 1307 418 1374 utin
442 1308 507 1374 suis
531 1308 685 1391 angustiis
709 1307 847 1374 omnium
877 1304 1026 1389 suffragio
1049 1304 1245 1387 sublevatum

84 1424 222 1505 quatinus
251 1423 369 1490 laboris
398 1444 462 1490 non
489 1429 635 1490 recusent
661 1425 729 1490 tore
759 1422 947 1508 participes,
982 1422 1036 1507 qui
1067 1421 1247 1509 percepturi

82 1542 151 1604 sunt
180 1540 382 1626 postmodum
408 1540 442 1605 in
468 1537 604 1606 Domino
634 1538 890 1605 consolationem.
942 1536 1049 1620 Unde,
1080 1540 1112 1603 et
1142 1536 1247 1601 immi·

83 1655 216 1721 nentium
237 1654 391 1721 fluctuum
414 1655 592 1721 turbatione
608 1656 714 1721 vexati
737 1659 770 1719 et
789 1674 847 1739 pro
863 1654 959 1719 variis
981 1650 1247 1719 intolerabilibus·

82 1787 138 1853 que
159 1772 306 1857 expensis
329 1770 528 1837 herealieno
552 1771 691 1854 gravati,
718 1770 861 1835 cantetis
885 1774 1009 1835 vestrm
1032 1768 1174 1851 cogimur
1197 1788 1247 1833 so·

81 1882 190 1952 lucium
216 1887 406 1973 implorare,
434 1891 467 1952 et
489 1892 578 1953 tanto
605 1885 838 1952 habundantius
862 1883 901 1950 de
925 1888 1030 1950 vestre
1058 1882 1248 1950 liberalitate

80 2019 273 2085 presumere,
302 2007 419 2087 quanto
439 2000 596 2088 ampliori
626 2000 794 2068 dilectione
824 2005 856 2067 et
883 1998 1100 2067 familiaritate
1125 1998 1248 2066 Baban-

81 2114 260 2200 bergensem
276 2115 440 2185 ecclesiam
462 2117 553 2185 nobis
576 2117 721 2183 novimus
737 2136 807 2182 essa
831 2116 1003 2182 astrictam.
1087 2113 1130 2180 Ut
1152 2114 1250 2199 igitur

79 2231 110 2297 iu
131 2235 228 2301 tantis
252 2239 471 2300 sacrosanctae
493 2232 653 2299 Romanae
676 2231 827 2299 ecclesiae
850 2231 961 2297 matris
985 2234 1109 2297 vestrae
1131 2229 1249 2297 labori-

78 2346 132 2414 bus
154 2346 332 2417 davotionis
356 2355 480 2417 uestrae
504 2354 537 2415 et
565 2347 676 2414 anxilii
704 2353 898 2414 monstretur
929 2344 1057 2413 effectus
1086 2351 1118 2412 et
1139 2351 1249 2413 nostm

78 2463 252 2550 indigentia
273 2466 313 2535 de
343 2466 495 2533 ubertatis
518 2471 641 2532 vestrae
670 2464 867 2551 plenitudine
894 2463 1066 2547 relevetur,
1094 2462 1249 2530 universi-

79 2585 173 2647 tatem
188 2587 329 2649 vcstram
346 2603 402 2668 per
423 2581 604 2668 praesentia
618 2580 737 2666 scripta
751 2579 901 2663 rogamus
924 2584 956 2646 et
971 2578 1145 2664 apostolice
1161 2577 1249 2644 vobis

78 2699 264 2765 auctoritate
285 2697 494 2781 iniungimus:
518 2702 554 2763 ut
577 2717 640 2763 una
662 2716 785 2781 queque
808 2695 1022 2777 ecclesiarum,
1045 2694 1078 2760 in
1101 2713 1159 2759 sua
1176 2713 1249 2779 par·

78 2813 181 2880 roobia
202 2815 297 2880 factis
325 2812 543 2880 collationibus
573 2817 606 2878 et
627 2810 824 2895 singulorum
847 2809 974 2877 auxiliis
997 2809 1031 2876 in
1053 2828 1151 2874 unum
1175 2827 1248 2874 con-

77 2931 224 3015 gregatis,
248 2930 283 2995 in
305 2933 457 3014 quantum
479 2927 613 2994 facultas
636 2929 778 3014 suppetit
801 2933 832 2994 et
855 2927 995 2992 caritatis
1018 2929 1140 3012 prestat
1157 2921 1249 2992 affcc-

78 3047 135 3130 tus,
157 3045 344 3113 necessitati
365 3042 510 3110 nostrae'
526 3043 680 3130 prebeant
702 3041 973 3129 supplementum
997 3040 1142 3124 scientes,
1166 3039 1249 3125 quod

78 3179 115 3225 ex
141 3161 202 3228 hoc
226 3159 413 3247 ampliorem
442 3159 578 3244 gratiam
608 3159 692 3226 sedis
721 3157 913 3245 apostolicae
941 3176 1067 3243 semper
1093 3155 1249 3223 babebitis

76 3279 108 3342 et
127 3278 163 3343 iu
185 3278 302 3346 restris
330 3275 598 3364 oportunitatibus
627 3295 685 3340 nos
713 3273 928 3357 benigniorem
958 3277 991 3340 et
1021 3271 1250 3360 promptiorem

78 3394 160 3459 omui
189 3398 336 3479 tempore
359 3391 512 3460 sentietis.
554 3389 591 3456 Iu
619 3391 679 3456 hac
701 3410 775 3456 vero
803 3388 1060 3456 collationatum
1083 3387 1249 3455 canonicos

77 3508 235 3577 moulares
264 3529 301 3576 ac
328 3507 488 3591 regulares
517 3527 611 3591 quam
640 3505 810 3572 monachos
845 3511 879 3572 et
906 3504 1129 3591 parrochianos
1159 3503 1250 3571 duxi·

76 3642 144 3691 mus
158 3623 401 3711 computandos.
436 3622 592 3706 Quicquid
614 3625 719 3686 autam
742 3641 782 3687 ex
805 3621 889 3686 iacta
909 3619 1075 3686 collatione
1097 3639 1251 3706 provene-

77 3739 148 3824 rint,
165 3762 225 3828 per
241 3759 370 3807 manum
386 3745 419 3806 ct
434 3738 673 3823 dispositionem
689 3736 878 3804 venerabilis
892 3736 1001 3802 fratris
1016 3735 1117 3802 nostri
1127 3733 1250 3801 Baban-

76 3853 240 3940 borgensis
267 3850 425 3942 episcopi¹
455 3853 596 3920 volumus
630 3853 795 3937 assignari.
842 3851 926 3918 Date
951 3850 1096 3919 Treveris
1124 3849 1248 3916 2Non.

76 3968 292 4039 Novembris.

145 4119 166 4151 ι.
191 4103 318 4165 Descripsi
332 4119 361 4151 ca
377 4102 502 4164 orobctppo
518 4101 634 4149 abacti
648 4101 710 4163 repit
725 4097 882 4148 Monacensis.
980 4098 1002 4144 b.
1026 4099 1115 4170 vestrae
1132 4095 1251 4159 orobctyp.

78 4194 98 4229 ο.
120 4183 236 4245 teram
251 4183 316 4231 ballo
331 4183 454 4245 plumbeo,
472 4182 499 4229 ios
514 4181 582 4228 caios
598 4181 675 4228 altero
688 4188 759 4242 parte
774 4179 832 4226 boec
847 4185 914 4226 saut.-
929 4176 1038 4224 VICTOR
1053 4177 1088 4224 PP
1105 4177 1157 4234 llll,
1173 4176 1198 4224 iu
1214 4176 1250 4225 ol·

79 4269 131 4310 tera
146 4263 243 4312 duabu
258 4262 377 4326 efficiebar
392 4261 576 4324 mperrcriptom
591 4267 637 4309 cst.-
654 4261 670 4307 S
686 4260 732 4317 Pu,
748 4259 764 4307 S
780 4258 825 4306 PE.

147 4359 173 4414 1.
193 4357 347 4414 Ebcrbsrdi
359 4358 394 4413 11.

559 4465 771 4476 ——a--a—
