3142 4850
363 310 552 359 semrom
573 311 852 361 sermnaanusss.
886 310 994 363 ss-eo
1198 296 1265 363 535

104 470 207 539 salutis
231 468 406 557 periculum
427 470 572 538 detinent
593 470 755 539 violenter.
796 472 950 551 Quocirca
976 474 1168 542 fraternitati
1191 479 1265 543 tuae
1281 490 1434 545 1184-1185

104 608 156 672 per
176 583 347 672 apostoliea
369 587 490 673 scripta
511 586 708 672 mandamns,
731 592 897 673 qnatenus,
921 589 949 655 si
970 609 1022 657 tes
1044 590 1091 656 ita
1113 610 1147 657 se
1170 590 1266 657 habet
1306 563 1406 623 ΞΜ

104 707 133 769 et
151 701 301 788 praedicti
324 702 487 769 invasores
515 703 680 769 ammoniti
703 724 757 770 eas
780 704 987 789 monasterio,
1016 705 1106 772 iuxta
1127 706 1212 791 quod
1234 704 1264 773 ci

103 816 293 883 adiudicatae
315 822 404 901 sunt,
426 817 462 883 in
483 821 641 903 potestate
668 819 829 886 dimittere
851 820 986 887 fortasse
1007 820 1181 906 noluerint,
1211 840 1264 887 eos

25 958 32 973 ·
103 933 182 999 omni
203 932 307 1016 gratia
329 937 362 998 et
382 933 497 1001 timore
519 934 711 1021 postposito,
733 934 851 1002 nullius
875 936 1087 1023 appellatione
1109 937 1263 1033 obstante,

102 1047 219 1114 rincnlo
240 1050 575 1116 excommunicationis
598 1050 754 1133 astringas
777 1054 809 1118 et
831 1070 931 1137 usqne
954 1050 995 1117 ad
1017 1052 1263 1119 satisfactionem

99 1180 265 1247 congruam
286 1164 385 1231 facias
408 1166 531 1232 evitari.
564 1165 650 1232 Data
670 1165 795 1232 Verona
818 1166 838 1232 3
861 1165 936 1233 ldus
959 1164 1164 1253 Septembris.

101 1371 159 1444 39.
182 1372 347 1442 θοπναᾱω
373 1390 475 1443 castos
501 1379 646 1445 eeclesiae
671 1379 867 1447 Treeirenceb
899 1380 1204 1468 Wieeeburyeneibae
1227 1381 1265 1446 de

181 1492 345 1558 miracolis
369 1494 558 1580 quibasdam
580 1496 763 1581 sipaelicct‘.

182 1623 371 1709 Cionradus)
387 1624 448 1693 Dei
470 1627 574 1708 gratia
588 1626 790 1695 Treverensis
807 1628 976 1697 aecclesiae
997 1628 1128 1695 maioris
1143 1622 1265 1695 custos'
1282 1649 1435 1705 llus-1200

96 1740 239 1807 omuibus
261 1740 382 1808 civibus
397 1740 704 1827 wirciburgensibus
719 1750 752 1812 ct
766 1744 911 1813 omnibus
926 1744 960 1811 in
984 1744 1117 1811 circuitu
1135 1763 1265 1811 maneu-

96 1856 177 1923 tibus
199 1857 335 1924 salutm
357 1857 392 1924 in
414 1857 551 1925 Christo.

181 1972 272 2041 Scire
287 1972 364 2041 velit
384 1973 567 2041 maternitas
583 1980 698 2058 resta,
721 1976 805 2061 quod
828 1975 862 2041 in
885 1974 1015 2043 sabbato
1032 1994 1158 2058 magno,
1181 1973 1266 2059 quod

96 2091 143 2155 est
168 2094 245 2176 post
275 2069 462 2176 parasceue,
497 2088 633 2157 officium
663 2090 726 2157 diei
760 2095 931 2177 peragente
963 2088 1078 2157 domno
1106 2088 1265 2175 Heinrico,

95 2204 252 2289 quondam
279 2203 472 2272 virdunensi
508 2200 684 2293 episcopo’,
730 2225 768 2271 ea
805 2204 883 2273 hora
919 2225 990 2272 cum
1028 2204 1266 2273 benediceretur

93 2338 201 2387 corcus
235 2319 410 2407 paschalis,
446 2321 530 2405 ignis
564 2322 604 2388 de
637 2320 767 2388 sublimi
799 2320 891 2388 datus
925 2326 974 2389 est
1007 2326 1054 2406 et,
1086 2320 1265 2389 ridentibus

93 2435 200 2503 multis
230 2437 286 2521 qui
312 2437 459 2521 aderant,
493 2437 617 2524 lampas
651 2438 793 2504 extincta
821 2437 951 2504 caelitus
980 2441 1029 2507 cst
1058 2456 1204 2522 accensa;
1234 2441 1267 2505 ot
1328 2463 1341 2478 .

92 2552 313 2638 pertriduum
341 2552 410 2619 sine
432 2552 493 2619 olei
516 2552 724 2620 diminutione
745 2553 829 2637 ignis
856 2554 890 2619 in
918 2573 956 2620 ea
983 2551 1164 2621 indeficiens
1192 2573 1265 2640 per·

92 2668 260 2736 serenavit
300 2667 451 2754 Sequenti
473 2689 548 2736 vero
571 2669 622 2735 die
645 2669 796 2755 paschae,
826 2689 896 2735 cum
920 2669 1085 2736 universus
1108 2668 1210 2736 clerus
1233 2673 1266 2736 at

92 2783 228 2870 populns
250 2783 290 2850 ad
305 2783 516 2852 decantandas
530 2784 598 2851 Deo
619 2783 729 2853 laudes
744 2785 974 2870 convenissent,
997 2803 1104 2852 coram
1120 2783 1265 2852 omnibus
1325 2763 1330 2776 ⁸

92 2898 222 2967 clandm
254 2900 382 2985 quidam
412 2899 452 2968 ab
485 2900 621 2967 infanda
652 2906 747 2967 notus
775 2905 904 2967 curatus
937 2904 995 2968 est
1041 2898 1128 2966 Haec
1159 2905 1265 2968 autem

91 3013 160 3084 ideo
182 3017 277 3084 robis
305 3014 534 3101 significamus,
563 3021 600 3083 ut
627 3013 701 3083 fidei
728 3014 920 3084 christianae
948 3035 988 3084 ex
1015 3016 1075 3084 hoc
1099 3016 1184 3084 facto
1212 3035 1265 3082 ro-

91 3131 149 3198 bur
171 3133 338 3220 accipiatis
366 3137 399 3200 et
426 3132 459 3200 in
488 3137 657 3216 augmento
680 3131 856 3199 devotionis
878 3129 979 3216 magis
1002 3132 1163 3217 senagis
1190 3149 1265 3219 pro-

89 3245 214 3316 ficietis.

91 3458 152 3531 40.
177 3461 391 3530 Bernberdue
418 3463 485 3527 due
513 3459 695 3527 Corinthiae
724 3458 914 3547 coepertum
932 3459 986 3526 IX
1009 3482 1132 3548 popam
1160 3474 1263 3548 repet,

177 3591 214 3646 eet
237 3577 368 3644 Ecbeeti
388 3579 529 3664 episcopi
542 3577 785 3663 Bamberqeaeis
808 3579 843 3642 ie
864 3579 1004 3664 qratiam
1026 3598 1129 3643 semem
1147 3581 1267 3644 reesa·

177 3694 341 3761 eeclesiam
363 3690 548 3777 confirmed.

177 3824 364 3894 Reverendo
386 3825 514 3891 domino
537 3845 594 3890 sno
616 3829 649 3892 et
670 3825 703 3890 in
722 3823 848 3890 Christo
870 3824 954 3910 patri
971 3822 1148 3908 Gtrcgorio)
1170 3843 1263 3892 rone·
1280 3841 1433 3898 lats-1235

159 3991 181 4024 ι.
207 3975 331 4038 Dares-ipsi
353 3990 383 4022 ee
402 3974 480 4024 codice
500 3973 650 4022 bibliothecae
670 3973 849 4036 Bomberpeaeie
868 3975 968 4021 3112
992 3973 1117 4022 membran
1132 3973 1267 4023 euecffll

84 4055 131 4116 sel
141 4059 220 4106 1830.
311 4055 335 4102 b.
358 4054 482 4116 Deice-ipsi
496 4069 525 4104 ea
542 4054 658 4102 tobalmii
672 4053 852 4116 Bemberyeusis
868 4053 917 4100 coel
933 4053 1008 4101 ebert.
1023 4067 1084 4102 eaeo.
1095 4053 1121 4101 Χ
1124 4055 1148 4102 V.

161 4154 187 4207 1.
206 4151 251 4207 De
269 4150 396 4208 conredo
413 4150 529 4206 custode
546 4166 573 4205 v.
591 4151 683 4222 Beyer
701 4147 926 4206 Urlrundcnbuoh
943 4149 969 4204 ll
986 4149 1048 4204 484.
1133 4150 1159 4205 2.
1180 4149 1263 4206 Hein-

89 4240 146 4296 rico
158 4240 187 4296 ll
205 4241 266 4311 qui,
290 4254 363 4296 anno
381 4240 451 4295 1181
469 4236 560 4294 taetus
577 4239 723 4308 episcopus
736 4237 930 4307 virdunensis,
954 4237 1093 4294 abdicavit
1110 4252 1141 4293 se
1159 4237 1264 4309 episco-

90 4332 159 4397 patu
177 4343 253 4387 mne
270 4330 349 4387 1186.
373 4329 408 4386 V.
426 4326 549 4384 Annales
566 4325 595 4383 S.
607 4326 703 4385 vitoni
714 4325 902 4384 virdunenses
921 4327 1005 4397 1186,
1022 4326 1095 4383 llon.
1108 4325 1201 4384 cerm.
1213 4324 1263 4384 SS.
