3142 4850
290 334 356 399 712
564 352 744 399 nsaeoam
765 351 948 400 nruuouus.
984 349 1189 401 ursus-12

291 511 553 596 naquaquam,
578 512 635 577 sed
649 511 733 596 apud
756 510 827 576 illos
852 512 1029 596 specialius,
1053 511 1166 597 quibus
1188 530 1251 578 nou
1267 510 1368 593 magis
1390 532 1460 597 pre-

291 648 361 693 esse
383 648 477 712 quam
501 628 651 714 prodesse
672 626 852 711 inoipiebat

381 745 411 807 9.
447 744 556 826 ltaque
578 741 680 807 multa
702 742 731 807 ei
754 761 831 807 eura
853 741 926 805 fuit:
958 742 1029 807 iura
1056 746 1089 807 et
1109 741 1256 807 instituta
1277 762 1371 807 nosse
1394 762 1461 807 ma·

292 858 404 923 iorum.
449 858 494 923 Et
520 857 670 941 quiequid
695 856 825 922 honoris
848 856 898 921 vel
925 856 1128 923 emolumenti
1159 856 1252 923 alieni
1279 856 1384 921 ordini
1413 856 1463 923 rel

291 972 479 1057 professioni
502 972 670 1037 ueletiam
695 972 842 1053 dignitati
867 970 971 1037 debite
995 971 1044 1037 vel
1072 971 1210 1054 gratuito
1234 971 1382 1039 exhibere
1405 992 1463 1057 po-

290 1087 363 1170 tuit,
385 1105 546 1170 nunqnam
570 1092 683 1171 sponte
705 1086 909 1173 pretermisit.
947 1086 1118 1153 Aetionum
1141 1086 1339 1172 synodalium
1362 1092 1397 1153 et
1418 1086 1463 1152 le·

290 1222 365 1284 gum
395 1201 636 1285 prouincialium
660 1202 709 1267 vel
738 1202 834 1267 etiam
864 1201 1034 1268 feudalium
1062 1220 1229 1287 processus
1258 1207 1292 1267 et
1314 1221 1463 1269 excessus

291 1336 414 1381 summe
435 1317 577 1398 eognitos
604 1316 748 1383 habebat.
784 1316 890 1400 Atque
919 1318 959 1382 ad
987 1316 1250 1402 depromendum,
1280 1317 1363 1401 qnod
1392 1336 1463 1383 sen-

290 1431 400 1513 tiebat
432 1432 520 1514 gravi
545 1437 576 1496 et
597 1436 689 1513 grets
711 1438 743 1497 et
765 1438 876 1497 ornata
899 1420 1022 1497 dioeudi
1044 1432 1193 1497 facultate
1216 1438 1361 1516 oomptus
1385 1436 1461 1497 erat

383 1548 433 1611 10.
470 1546 560 1612 Unde
589 1546 664 1613 lieet
692 1566 755 1611 nou
784 1545 999 1631 philosophiae
1027 1566 1128 1631 neque
1156 1553 1221 1613 tam
1251 1548 1407 1632 profunde
1427 1548 1462 1612 in

290 1661 471 1729 litteratura
493 1668 576 1727 esset
597 1662 794 1744 eruditionis,
818 1666 922 1727 mmen
946 1663 980 1727 in
1003 1663 1150 1749 populari
1173 1682 1319 1729 sermone
1336 1662 1376 1728 ad
1392 1684 1462 1729 ern-

291 1776 423 1842 diendos
456 1778 489 1842 in
518 1777 634 1843 divinis
667 1783 698 1842 et
726 1775 947 1843 ecelesiasticis
975 1778 1068 1844 rebus
1097 1778 1239 1843 homines
1267 1776 1366 1843 niohil
1397 1778 1462 1843 eius

292 1893 471 1977 eloquentia
499 1891 717 1980 prestabilius3
746 1891 829 1976 quod
859 1892 1066 1959 admiratione
1096 1893 1289 1959 audientium
1320 1898 1352 1957 et
1375 1892 1462 1959 edili·

291 1995 685 2093 auone‘eonpunctorum
708 2012 741 2073 et
768 2013 898 2093 pseusta
927 2028 984 2073 sua
1008 2007 1264 2092 deplangeutium
1291 2030 1366 2096 sepe
1389 2030 1462 2077 eon·

291 2129 356 2189 stet
379 2124 556 2207 probatum.
591 2122 673 2189 Huio
696 2123 780 2187 enim
803 2123 843 2189 ab
860 2123 1004 2190 omuibus
1021 2125 1069 2189 sui
1086 2126 1238 2208 temporis
1261 2126 1461 2210 pontificibus

291 2239 325 2304 in
348 2239 487 2305 dooeudo
510 2237 660 2324 pupulum
685 2236 822 2303 naturali
839 2258 982 2305 sermone
997 2240 1194 2324 principatus
1212 2241 1342 2307 minime
1367 2260 1461 2323 nega-

293 2354 400 2432 batur3
430 2354 518 2438 quia,
548 2353 683 2419 disertus
713 2359 745 2418 et
765 2352 904 2419 naturali
932 2353 1053 2441 pollens
1083 2353 1222 2439 eloquio,
1251 2374 1310 2421 usu
1340 2366 1374 2424 et
1401 2358 1462 2424 irs·

293 2471 422 2554 quentia
444 2471 476 2536 in
499 2470 631 2534 dioendo
654 2468 757 2534 facilis
780 2476 864 2550 erat3
894 2471 968 2555 quid
991 2471 1077 2550 loeo,
1107 2471 1183 2554 quid
1209 2473 1365 2557 tempori,
1389 2473 1462 2558 qnid

292 2586 436 2670 personis
459 2590 650 2668 oonpeteret,
674 2584 855 2650 observans.

385 2703 437 2766 11.
471 2699 533 2766 Sed
549 2701 623 2784 quia
645 2699 810 2785 plurisest
826 2700 1022 2767 benefacere
1037 2721 1131 2786 quem
1154 2701 1232 2769 bene
1251 2703 1367 2786 dicere,
1391 2705 1464 2772 lieet

293 2817 459 2900 utrobique
475 2815 609 2880 valuerit
632 2823 664 2880 et
687 2822 855 2899 utrumque
878 2817 1051 2882 rectoribus
1067 2818 1268 2884 ecelesiarum
1285 2821 1463 2904 conveniat

292 2939 398 2998 temen
423 2931 608 3017 plerumque
622 2931 777 3013 contingit
799 2931 830 2995 iu
855 2929 953 2997 ultero
970 2932 1104 3016 aliquem
1124 2951 1192 2998 esse
1214 2935 1464 3019 propensiorem.

293 3047 384 3114 Unde
407 3048 447 3114 sd
470 3047 748 3114 benefaciendum
772 3045 885 3112 maluit
907 3067 975 3114 esse
998 3047 1182 3132 proelivi0r3
1207 3056 1238 3116 et
1253 3049 1286 3114 in
1303 3070 1373 3116 eam
1392 3071 1465 3136 par-

293 3170 358 3229 tem
381 3163 546 3244 bonitatis,
574 3182 634 3245 qne
658 3183 697 3227 ex
720 3163 806 3228 iente
829 3162 876 3226 rei
898 3161 1063 3228 familiaris
1086 3171 1214 3229 emanat
1234 3165 1268 3230 in
1290 3167 1465 3250 proximos,

295 3279 370 3362 quia
391 3278 483 3362 eopia
505 3277 638 3358 sinebat,
663 3277 801 3342 studium
825 3275 963 3356 infiexit3
987 3278 1148 3362 multaque
1162 3281 1195 3344 in
1211 3287 1381 3364 presentes
1397 3300 1466 3346 ero-

293 3413 383 3477 gans,
407 3393 503 3458 etiam
524 3401 722 3479 posterorum
746 3397 777 3458 et
801 3391 977 3458 absentium
994 3390 1043 3458 vel
1058 3395 1196 3459 noudum
1214 3401 1364 3461 natorum
1387 3397 1466 3462 obli·

294 3515 346 3574 tus
369 3527 431 3573 nou
455 3515 512 3574 est
547 3507 630 3574 Hine
652 3507 807 3592 estquod
829 3507 893 3572 illis
915 3508 1020 3589 rebus,
1044 3529 1104 3593 que
1127 3509 1262 3595 posteris
1277 3512 1374 3578 etiam
1398 3533 1466 3577 ma·

293 3644 370 3690 nere
392 3630 530 3709 possent,
555 3623 690 3688 maiores
714 3631 859 3709 sumptus
882 3623 1046 3708 impendit,
1070 3631 1106 3691 ut
1128 3630 1202 3690 sunt
1221 3628 1315 3706 muri,
1340 3635 1464 3712 pontes,

295 3759 446 3824 uquarum
470 3738 593 3820 duetus,
616 3744 650 3804 et
671 3739 818 3823 quiequid
843 3738 881 3803 ad
905 3738 1075 3804 multorum
1092 3741 1124 3806 in
1140 3739 1267 3824 longum
1284 3748 1392 3827 posset
1407 3743 1465 3808 dn-

293 3875 365 3922 rare
387 3854 642 3920 commoditatem
653 3851 669 3918 ¹.

386 3972 436 4034 12.
469 3968 512 4036 Et
538 3969 682 4055 primiaie
706 3968 831 4054 quidem
864 3989 992 4054 operum
1022 3969 1089 4036 eius
1113 3969 1246 4037 duorum
1275 3971 1336 4038 fuit
1363 3979 1467 4040 strue-

294 4093 366 4152 tura
395 4086 597 4152 cenobiorum
631 4086 665 4149 in
692 4084 852 4169 episeopio
880 4083 1110 4170 Herbipoleuei.
1157 4085 1296 4163 Quorum
1330 4088 1466 4155 alterurn

366 4271 391 4322 1.
417 4268 512 4324 Cioero
530 4267 573 4322 De
591 4267 638 4322 off.
656 4267 682 4320 ll
702 4268 744 4334 17,
763 4267 812 4320 tu:
839 4265 952 4336 „Atque
976 4267 1057 4322 etiem
1081 4269 1143 4323 illae
1166 4271 1307 4338 impensus
1329 4271 1468 4342 meliores,

296 4356 380 4425 muri,
399 4356 520 4423 nauelis,
541 4359 650 4424 portus,
669 4369 801 4424 aquumm
821 4353 932 4422 duetus,
952 4356 1098 4424 omnisque
1115 4371 1187 4426 quse
1205 4357 1241 4412 sd
1260 4373 1339 4413 usum
1357 4358 1395 4412 rei
1415 4376 1468 4429 pn-

293 4443 381 4497 blieae
398 4442 563 4512 pertinent&
