3142 4850
368 294 548 341 suasorem
570 295 752 343 nrarooos.
789 296 854 345 ms.
871 298 897 345 ιι
923 294 962 346 no.
979 294 1010 345 ιι
1210 280 1275 347 759

100 453 224 519 lefactis
254 457 287 519 et
312 454 345 519 in
369 473 452 537 aqua
473 452 578 519 caiida
599 453 709 521 eodem
733 455 836 521 nitore
860 474 896 521 ac
919 458 1104 525 verecundie
1128 458 1364 529 observa-1124

101 569 197 651 tione,
227 568 355 635 infossis
378 567 470 634 doliis
494 574 526 635 st
547 569 677 635 oortiuis
700 569 861 654 adhibitis,
887 571 979 637 thure
1003 592 1126 657 quoquc
1149 582 1181 640 et
1203 574 1274 641 aliis
1301 547 1349 593 ¹⁰⁰¹
1392 634 1393 639 ,

101 683 267 749 odoriferis
290 683 455 770 speciebus
478 690 592 750 cuncta
619 686 889 771 respergentibus,
919 688 1097 755 veneranda
1123 689 1273 775 baptismi

101 800 237 865 coniecit
259 804 468 865 sacramenta.
503 799 568 866 Neo
590 800 722 885 mirum,
751 806 783 867 te
806 802 869 868 ista
891 803 1011 869 mirari.
1047 802 1190 887 Etenim,
1220 804 1273 889 qui

101 934 141 981 ea
162 914 315 999 vidimus,
346 915 541 982 mirabamur
568 921 601 981 et
628 915 691 1002 ipsi
720 922 784 982 tam
815 917 872 983 heo
900 938 992 1003 quarn
1022 919 1084 985 ulia
1111 919 1274 1009 complura

101 1050 225 1097 morum
250 1031 316 1097 eius
337 1035 432 1116 atque
446 1030 598 1096 virtutum
621 1031 767 1115 iusignia.
804 1032 874 1120 Ipso
897 1051 1034 1118 namque
1056 1036 1090 1100 in
1113 1036 1198 1101 omni
1222 1056 1273 1102 uo·

101 1146 187 1211 tione
209 1167 277 1231 sua,
301 1146 384 1231 qnod
407 1151 439 1213 et
462 1147 593 1233 paganis
616 1146 745 1230 dignum
768 1147 861 1215 laude
880 1148 1055 1235 videbatur,
1078 1151 1273 1236 quandsmo

82 1261 224 1348 'Spiritu
247 1268 355 1328 sancto
372 1299 413 1309 -
436 1262 496 1328 hoo
518 1262 601 1327 euim
626 1264 826 1348 potissimum
850 1265 942 1331 oredo
961 1302 1002 1311 —
1021 1266 1184 1332 cuiusdam
1208 1268 1273 1333 sin-

100 1376 219 1461 gularis
235 1377 389 1444 munditie
405 1382 509 1461 atque,
532 1383 568 1442 ut
589 1378 635 1443 ita
650 1378 794 1463 dixerim,
819 1380 972 1464 elegantis
996 1387 1027 1447 et
1044 1382 1164 1449 urbane
1180 1383 1273 1449 disci·

99 1491 188 1579 piine
209 1494 443 1579 prerogativam
466 1493 617 1576 habebat3
641 1494 687 1559 itu
708 1500 744 1560 ut
766 1495 862 1562 nichil
885 1517 1021 1581 unquam
1047 1498 1195 1565 indecens
1218 1504 1274 1565 aut

99 1609 243 1695 ineptum
266 1608 506 1676 inhonestumve
528 1610 604 1695 quid
620 1611 653 1676 in
668 1611 738 1677 cibo
761 1616 817 1677 aut
840 1616 926 1697 potu,
950 1632 1093 1680 sermone
1117 1619 1207 1698 gestu
1222 1614 1273 1681 vel

100 1724 211 1791 habitu
234 1724 424 1791 admitteret.
460 1724 522 1791 Sed
545 1725 576 1790 iu
601 1727 686 1792 omni
710 1725 813 1791 officio
837 1728 1002 1794 exterioris
1026 1728 1173 1811 hominis,
1197 1750 1272 1814 que·

98 1862 173 1907 uam
198 1846 283 1907 esset
304 1841 490 1926 compositio
514 1842 688 1923 interioris,
713 1841 912 1927 ostendebat,
943 1842 1082 1910 bonitate
1106 1843 1273 1930 disciplina

98 1961 131 2023 et
154 1957 321 2043 prudentie
344 1955 468 2023 cautela
490 1958 688 2043 conspicuus.
779 1956 842 2024 Sed
865 1958 1029 2024 redeamus
1054 1959 1093 2024 ad
1115 1979 1192 2025 rem.

192 2072 243 2137 17.
284 2072 458 2138 Mausimus
487 2078 591 2138 autem
622 2073 654 2137 iu
678 2071 788 2139 eodem
811 2072 880 2138 loco
903 2074 993 2157 qussi
1016 2073 1126 2141 diebus
1149 2074 1271 2159 viginti,

98 2186 355 2271 euangeiizantes
378 2186 494 2274 populo
518 2192 550 2253 et
570 2186 769 2273 baptizantes
786 2208 839 2255 eos
856 2189 1031 2255 innomine
1047 2188 1193 2272 Domini3
1217 2188 1271 2256 do-

97 2310 207 2371 centes
235 2324 363 2369 servare
384 2304 543 2371 ‚unitatem
573 2302 645 2370 fidei
675 2304 708 2369 iu
732 2304 856 2371 vinculo
884 2305 987 2390 paois3
1017 2306 1210 2372 instruentes
1233 2306 1271 2372 de

96 2419 323 2487 festivitatibus
347 2425 380 2485 et
401 2417 673 2486 observationibus
696 2418 867 2487 christiane
888 2420 1060 2506 religionis,
1084 2420 1123 2488 de
1146 2421 1271 2488 ieiuniis

96 2541 234 2622 quatuor
257 2540 451 2621 temporum,
475 2534 514 2601 de
538 2533 802 2619 quadragesimali
827 2535 958 2619 ieiunio,
983 2537 1021 2602 de
1044 2537 1270 2622 incarnatione,

96 2651 137 2719 de
159 2651 337 2734 nativitate,
364 2650 611 2732 circumcisione,
640 2649 849 2736 apparitione,
880 2651 1122 2736 presentatione,
1152 2652 1271 2738 baptis·

94 2775 195 2850 mate,
222 2765 508 2848 transfiguratione,
536 2766 693 2851 passione,
720 2766 949 2832 resurrectione
973 2771 1067 2852 atque
1090 2767 1272 2836 escensione

95 2883 219 2950 domini
242 2883 343 2948 nostri
365 2881 437 2948 lesu
459 2880 587 2964 Christi,
611 2880 650 2946 de
673 2880 810 2947 adventu
834 2879 971 2966 Spiritus
995 2883 1105 2965 sancti,
1129 2882 1169 2949 de
1191 2883 1271 2967 vigi·

94 2999 150 3066 iiis
174 3003 207 3064 et
229 2997 386 3064 nataliciis
410 2996 623 3083 apostolorum
647 3002 680 3064 et
701 2997 835 3063 aliorum
859 3000 1055 3081 sauctorum,
1080 2996 1118 3062 de
1141 2997 1192 3064 die
1215 2997 1270 3064 do-

93 3114 227 3198 minico,
252 3113 291 3180 de
313 3117 405 3180 sexta
426 3113 516 3196 feria,
540 3112 579 3179 de
597 3111 819 3179 distributione
841 3113 994 3178 mensium
1020 3117 1052 3179 at
1073 3113 1271 3180 institutione

94 3231 201 3297 tocius
225 3229 300 3295 anni
323 3227 493 3295 secundum
517 3227 714 3295 christianos.
754 3227 987 3312 Exstruotoque
1009 3227 1103 3294 altari
1126 3235 1158 3295 et
1180 3249 1270 3296 sanc-

93 3345 203 3415 tuario
221 3381 262 3390 —-
284 3349 386 3410 totum
410 3344 494 3410 enim
518 3362 632 3431 corpus
656 3342 784 3410 basilice
812 3348 878 3409 tam
906 3343 1009 3409 subito
1032 3342 1100 3410 fieri
1123 3364 1186 3410 uon
1213 3365 1270 3430 po-

93 3463 219 3529 tuit-
237 3459 337 3527 altare
359 3458 577 3542 sanctificavit,
601 3464 633 3525 et
654 3458 782 3524 iuterim
798 3458 912 3526 missas
927 3457 992 3524 illic
1007 3458 1159 3526 celebrari
1180 3460 1269 3542 fecit3

91 3579 179 3645 dans
194 3576 241 3644 eis
257 3576 450 3642 sacerdotem
468 3575 565 3641 libros
581 3581 613 3640 et
627 3573 767 3657 calicem,
791 3579 974 3660 paraturam
998 3579 1030 3640 et
1052 3575 1158 3640 omnia
1179 3579 1270 3642 nten-

91 3681 267 3779 siiia,'que
283 3691 322 3758 sd
339 3690 476 3757 officium
492 3690 601 3757 altaris
625 3688 834 3775 pertinebant.
915 3687 981 3768 Qne
999 3689 1106 3756 omnia
1127 3689 1174 3756 iili
1197 3710 1268 3756 cum

92 3809 199 3876 multo
223 3807 337 3891 gaudio
354 3806 517 3874 alacritate
533 3826 569 3872 ac
583 3805 749 3872 devotione
764 3804 971 3891 suscipientes
994 3810 1026 3872 et
1041 3807 1159 3889 gratias
1175 3826 1269 3889 agen-

92 3933 159 4009 tes,
192 3943 301 3990 omnes
324 3928 446 3990 vetares
474 3927 507 3990 et
534 3921 684 4008 profanas
712 3921 952 4007 superstitiones
975 3941 1049 3986 suas
1077 3927 1109 3987 et
1136 3921 1269 4004 gentiles

91 4039 317 4109 observantias
340 4039 466 4126 penitus
490 4036 681 4118 abiciebaut3
705 4041 738 4102 et
752 4037 841 4102 exuti
856 4041 993 4102 veterem
1017 4035 1174 4102 hominem
1196 4055 1268 4102 cnm

92 4157 222 4226 actibus
246 4155 329 4239 suis,
358 4154 393 4220 iu
415 4154 479 4220 vite
501 4153 642 4220 novitate
668 4148 847 4219 ambulare¹
869 4155 1020 4237 ceperunt
1048 4158 1080 4217 et
1107 4149 1267 4236 proficere.

91 4275 180 4342 Erat
210 4277 315 4337 autem
343 4289 492 4336 numerus
521 4289 743 4336 conversorum
772 4267 817 4333 ibi
846 4267 885 4333 ad
914 4266 1006 4332 fidem
1031 4267 1120 4352 quasi
1149 4272 1269 4353 septem

169 4403 198 4457 1.
215 4401 294 4456 Rom.
307 4403 333 4470 6,
351 4401 378 4457 4.
