3142 4850
325 266 392 333 528
571 282 1099 335 ·nr1sronssnssmuaosrsns
1134 280 1226 333 snas
1306 270 1314 287 ·

166 475 190 515 a
202 460 306 516 112⁰-
326 445 411 511 ticne
433 443 575 531 episcopi
597 441 715 511 nostri¹
736 449 805 511 turn
829 465 887 531 pro
901 447 1012 511 nostra
1029 462 1153 530 semper
1168 460 1318 509 mansura
1332 439 1491 507 deuotione

202 531 272 587 1137
326 560 465 646 perfecte
487 565 520 627 et
541 559 664 644 integre
686 560 873 627 terminetis.

283 681 286 685 ’
415 674 548 743 Noverit
573 681 679 743 autem
711 675 887 761 paternitas
910 679 1031 758 restra,
1059 672 1142 759 quod
1171 672 1288 741 militas
1316 671 1425 738 domni
1445 670 1493 754 N„

325 792 424 859 immo
447 798 610 859 exactores
633 792 701 862 eius
721 792 872 859 tratrem·
896 796 928 858 et
950 790 1200 877 dispensatorem
1221 792 1366 857 nostrum
1394 794 1428 853 et
1448 806 1494 853 ss·

327 908 486 975 cerdotam
509 907 570 974 Dei
591 907 854 975 inhumanissime
883 914 916 974 at
941 907 1023 973 sicut
1045 925 1098 972 aas
1121 904 1252 973 decebat
1273 908 1494 986 tractaverunt,

327 1024 515 1090 attendam
538 1024 750 1090 -omnibus
778 1022 873 1091 rebus
900 1022 967 1089 suis
996 1026 1029 1087 et
1054 1022 1171 1089 nostris
1199 1022 1346 1103 retentis,
1380 1019 1496 1087 scihect

327 1145 447 1227 septem
471 1139 638 1226 palefridis
660 1145 693 1207 et
714 1138 852 1207 sedecim
875 1138 1009 1221 marcis,
1033 1136 1146 1223 quibus
1169 1136 1259 1205 nobis
1282 1136 1393 1203 riuum
1416 1156 1496 1203 com·

327 1255 504 1342 parandum
533 1260 602 1323 eret
628 1262 675 1339 et,
704 1255 786 1341 quod
815 1255 883 1323 sine
910 1252 1050 1321 lacrimis
1078 1252 1238 1320 reminisci
1260 1272 1324 1319 uon
1347 1252 1496 1335 ualemus,

326 1370 468 1439 vestibus
489 1372 636 1438 omnibus
658 1391 757 1458 usquc
779 1371 821 1437 ed
842 1370 1049 1438 verecundam
1073 1369 1249 1437 nuditatem
1272 1368 1444 1437 abstractis
1458 1404 1495 1417 -

327 1487 486 1555 infirmum
515 1493 549 1555 et
577 1488 630 1553 vix
658 1486 769 1555 baculo
799 1488 954 1570 innisum,
987 1485 1127 1571 peditem
1159 1484 1246 1553 abire
1275 1486 1494 1571 permiserunt

328 1601 411 1670 Sunt
432 1609 539 1671 autam
566 1604 697 1671 nomina
718 1622 842 1687 eorum,
872 1602 928 1687 qui
954 1602 1013 1669 hoc
1039 1602 1196 1685 facerunt,
1226 1600 1264 1667 N.
1290 1607 1323 1669 et
1343 1601 1385 1669 N.
1411 1608 1443 1669 at
1462 1600 1495 1669 N.

328 1718 511 1790 Ceterorum
534 1739 609 1787 uero
638 1719 768 1787 nomina
793 1718 886 1785 modo
911 1717 1104 1787 exciderunt
1144 1717 1233 1797 Quod
1261 1736 1335 1801 nos,
1364 1718 1496 1800 demina,

328 1835 404 1921 qnia
426 1834 509 1901 oculi
531 1836 633 1902 tocius
660 1834 750 1919 regni
778 1834 819 1901 ad
842 1834 1008 1901 consilium
1036 1834 1223 1921 prudenciae
1248 1838 1373 1901 vestrae
1405 1839 1437 1901 at
1462 1830 1497 1899 ad

329 1950 482 2017 auxilium
506 1951 666 2036 potentiae
686 1955 811 2017 uestrae
832 1950 1016 2037 respiciunt7
1042 1955 1165 2017 vestrae
1187 1950 1307 2034 gratiae
1330 1948 1497 2016 committi·

328 2086 415 2149 mus,
443 2072 533 2133 tanto
555 2066 595 2133 de
616 2071 724 2133 vestra
745 2065 962 2133 misericordia
986 2071 1237 2152 praesumentes,
1266 2072 1388 2150 quanto
1419 2070 1496 2153 post·

329 2180 388 2247 hac
411 2202 487 2267 prae
509 2182 655 2249 omnibus
677 2182 766 2249 robis
790 2182 935 2249 volumus
958 2202 1027 2249 essa
1050 2182 1236 2249 devotiores.

813 2316 1025 2325 -——-————-

333 2390 394 2463 32.
421 2394 539 2462 Aldcro
567 2396 821 2485 archiepiscopus
848 2396 1042 2466 Trocmos
1065 2394 1211 2464 Conrado
1231 2396 1247 2462 1
1265 2394 1497 2483 archiepiscopo

421 2511 649 2600 Sclsburyenac'
669 2514 790 2593 scribit,
814 2516 909 2580 ciram
933 2512 1074 2578 Cossaei
1087 2513 1141 2580 HI
1157 2515 1241 2599 repis
1264 2512 1443 2580 electionem
1463 2511 1499 2575 ud

418 2631 572 2694 misniam
594 2632 660 2696 daca
683 2652 748 2696 non
769 2626 987 2716 spectavisset
1113 2659 1124 2684 ·

243 2773 313 2828 1138
419 2761 592 2842 Gtcnrade)
615 2761 677 2828 Dei
699 2762 804 2845 gratia
826 2769 953 2830 sauctae
969 2760 1208 2844 Salzburgensis
1232 2759 1386 2828 ecclesiae
1406 2759 1499 2828 archi-

247 2846 314 2894 m
331 2877 480 2964 episcopo
505 2876 676 2944 venerabili
698 2874 871 2962 Adhero)¹‚
896 2876 1037 2944 eiusdem
1060 2875 1360 2964 superhabundante
1383 2877 1500 2946 miseri-

330 2992 440 3061 cordia
462 2992 495 3059 id
518 2991 601 3077 quod
623 2999 682 3076 ast,
705 2992 841 3060 salutem
863 2993 898 3060 in
921 2993 1047 3060 domino
1071 2992 1151 3060 Iesu.

420 3107 527 3174 Missis
550 3128 570 3174 a
592 3113 698 3176 vestra
726 3110 895 3176 sanctitate
923 3109 1038 3176 litteris
1062 3109 1146 3176 circa
1168 3107 1229 3174 Dei
1250 3107 1419 3189 ecdesiam
1448 3105 1501 3176 zeli

331 3223 430 3290 vestri
457 3223 613 3290 feruorem
641 3225 836 3310 accepimus;
867 3245 959 3312 quem
983 3245 1003 3290 a
1025 3224 1136 3301 diebus
1159 3223 1268 3291 multis
1296 3226 1332 3292 in
1353 3225 1501 3309 rohgionc

332 3344 365 3408 et
379 3339 502 3406 iustitia
517 3387 858 3406 ................
876 3344 907 3408 at
920 3340 955 3407 in
971 3389 1068 3407 .....
1082 3341 1199 3408 ssimae
1213 3340 1318 3408 famae
1331 3339 1502 3409 redolentia

331 3454 545 3538 cognorimus.

421 3569 539 3636 Verum
554 3569 595 3636 de
608 3569 762 3657 principis
778 3576 811 3638 et
824 3571 912 3654 regni
929 3571 1128 3640 restitutione
1144 3571 1313 3640 terminum
1330 3575 1363 3640 at
1375 3571 1501 3653 curiam,

334 3705 428 3772 quam
443 3684 549 3752 dicitis
571 3691 776 3770 praeventam
792 3705 872 3770 csse,
895 3691 931 3753 ut
946 3686 1035 3753 vobis
1055 3685 1269 3771 significemus
1284 3707 1348 3754 non
1364 3693 1501 3774 oportet3

333 3819 422 3884 cnm,
444 3800 508 3866 mm
530 3805 658 3884 peracto
681 3802 829 3886 negocio,
852 3797 952 3885 regis³
976 3802 1140 3870 constituti
1168 3801 1301 3869 celebris
1324 3803 1410 3872 fama
1432 3803 1503 3870 hino

332 3916 407 3984 inde
428 3914 579 4002 pervolet.

423 4030 511 4098 Scire
535 4034 643 4098 tamen
671 4031 871 4098 sanctitatem
895 4036 1033 4098 vestram
1058 4031 1203 4102 volumus
1218 4067 1259 4078 -
1282 4038 1377 4119 atqua
1399 4051 1499 4100 coram

403 4219 425 4252 ι.
447 4205 528 4254 tr'rirc.
619 4205 1134 4267 b.Dueripsiscscec.X11ncmbrosu
1154 4209 1500 4274 cosummatu-

335 4283 418 4341 cusia,
433 4283 641 4345 mecca·
656 4285 851 4333 haldestatt
866 4286 1023 4349 spoletium.

408 4387 432 4442 1.
450 4384 558 4445 Ottouis
569 4387 592 4444 1.
668 4391 695 4446 2.
713 4389 936 4461 archiepiscopus
948 4392 1130 4450 Trevireusis.
1203 4393 1229 4452 3.
1248 4392 1426 4452 Gomadiiss.
