3142 4850
331 313 455 361 neema
477 314 558 362 VITA
580 313 738 363 errorum.
772 314 839 361 ure.
856 314 895 361 111
918 312 961 363 aa.
975 312 1010 363 24
1190 296 1255 361 685

88 469 159 537 bum
173 469 286 537 ealutie
302 491 433 555 erogare
447 471 630 558 disponeret
645 471 696 539 vel
710 472 748 555 ei,
771 491 843 541 eum
868 476 980 557 sponte
1003 492 1038 539 ee
1058 472 1253 555 ingerentem
1273 487 1342 543 112⁷

88 602 163 669 opua
185 586 342 667 euangelii
358 588 428 653 vioe
449 606 508 653 ena
529 586 669 670 aggredi,
692 586 811 653 mallet.
847 585 908 653 Per
931 605 1024 671 quem
1048 586 1143 655 etiam
1167 606 1255 654 more

87 716 157 781 ouo,
181 700 255 784 quia
276 700 519 769 liberalissimus
541 722 667 787 eemper
690 706 774 785 erat,
805 702 926 787 prelato
950 700 1112 769 Danorum
1135 702 1255 788 presuli

87 812 258 881 baleamum
280 836 397 883 uorum
420 834 492 885 oum
516 816 598 883 etola
626 816 771 903 prerioea
797 815 982 883 transmisit
1021 815 1145 885 luanus
1169 836 1254 901 vero,

86 927 173 995 tarde
195 935 270 1014 poet
290 951 348 999 σοι
370 931 616 999 ebdomadarum
639 931 790 999 oiroulum
814 950 970 1013 reversus,
994 950 1180 1017 responsum
1204 952 1254 999 ar·

86 1042 275 1131 ohiepioeopi
302 1046 426 1130 retulit,
453 1046 616 1115 videlieet:
645 1067 680 1115 ee
708 1066 781 1113 oum
810 1046 1006 1132 principibus
1036 1051 1119 1113 terre
1141 1066 1197 1113 sue
1223 1050 1256 1113 et

86 1163 161 1225 natu
182 1160 371 1244 maioribus,
394 1162 470 1246 quid
493 1162 532 1228 de
554 1162 604 1228 hie
627 1168 790 1245 eeneeant,
814 1160 961 1246 proxima
982 1161 1102 1247 synodo
1125 1160 1255 1229 oollatu·

85 1292 169 1355 rum3
200 1274 321 1360 hooque
342 1276 404 1343 eibi
427 1277 613 1361 quautooiue
634 1277 793 1360 legatione
818 1274 882 1341 fida
904 1276 1151 1358 designatarum.
1192 1275 1256 1343 Sed

86 1393 118 1455 et
143 1389 322 1457 naviculam
350 1390 464 1477 butyro
491 1392 640 1461 refertam
664 1392 749 1459 idem
772 1391 1026 1477 mobiepieoopuo
1050 1389 1142 1457 beato
1171 1391 1255 1475 patri

85 1508 191 1572 metro
215 1526 273 1591 pro
295 1526 426 1573 munere
448 1507 574 1573 direxit

171 1620 225 1685 24.
260 1620 386 1689 interea
411 1621 658 1705 glorioeieeimue
680 1640 737 1689 rer
760 1619 929 1687 Letharlua
952 1618 1111 1703 ceterique
1137 1619 1255 1705 prinoi-

85 1750 149 1818 pae,
174 1733 355 1803 diuturnam
379 1736 446 1804 eine
470 1737 650 1804 absenciam
674 1754 748 1818 egre
768 1736 916 1818 ferentes,
943 1739 1052 1819 utpote
1074 1735 1130 1819 qui
1152 1736 1255 1803 oonsi-

83 1846 134 1914 liie
156 1856 189 1917 et
211 1851 273 1936 piie
296 1850 418 1918 aotibue
440 1872 498 1938 pre
520 1850 633 1919 oeterie
656 1856 732 1917 tuno
754 1850 910 1936 episcopie
932 1868 1064 1932 regnum
1087 1848 1256 1918 nobilitare

83 1971 304 2048 uonaueverat,
327 1967 516 2034 auctoritate
538 1986 597 2032 eua
618 1966 664 2049 ei,
687 1970 724 2032 ut
744 1964 877 2033 celerina
900 1966 1023 2048 redeat,
1051 1964 1254 2051 prooipieudo

84 2077 176 2145 simul
198 2085 232 2148 et
258 2082 394 2166 petendo
416 2082 597 2161 mandavit3
628 2079 707 2147 adeo
729 2086 766 2145 ut
788 2079 857 2164 ipae
879 2100 952 2165 rex,
982 2079 1036 2165 qui
1059 2078 1159 2147 artius
1182 2095 1255 2147 eum

83 2192 250 2279 diligebat,
279 2196 481 2265 iureiurando
505 2194 694 2278 adfirmaret,
724 2214 760 2261 aa
781 2214 832 2261 ree
856 2194 1082 2263 ecclesiastieae
1105 2195 1139 2259 in
1162 2214 1254 2265 auum

82 2308 226 2391 redigere
240 2308 425 2394 dominium,
448 2311 510 2377 niei
526 2310 713 2395 quantocius
735 2328 885 2395 sponsam
908 2328 999 2377 enam
1015 2310 1178 2379 eeclesiam
1193 2309 1255 2377 Ba·

82 2420 329 2509 bambergensem
343 2427 399 2494 din
413 2427 573 2495 viduatam
598 2432 707 2512 paetor
730 2426 802 2511 piue
826 2425 1003 2495 desiderato
1026 2427 1130 2495 reditu
1145 2445 1255 2494 noneo-

82 2537 175 2608 lando
190 2546 357 2610 remearet.
387 2542 560 2628 Apoetolue
574 2544 682 2628 itaque
696 2541 954 2624 Pomeranornm,
977 2541 1026 2608 hia
1041 2541 1254 2624 legadionibus

82 2657 239 2724 eonmaire
260 2676 326 2724 non
349 2657 472 2741 valane,
496 2663 666 2743 antequam
688 2673 875 2741 responsum
897 2655 1126 2742 archiepiscopi
1148 2655 1254 2722 Dauo·

81 2791 152 2837 rum
174 2772 341 2858 reoiperet,
365 2773 406 2838 ad
428 2773 534 2840 eedem
558 2793 649 2840 onam
671 2773 775 2840 redire
798 2771 977 2858 eompulaue
1001 2777 1059 2838 eet

170 2886 316 2954 Vieitaiia
339 2907 414 2970 ergo
436 2888 641 2956 eircumoiroa
666 2886 811 2954 fidelibus
839 2892 871 2953 et
899 2886 933 2952 in
959 2885 1021 2952 fide
1050 2883 1253 2968 oonfirmatie,

82 2999 207 3070 Ohriato
223 3001 274 3070 oui
288 3002 489 3070 madidarent
510 3021 564 3071 eoe
578 3003 814 3084 commendans,
838 3002 898 3068 iter
913 3019 985 3068 oum
1001 3000 1066 3070 suia
1089 3019 1254 3084 uggreeaua

81 3121 138 3182 oet.
173 3116 328 3202 Cumque,
350 3134 478 3186 emenso
500 3117 625 3202 itinere,
649 3116 813 3184 Pelopiam
833 3116 980 3200 uenisset,
1004 3115 1069 3182 dux
1085 3115 1253 3200 Polizlaue,

82 3231 231 3316 antiquae
253 3251 310 3298 ene
330 3231 557 3301 familiaritatis
572 3238 688 3315 naama,
713 3231 811 3299 debiti
833 3230 961 3296 honoris
984 3231 1161 3298 reverentia
1182 3251 1253 3298 eum

82 3347 244 3433 exeipiene
258 3346 293 3412 in
307 3346 552 3434 metropolitana
566 3346 723 3414 Guezenei
738 3345 871 3414 ecelesia
887 3365 994 3413 aeuum
1010 3345 1160 3426 detinuit;
1183 3349 1254 3412 ten·

80 3465 175 3547 taque
190 3458 341 3529 melliflue
355 3461 423 3530 eiua
438 3461 581 3529 doetriue
595 3461 779 3528 intendebat
795 3460 956 3542 aviditate,
974 3465 1017 3543 ut,
1034 3459 1167 3528 evolutio
1183 3465 1254 3526 oum

80 3575 201 3660 diebus,
228 3576 281 3643 vix
304 3575 419 3645 dileoto
441 3577 525 3661 patri
548 3577 710 3646 licentiam
733 3575 868 3644 abeundi
891 3573 1077 3657 indulgeret

169 3691 323 3775 Tandem,
346 3692 443 3774 ionga
456 3691 720 3778 peregrinationis
735 3691 829 3758 huiue
845 3690 977 3773 angaria
988 3689 1113 3756 Christo
1128 3691 1254 3758 iaveme

79 3811 219 3891 pernota,
242 3807 278 3872 in
300 3805 409 3890 uigilia
429 3806 533 3874 aaron
555 3806 675 3872 Thome
697 3805 833 3892 apostoli
855 3824 955 3872 noune
978 3805 1078 3870 nostri
1102 3807 1253 3891 temporie
1270 3829 1364 3879 moro

81 3919 244 4005 apostolae
267 3920 433 3988 eooleeiam
462 3941 552 3988 auam
575 3919 777 3988 deeiderabili
805 3920 942 3988 adventu
969 3919 1137 4001 letificans,
1168 3921 1254 3996 omui

79 4035 245 4120 utrimque
266 4033 472 4120 proieeeionie
493 4041 526 4102 et
549 4055 643 4102 earne
661 4033 753 4121 plebe
767 4035 801 4100 in
817 4053 914 4102 uuum
931 4039 1145 4118 eonourreute,
1169 4034 1255 4102 velut

81 4149 212 4234 angelue
234 4148 297 4215 Dei
318 4154 483 4236 aueoeptue
505 4153 564 4216 eat
598 4149 736 4235 Oquam
758 4148 963 4216 inestimabili
986 4148 1160 4236 spiritualis
1182 4149 1253 4216 leti·

81 4265 127 4331 oie
147 4263 290 4351 tripudio
312 4262 421 4332 fidelee
444 4263 579 4347 Christi,
610 4283 745 4350 quorum
771 4263 919 4351 specialia
948 4268 1039 4350 pater
1063 4268 1095 4332 et
1116 4265 1253 4332 nutritor

80 4379 243 4464 piieaimua
256 4379 309 4446 hio
325 4384 404 4464 erat,
427 4384 502 4466 poet
515 4378 597 4447 tanti
617 4380 772 4465 temporie
795 4379 1090 4466 peregrinationem,
1113 4385 1186 4464 poet
1201 4397 1253 4446 ao·
