3142 4850
445 327 611 376 cumeum
633 328 761 376 coeux.
797 325 924 378 neuere
1203 313 1270 380 429

105 484 222 570 imperii
250 485 283 550 in
312 485 426 552 melius
453 487 654 554 relormendo
682 508 738 574 per
765 487 947 574 proesentis
973 470 1094 574 scripte
1121 494 1154 555 et
1175 509 1269 556 uene·
1298 508 1368 563 1130

105 599 226 666 rebilem
253 601 386 668 mtrem
415 607 557 669 nostrum
582 601 793 684 G(nnlterum)
815 603 1044 670 Ravennatem.
1059 604 1269 690 archiepisco-
1285 579 1375 628 Μ

103 735 187 801 pum,
217 717 319 783 virum
349 718 459 802 utique
485 718 668 802 religiosum
697 718 887 804 prudentem
914 721 1117 804 omniumque
1143 740 1267 786 morum

102 829 258 898 honest-ste
279 834 493 919 conspicuum,
517 833 722 902 excellentiae
737 841 811 900 tuse
825 835 941 901 iterato
961 835 1167 902 mundemus:
1192 856 1268 920 quo-

102 947 180 1012 tiens
208 949 355 1034 proxime
382 949 511 1035 hyeme·
541 969 611 1016 eum
642 949 888 1038 archiepiscopis
916 951 1083 1038 episcopis·
1102 950 1157 1016 ιιιι
1178 953 1269 1035 regni

100 1062 291 1150 principibus
313 1064 354 1132 ud
376 1070 518 1132 nostrum
541 1066 755 1151 praesentiam
770 1067 891 1150 venies,
913 1066 1088 1153 imperialis
1105 1067 1268 1151 dignitatis

99 1177 320 1263 plenitudinem
345 1186 535 1267 cooperante
557 1181 710 1247 Domiuc⁰
733 1187 946 1268 suscepturus.

183 1293 377 1382 sitimque,
406 1296 451 1363 lili
473 1297 658 1380 karissime,
686 1297 820 1381 regnum
847 1303 938 1364 tuum
965 1297 1156 1364 adiutorium
1179 1297 1268 1381 regni

98 1409 253 1493 caelestis3
282 1417 318 1478 ut
347 1417 420 1498 post
443 1413 617 1500 temporale
639 1433 789 1497 mgnum,
818 1413 902 1498 qood
930 1413 1098 1497 longevum
1121 1413 1268 1480 tibiDo-

97 1525 198 1592 minus
221 1527 335 1612 iaciat,
364 1530 529 1616 cumipse
554 1529 623 1596 siue
650 1527 713 1596 tine
741 1529 845 1616 possis
876 1549 1018 1613 regnare.
1060 1529 1268 1615 Temporibus

95 1643 156 1708 tuis
190 1643 306 1713 hebeat
337 1644 486 1711 honorem
522 1665 615 1711 suum
649 1645 781 1714 ecclesia
819 1650 852 1711 et
887 1647 922 1710 in
954 1665 1029 1728 rege
1062 1665 1119 1710 suo
1152 1645 1268 1712 letetur

95 1763 127 1823 et
153 1758 187 1824 in
211 1759 313 1843 gloria
335 1765 391 1826 tue
412 1759 524 1827 floreat
546 1765 580 1827 ct
601 1761 762 1844 glorietur.
802 1759 994 1826 Exoltentur
1015 1761 1049 1826 in
1072 1760 1183 1827 dicbus
1204 1762 1268 1827 tuis

95 1873 238 1942 catholici
262 1881 294 1941 et
317 1877 538 1962 opprimentur
560 1877 701 1960 heretici,
724 1882 761 1942 ut
782 1897 915 1961 regnum
936 1881 1025 1942 tuom
1042 1876 1129 1942 Deus
1149 1877 1268 1944 exultet

94 1994 124 2055 et
144 1991 292 2058 inimicos
315 1995 386 2058 tuos
409 1990 468 2058 sub
491 1991 624 2078 pedibus
646 1992 710 2059 tuis
736 1992 892 2060 humiliet
982 1991 1034 2058 Ad
1056 1991 1114 2059 hec
1136 2013 1266 2059 venerc-

93 2104 186 2172 bilem
215 2107 348 2174 tratrem
376 2112 520 2174 nostrum
549 2107 725 2193 praelatum
756 2107 967 2189 Gtuulterum)
996 2108 1266 2195 archiepiscopum

92 2225 164 2287 tuse
185 2221 307 2305 glories
322 2224 475 2290 attentius
490 2224 761 2305 commendemos3
785 2231 943 2309 rogantes,
967 2229 1003 2290 ut
1017 2244 1076 2310 pro
1092 2225 1175 2291 sedis
1191 2245 1268 2310 apo·

91 2335 221 2403 stolicoe
243 2340 422 2406 reverentie
444 2359 515 2406 eum
537 2338 673 2425 benigne
694 2339 829 2427 recipies
851 2346 886 2406 et
907 2340 1037 2409 honeste
1059 2345 1243 2428 pertractes.

179 2454 388 2543 Omnipotens
404 2455 560 2523 Dominus
578 2455 764 2526 incolomem
781 2462 824 2540 te
846 2455 893 2523 tili
908 2456 1087 2542 karissime,
1109 2458 1267 2525 custodiet

88 2575 121 2636 et
143 2570 297 2639 eeclesiae
319 2592 395 2639 snae
418 2572 501 2639 coris
524 2571 676 2639 fideliter*
693 2572 877 2655 invigilare·
891 2572 1053 2641 concedet
1087 2572 1266 2641 Gloriosom

89 2684 187 2753 liliam
211 2693 353 2754 nostram
372 2686 583 2770 li(ichiuzem)
606 2688 749 2771 reginem
772 2709 812 2754 ex
835 2694 945 2755 nostra
967 2694 1058 2775 parte
1080 2690 1192 2756 devote
1215 2710 1266 2756 se·

88 2801 164 2887 luta,
189 2822 326 2888 eamque
347 2824 405 2890 pro
421 2803 624 2891 suscipiendo
637 2803 813 2890 imperialis
828 2804 1055 2871 benedictionis
1069 2804 1266 2890 plenitudine
1287 2873 1292 2879 ,

88 2938 151 2985 uno
179 2925 287 2986 ιοοιιιιι
316 2919 357 2985 ed
384 2939 442 2987 nos
468 2922 577 2987 venire
599 2917 780 2987 invitemus.
826 2920 911 2987 Dete
941 2920 1042 2987 Trous
1068 2920 1218 3007 Tyberim
1243 2921 1265 2985 5

88 3031 160 3101 ldue
183 3034 274 3103 ldeii.

89 3244 176 3349 248.
201 3200 380 3317 innocentii
395 3250 432 3315 ll
447 3273 553 3336 papae
575 3254 753 3319 cardinales
774 3254 927 3327 Lotturs‘o
943 3252 999 3320 Ill
1014 3254 1084 3337 reqs'
1104 3253 1144 3317 de
1165 3253 1263 3317 sodis·

198 3377 283 3431 croto
296 3365 448 3449 rodmunt.
479 3366 518 3433 Ut
529 3367 591 3433 eidi
604 3369 776 3449 summias,
792 3382 928 3438 menese
960 3366 1148 3453 Gemltmm
1158 3369 1263 3433 arcto·-

154 3536 162 3544 .
198 3485 383 3569 episcopum
406 3482 622 3549 Ravennatem
645 3482 886 3551 commendanti
1129 3482 1168 3563 (E
1185 3483 1264 3565 352)

173 3612 354 3695 Llothnrio)
380 3614 492 3681 divino
512 3614 688 3702 inspirante
711 3616 896 3683 clementis¹
918 3616 1132 3683 Romanorum
1156 3616 1264 3683 cleris·

86 3730 165 3797 simo
188 3730 276 3813 regi,
300 3729 444 3797 iusticias
466 3731 570 3813 rigore
593 3731 744 3817 fulgenti,
768 3734 909 3819 episcopi
931 3731 970 3798 N.
993 3737 1025 3798 et
1046 3731 1085 3797 N.
1107 3737 1141 3798 et
1161 3731 1264 3798 cerdi-
1282 3717 1301 3750 ⁰·
1336 3718 1366 3752 ⁸¹·

85 3844 172 3912 uoles
196 3844 335 3911 Romeni
363 3864 435 3911 cum
464 3847 576 3913 ceteris
605 3848 756 3915 fnanibus
785 3848 919 3916 salutem
948 3853 982 3915 et
1008 3853 1194 3934 perpetuom
1223 3848 1263 3915 de

85 3958 230 4027 hostibus
254 3961 319 4026 suls
343 3962 518 4027 victorium.

173 4076 289 4142 Nullus
319 4076 562 4145 christianorum
590 4080 733 4162 ignoret,
763 4082 882 4165 optime
912 4100 984 4163 rex,
1015 4081 1098 4164 quod
1121 4079 1264 4146 Romane

87 4192 220 4258 ecclesis
244 4191 303 4260 Dei
326 4193 529 4260 institucione
553 4200 585 4260 et
607 4199 785 4261 sanctorum
811 4202 938 4282 patrum
963 4197 1139 4261 imitatione
1160 4200 1193 4261 et
1212 4216 1262 4262 re-

153 4384 174 4416 e.
197 4372 259 4417 ieme
275 4370 301 4417 Z.
394 4370 417 4417 b.
440 4370 484 4417 hoc
500 4370 525 4417 Ζ.
617 4386 636 4420 c.
660 4372 765 4419 domiuus
782 4372 808 4419 Z.
898 4375 920 4420 d.
944 4373 1049 4420 videliter
1065 4372 1091 4420 Z.
1185 4389 1205 4419 e.
1228 4374 1262 4420 in-

85 4448 169 4497 dome
186 4448 214 4496 Ζ.
309 4448 325 4497 l.
349 4464 378 4496 ec
395 4450 585 4509 Vnde-us,
602 4452 625 4499 Ζ
638 4468 664 4513 p.
675 4454 825 4501 elo—320.
919 4468 940 4513 ς.
964 4455 1037 4513 gretie
1053 4454 1079 4501 Ζ.
