3142 4850
338 337 405 400 414
682 355 848 403 connasci
869 353 997 403 oonnx.
1032 351 1160 404 asanaa

227 511 571 595 (transcensores
594 515 733 600 suspecti
756 513 1033 597 accedebamus,
1061 513 1158 579 nichil
1186 512 1269 578 unde
1295 511 1422 596 aliquis,
1442 510 1479 593 qui

338 627 463 694 causam
487 630 590 714 ipsam
615 629 740 715 plenius
762 630 957 711 tractaverit,
980 630 1082 714 possit
1096 649 1153 694 nos
1172 627 1411 714 reprehendere.
1438 623 1481 690 sa

338 744 487 829 quicquid
517 745 550 810 in
573 745 632 810 hac
654 763 749 812 causa
772 745 909 828 egimus,
937 763 1002 810 non
1025 744 1092 810 zelo
1117 743 1338 810 amaritudinis
1363 742 1420 807 sed
1436 738 1482 805 zelo

337 860 491 944 iusticias,
514 881 578 926 non
601 860 705 946 aliquo
723 861 795 927 odio
817 861 953 947 permoti
976 860 1033 926 sed
1055 859 1150 926 officii
1172 860 1274 924 nostri
1295 859 1424 940 intuitu,
1440 874 1483 921 non

338 981 449 1042 contra
476 981 657 1042 sacomam
685 981 812 1062 patrum
842 995 978 1043 canones
1006 975 1063 1042 sod
1085 975 1257 1043 secundum
1280 990 1418 1040 canones
1440 971 1485 1054 ogi

337 1109 418 1156 mus.
511 1091 633 1158 Scimus
656 1092 795 1178 quidem,
817 1093 907 1158 iuxta
929 1095 1109 1158 sanctorum
1133 1097 1259 1177 patrum
1282 1089 1409 1178 regulas
1427 1087 1484 1153 diri

337 1207 424 1272 nitus
445 1207 617 1294 inspiratas
641 1209 789 1294 episcopo
811 1207 1030 1294 episcopatum
1058 1206 1155 1272 adimi
1177 1226 1242 1273 non
1264 1205 1394 1288 debere,
1422 1209 1485 1270 mc

339 1342 432 1406 quam
456 1341 569 1389 causae
592 1323 659 1390 cius
683 1324 786 1390 exitus
809 1327 972 1409 appareat
1013 1321 1075 1390 Sed
1098 1321 1217 1407 optime
1239 1322 1328 1388 novit
1349 1319 1487 1388 sanaim·

338 1459 409 1504 mus
433 1439 628 1524 apostolatus
650 1444 771 1522 vester,
802 1438 884 1504 hanc
906 1443 1086 1504 sanctorum
1109 1443 1237 1523 patrum
1258 1433 1488 1504 sententiando

338 1553 442 1620 dubiis
471 1555 690 1640 episcoporum
720 1555 824 1621 causis
859 1553 990 1619 nonde
1018 1553 1195 1619 manifestis
1223 1552 1359 1635 intelligi
1385 1551 1487 1618 debera

337 1669 417 1735 Eius
438 1690 523 1752 vcro,
549 1689 610 1755 quo
633 1671 672 1736 de
696 1670 811 1753 agitur,
834 1669 1112 1755 impudentissima
1132 1689 1228 1735 causa
1250 1675 1425 1734 etcertum
1446 1666 1489 1733 cd

338 1805 411 1850 men
438 1784 559 1850 nullum
588 1785 747 1869 legitimae
774 1786 982 1868 detensionis,
1017 1785 1139 1852 nullum
1167 1785 1269 1850 iustae
1298 1782 1491 1850 excusationi

299 1948 303 1956 ,
338 1900 474 1967 colorem
496 1900 621 1986 recipit
660 1900 745 1967 Luce
767 1902 854 1968 enim
875 1901 990 1968 clarius
1013 1907 1102 1987 patet
1123 1901 1285 1983 omnibns,
1308 1901 1393 1984 quod
1414 1897 1491 1966 nulli

338 2017 521 2082 meritorum
553 2017 727 2102 privilegiis
750 2017 839 2084 nulla
867 2023 1039 2104 praeeunte
1062 2016 1215 2084 electione
1239 2016 1280 2081 ad
1301 2017 1385 2082 tanti
1406 2035 1492 2082 sacco

338 2131 416 2197 dotii
445 2132 577 2214 gradmn
608 2139 656 2198 est
684 2133 819 2199 ascitus·
842 2134 898 2199 sed
922 2133 1090 2219 tyrannica
1111 2132 1263 2199 uiolentia
1289 2132 1443 2210 intrusum
1470 2131 1493 2195 iu

339 2247 420 2312 ovile
443 2247 633 2312 dominicum
656 2267 719 2314 non
743 2269 801 2336 per
816 2249 931 2315 ostium
955 2248 1096 2332 intravit,
1119 2247 1174 2314 sed
1198 2247 1324 2313 aliunde
1348 2269 1404 2333 per
1421 2245 1493 2312 arnt

339 2361 468 2429 itionem
498 2367 531 2429 et
557 2363 772 2449 symoniacam
800 2363 936 2431 heresim
964 2371 1126 2450 tamquam
1156 2364 1209 2429 fur
1237 2367 1270 2429 et
1295 2363 1379 2430 latro
1406 2364 1494 2449 impu

339 2477 523 2546 deotissime
550 2480 668 2566 irrupit
697 2486 743 2564 et,
775 2482 857 2565 quod
886 2481 955 2547 sine
978 2500 1092 2565 magno
1115 2479 1222 2546 dolore
1244 2484 1279 2545 et
1298 2480 1403 2545 cordis
1423 2496 1495 2544 com
1551 2539 1552 2578 3

339 2594 508 2680 punctione
523 2595 627 2662 dicere
641 2616 703 2661 non
722 2616 900 2683 possumus,
924 2596 1025 2663 locum
1042 2596 1176 2680 legitimi
1192 2596 1328 2683 pastoris
1344 2596 1403 2662 sibi
1419 2614 1496 2661 usur·
1551 2667 1552 2670 Ἴ

338 2710 441 2796 pavit;
472 2730 564 2796 quem
593 2711 655 2777 sibi
683 2716 794 2778 sancta
814 2710 1086 2797 wirzeburgensis
1113 2712 1245 2779 ecclesia
1273 2712 1313 2777 do
1339 2710 1414 2777 tiliis
1442 2708 1496 2775 suis

338 2828 496 2892 communi
518 2834 592 2893 voto
616 2833 647 2894 et
670 2846 824 2894 consensu
845 2827 923 2895 cleri
950 2833 983 2893 et
1011 2827 1111 2914 plebis
1133 2828 1286 2913 nobisque
1309 2826 1498 2893 laudantium
1551 2859 1552 2876 κ

339 2948 371 3009 et
393 2942 660 3009 consentientibus
683 2944 832 3010 canonice
860 2943 1115 3010 intronizandum
1139 2943 1292 3027 elegerat,
1321 2949 1430 3029 utpote
1450 2958 1499 3005 na·
1551 2967 1552 2990 1

338 3056 454 3127 talibus
478 3064 510 3125 et
532 3059 672 3125 moribus
695 3059 843 3142 nobilem,
868 3059 1081 3127 ecclesiastica
1095 3058 1263 3145 disciplina
1278 3059 1421 3145 adprime
1437 3074 1499 3123 ern·

338 3172 468 3257 dituml,
491 3172 553 3240 fide
568 3175 765 3259 catholicum,
789 3182 905 3241 natura
917 3175 1115 3262 prudentem,
1133 3176 1199 3241 vita
1213 3180 1346 3260 castum,
1370 3174 1499 3241 sobrium
1551 3155 1552 3160 ἵ

339 3288 489 3356 humilem
513 3289 668 3357 affabilem
691 3290 877 3374 litteratum,
901 3292 933 3358 in
956 3292 1026 3375 lege
1048 3292 1108 3359 Dei
1131 3292 1329 3375 instructum,
1352 3292 1387 3356 in
1410 3286 1499 3355 sensi·

339 3404 397 3471 bus
425 3406 653 3493 scripturarum
681 3412 808 3473 cautum
838 3412 873 3475 et
898 3428 956 3494 per
979 3410 1087 3475 omnia
1106 3407 1296 3475 sacerdotali
1322 3407 1448 3473 nomine
1472 3406 1500 3468 et

337 3521 455 3588 honore
477 3523 707 3606 dignissimum.

817 3614 1029 3624 ----....

339 3732 427 3811 236.
448 3736 668 3803 Adelbertcsl
684 3738 939 3824 mohiepmcopas
954 3740 1162 3824 Mogontiaco
1189 3738 1332 3805 ottonem
1348 3738 1372 3802 I
1389 3738 1500 3825 epsico-

444 3876 524 3939 pum
539 3854 802 3939 Boocberpensem
814 3856 882 3918 iam
898 3857 1012 3920 iteam
1033 3857 1191 3935 admonet,
1214 3867 1251 3921 ut
1264 3852 1407 3920 Coarodi
1418 3852 1502 3937 repsi

447 3969 565 4035 aemuli
586 3972 935 4036 eccommcnieata'ouem
949 3995 970 4035 a
984 3992 1049 4037 cese
1062 3972 1191 4055 focum
1212 3980 1336 4035 emet&
1375 3968 1414 4047 (E
1429 3966 1500 4042 337)

248 4112 316 4165 1128
424 4101 639 4183 A(delbertus)
662 4100 723 4167 Dei
746 4102 850 4185 gratia
871 4102 1075 4186 Mogontiaco
1098 4102 1356 4189 archiepiscopus
1378 4108 1411 4169 et
1431 4117 1500 4185 apo

335 4215 464 4283 stolicae
495 4216 578 4283 sedis
609 4216 732 4300 legatus
763 4217 937 4284 venerabili
968 4218 1061 4284 fratri
1089 4218 1223 4299 Olttoni)
1254 4209 1499 4299 Babenbergensi

335 4333 482 4419 episcopo
505 4314 640 4400 salutem
663 4334 696 4400 in
718 4333 866 4400 Domino.

404 4486 424 4518 a
449 4472 606 4522 assecutoal'.
700 4474 723 4521 b.
747 4474 859 4521 imbutum
877 4474 901 4521 t'.
995 4489 1015 4521 c.
1038 4490 1068 4522 ea
1086 4476 1170 4532 Vm,
1186 4476 1210 4522 Z
1221 4478 1311 4536 pm
1331 4475 1352 4523 θ
1364 4476 1421 4521 ⁶90.
