3142 4850
361 311 430 376 484
678 327 868 376 arrsronan
891 327 1169 376 nunanaomsns.
1204 324 1221 376 a

365 486 401 556 6.
429 488 517 553 Bebo
541 490 694 553 diaconae
718 488 869 553 Heinrico
887 486 929 553 H
946 490 1133 574 imperotmi
1154 486 1343 573 Hieronymi
1363 492 1398 551 irc
1413 487 1518 551 Isaram

430 607 654 691 expositionem
677 604 855 683 domnam,
885 604 994 669 scribit
1016 605 1055 667 de
1076 625 1133 668 suo
1157 624 1232 688 erpa
1256 626 1324 667 eam
1348 604 1464 679 stadim
1488 604 1520 666 de

430 720 531 785 bonai
556 730 706 806 potestate
728 721 773 784 od
803 720 1009 784 diaconorum
1032 718 1169 803 officiam
1196 722 1384 805 per-tineent&
1412 720 1449 782 de
1472 741 1520 781 suo

429 838 603 922 superioria
627 838 750 901 ordinis
772 836 928 901 desiderio
935 858 946 913 ‚·
977 838 1015 899 de
1039 837 1149 919 pratia
1170 836 1362 921 septiformi3
1392 837 1430 899 de
1446 836 1521 919 serto

428 953 576 1038 paschali
596 956 678 1017 onai
699 952 787 1017 1020
810 952 1007 1037 Bomberpae
1030 951 1181 1017 celebrato
1189 958 1209 1014 ⁶.

274 1097 342 1152 1021
453 1084 535 1151 Divo
559 1083 750 1167 Hicinrico),
779 1084 923 1150 claritate
945 1084 1097 1149 virtutum
1122 1082 1296 1148 clarissimo
1321 1088 1521 1166 augustorum,

362 1200 448 1268 Baba
471 1222 557 1285 suus,
580 1199 730 1285 quicquid
754 1199 833 1265 bene
856 1199 941 1265 intus
965 1205 997 1264 et
1019 1206 1110 1265 cntra
1132 1204 1271 1265 meretur
1294 1198 1420 1265 habere.

451 1314 568 1382 Debita
595 1315 876 1397 congratulationis
906 1334 1053 1397 munera,
1083 1316 1226 1399 quamvis
1255 1315 1414 1381 interdum
1442 1314 1521 1380 dane

362 1437 476 1515 gantur
500 1431 539 1497 ab
562 1452 631 1514 ore,
661 1430 785 1517 plenius
810 1438 915 1497 tamen
944 1436 1165 1516 presentantur
1188 1432 1220 1495 in
1244 1436 1365 1511 mcute3
1396 1430 1520 1513 ideoque,

362 1548 395 1614 in
419 1554 572 1632 quantum
595 1554 645 1613 est
668 1547 837 1613 corticibus
861 1548 992 1612 interior
1011 1547 1132 1612 fructus
1150 1544 1266 1631 utilior,
1289 1548 1321 1612 iu
1338 1552 1460 1612 tuntum
1474 1546 1522 1611 eril

363 1664 478 1730 mentis
495 1662 611 1729 oblatio
627 1664 738 1728 carior.
768 1660 818 1728 Sit
835 1684 907 1745 ergo
924 1664 992 1747 tibi,
1005 1685 1114 1730 caesar
1129 1662 1302 1746 carissime,
1319 1682 1439 1746 aarum,
1454 1659 1521 1746 quod

363 1780 467 1846 carius
483 1786 532 1845 est
546 1780 578 1843 iu
595 1778 711 1843 scrinio
727 1780 830 1843 cordis
848 1778 1080 1845 absconditum:
1098 1778 1265 1845 thesaurus
1282 1778 1405 1845 scilicet
1420 1778 1521 1864 precio

353 1896 508 1962 ‘sissimus
530 1894 614 1978 fidei,
637 1894 689 1959 cni
712 1895 889 1981 comparari
912 1896 1030 1981 poterit
1051 1895 1138 1960 nulla
1161 1896 1346 1981 pretiositas
1372 1896 1450 1961 auri.

453 2006 556 2077 Haec¹
577 2030 628 2076 me
643 2010 718 2076 fecit
733 2031 802 2076 csse
818 2010 997 2095 sollicitum,
1014 2011 1163 2095 quociens
1179 2010 1294 2092 audivi,
1311 2017 1343 2077 te
1361 2010 1520 2077 tribulatio

363 2127 456 2194 nibus
479 2126 553 2192 ullis
576 2146 645 2192 ease
671 2132 830 2192 vexatum.
874 2125 936 2192 Sed
960 2126 1002 2192 sit
1030 2126 1212 2193 benedictus
1241 2127 1369 2193 adiutor
1392 2128 1424 2193 iu
1446 2144 1521 2211 opor·

363 2243 551 2309 tunitatibus
575 2242 663 2308 etin
685 2238 916 2325 tribulatioue²,
942 2243 1015 2325 quia
1038 2262 1099 2307 non
1119 2242 1237 2309 descrit
1258 2248 1426 2329 sperantes
1440 2232 1521 2306 inse¹

365 2366 396 2425 et
417 2357 472 2444 pia
493 2357 729 2424 misericordiae
752 2376 828 2424 suaa
852 2356 968 2424 indicia
992 2358 1140 2425 membris
1165 2358 1317 2444 inpendit,
1342 2358 1419 2426 dum
1444 2354 1520 2444 capiti

364 2475 609 2541 misericorditer
637 2475 748 2560 parcit
790 2474 885 2540 Salva
914 2474 1039 2559 quidem
1069 2481 1143 2541 sunt
1170 2475 1327 2558 membra,
1364 2495 1456 2560 quam
1480 2471 1522 2538 diu

364 2595 461 2677 caput
483 2589 584 2656 salute
612 2591 733 2676 perfrui
761 2595 900 2656 meretur
928 2597 1045 2676 optata.
1087 2590 1139 2657 Sic
1168 2611 1290 2676 quoque
1319 2612 1380 2678 per
1409 2591 1520 2658 salutem

365 2707 496 2773 rectoris
519 2705 662 2773 subditus
686 2705 861 2772 salvabitur
884 2705 979 2772 orbis.

455 2822 555 2905 Unde,
578 2822 632 2906 qui
654 2843 712 2907 per
729 2842 835 2889 verum
860 2822 1094 2905 intellegentiae
1118 2843 1245 2888 sensum
1266 2823 1413 2890 membra
1434 2842 1465 2889 se
1483 2838 1523 2886 ca

366 2938 442 3025 pitia
465 2938 616 3022 sentiunt,
640 2958 697 3024 per
719 2938 938 3024 compaginem
962 2937 1034 3004 fidei
1058 2958 1257 3024 nequaquam
1274 2939 1466 3006 dissentiunt
1484 2955 1524 3001 cs

365 3054 441 3141 piti3
469 3055 567 3119 immo
597 3075 654 3140 pcr
682 3074 822 3119 amorem
846 3054 956 3120 salutis
986 3055 1132 3140 propriae
1156 3073 1225 3120 ease
1251 3059 1347 3141 caput
1372 3075 1461 3121 suum
1482 3071 1524 3118 ex·

366 3175 479 3254 optant
507 3169 675 3252 incolome,
706 3170 780 3253 quia
808 3169 1031 3236 incolomitatis
1062 3191 1136 3236 suae
1164 3191 1320 3266 summam
1345 3165 1524 3237 creduntiu

366 3285 421 3350 illo
444 3292 597 3352 constare.
634 3285 743 3351 Omnis
767 3285 825 3350 boc
848 3285 962 3369 credit,
987 3289 1076 3352 cuius
1100 3307 1189 3352 meus
1212 3286 1342 3353 lucifero
1368 3285 1525 3372 sapientiae

367 3419 477 3466 sereno
501 3398 639 3484 diescit‘,
669 3402 723 3486 qui
748 3401 950 3467 serenissima
972 3403 1041 3468 luce
1065 3403 1215 3469 virtutum
1239 3403 1342 3468 facere
1367 3403 1525 3469 nescitae

367 3535 485 3582 caaum.
521 3515 604 3582 Dum
629 3517 711 3582 enim
729 3523 815 3581 stant
829 3523 894 3599 tua,
918 3523 1003 3583 stare
1023 3517 1193 3584 creduntur
1209 3524 1241 3585 et
1257 3525 1384 3600 nostra3
1409 3526 1526 3600 tuaeque

366 3629 525 3698 firmitatis
550 3653 677 3697 occasus
701 3639 828 3698 nostrae
850 3631 1043 3699 infirmitatis
1067 3633 1206 3700 creditur
1229 3635 1427 3700 certissimus
1443 3641 1525 3700 ortus

295 3758 299 3768 “
366 3746 445 3832 Hoc,
468 3749 523 3834 qni
546 3768 658 3813 sanum
685 3748 829 3833 sapiunt,
859 3747 994 3814 credulis
1023 3750 1257 3834 intellegentiae
1286 3751 1386 3817 oculis
1417 3765 1526 3833 semper

366 3863 550 3944 intendunt;
575 3867 607 3929 et
629 3864 704 3948 quia
726 3861 861 3930 salutem
885 3885 975 3930 suam
999 3885 1067 3932 esse
1090 3867 1223 3932 credunt
1244 3868 1276 3933 in
1300 3867 1420 3953 capite,
1447 3867 1527 3949 caput

438 4037 458 4068 ι.
481 4021 605 4082 Deseripei
618 4037 647 4068 en
661 4019 1190 4088 sol.1-7codbibliotlrecoeBamberyeaais
1202 4027 1225 4073 B
1235 4027 1312 4072 IV18
1327 4025 1421 4072 membr.
1430 4038 1486 4072 saec
1494 4019 1526 4067 Il·

368 4097 500 4147 fflideraat
514 4100 661 4148 damoclem
675 4101 701 4147 ia
713 4099 975 4164 Friasaadtroonripater
986 4104 1083 4150 Bericbt
1098 4105 1139 4152 dea
1155 4105 1308 4153 lmtmiscdea
1322 4105 1415 4152 Vereins
1429 4119 1457 4150 a
1466 4103 1526 4149 nn

368 4177 424 4239 dorp
440 4181 488 4226 138
503 4195 536 4241 eq.
552 4187 575 4227 et
589 4179 678 4226 firtel
691 4180 840 4228 Julrrbrloler
855 4181 895 4228 dea
911 4181 1034 4230 muncler
1049 4183 1135 4232 Reicies
1150 4192 1220 4232 auter
1230 4183 1382 4234 Heinriebll
1399 4185 1424 4231 T.
1434 4184 1448 4232 1
1456 4197 1479 4244 p.
1488 4178 1526 4228 dli

368 4279 398 4288 -
406 4259 465 4304 553.

439 4345 464 4397 1.
482 4341 560 4398 lidea.
631 4346 657 4400 2.
676 4345 721 4400 Pe.
734 4347 760 4415 9,
774 4346 821 4400 10:
842 4347 967 4414 „adiutor
984 4349 1013 4403 iu
1031 4349 1271 4420 oportunitatibus,
1290 4351 1319 4405 in
1337 4346 1522 4405 tribulatione?

367 4429 394 4483 8.
406 4427 497 4484 Iudith
508 4433 549 4500 13,
558 4433 599 4486 17.
657 4435 683 4488 4.
703 4432 938 4504 connectas:
954 4441 998 4506 „et
1008 4436 1104 4493 lucifer
1114 4439 1218 4493 udatur
1228 4439 1255 4493 iu
1267 4439 1396 4494 cordibus
1405 4433 1519 4493 vastia*-
