3142 4850
309 208 374 274 232
650 224 816 272 unstruot
839 225 966 273 oonnx.
1004 219 1063 274 tao.
1078 220 1127 272 121

221 401 291 458 1105
397 383 562 468 Prolatae,
587 384 661 470 quia
683 385 876 451 andivimus:
908 390 955 470 to,
984 383 1143 451 bominem
1167 384 1352 468 discrebsm,
1374 383 1464 452 Deum

309 502 484 584 timentem,
507 501 634 567 caritati
655 501 867 585 insudantem
892 501 1078 584 sanguinem
1100 500 1271 566 humanum
1294 519 1357 566 nou
1378 501 1465 583 sitire,

309 617 430 702 rapinis
454 622 486 682 et
508 617 662 684 incendiis
684 637 747 682 uon
770 616 917 700 gaudere,
940 617 1096 682 unitatem
1118 616 1248 684 ecclesio
1263 636 1360 702 supra
1374 616 1467 682 omnm

308 733 457 816 diligere,
486 732 618 798 consilio
642 739 675 798 et
700 733 901 816 suggestione
922 733 1103 818 principum
1130 736 1327 814 acutorum,
1355 731 1467 815 religio

309 867 417 914 sorum
440 848 580 913 virorum
605 868 661 913 uos
690 847 906 932 diligentium,
936 847 1092 914 mittimus
1120 846 1179 914 tibi
1207 847 1358 914 nuncium
1383 847 1468 912 istum

313 982 385 1029 cum
407 962 566 1046 legatione
587 969 705 1030 nostra.
739 961 801 1029 Per
823 963 907 1030 buno
928 964 1046 1050 quippe
1069 961 1214 1030 volumus
1235 963 1470 1046 cognoscerent

310 1084 361 1146 cst
383 1077 441 1144 tibi
464 1077 630 1164 voluntati,
652 1083 685 1144 te
706 1079 798 1145 nobis
821 1079 984 1146 caritative
1001 1084 1032 1146 et
1051 1078 1257 1146 amicabiliter
1278 1083 1311 1145 et
1324 1098 1384 1144 uos
1397 1077 1471 1144 uniri

310 1193 384 1274 tibi3
409 1193 497 1260 salvo
519 1194 611 1260 nobis
633 1194 751 1262 bonore
773 1196 863 1278 regui
886 1200 918 1261 et
940 1195 1067 1280 imperii
1089 1199 1121 1260 et
1141 1195 1238 1261 totius
1253 1198 1362 1262 uostm
1380 1194 1471 1276 digni·

310 1311 402 1393 tatis,
431 1310 513 1375 sicut
535 1315 567 1375 et
595 1330 672 1376 avus
695 1315 728 1377 et
750 1315 842 1396 pater
864 1315 970 1376 noster
998 1309 1113 1394 aliique
1142 1315 1356 1377 antecessores
1383 1309 1472 1376 nostri
1541 1341 1546 1360 ·

310 1425 503 1507 babuerunt3
532 1431 657 1492 servato
681 1427 776 1492 etiam
800 1425 860 1492 tibi
883 1446 902 1492 a
923 1425 1014 1492 nobis
1036 1426 1155 1492 honora
1183 1425 1355 1512 apostolice
1383 1425 1472 1510 digni·

310 1541 402 1625 tatis‚
435 1541 518 1608 sicot
539 1547 754 1609 antecessores
775 1543 878 1608 nostri
906 1542 969 1608 tuis
999 1540 1249 1610 antecessoribus
1278 1546 1474 1609 serraverunt

312 1661 344 1723 et
366 1676 424 1722 nos
446 1656 579 1743 prefatis
601 1656 813 1743 pontificibus.
1545 1655 1546 1744 J

400 1771 519 1850 Quodsi
541 1772 600 1839 tibi
615 1773 779 1859 placuerit,
803 1776 935 1859 peteme
950 1772 1114 1840 nobiscum
1129 1792 1222 1858 agere
1237 1778 1270 1841 et
1284 1794 1367 1858 eam,
1390 1792 1475 1858 qnam
1545 1851 1546 1854 Ἴ

311 1889 448 1955 mundus
463 1889 540 1956 dare
555 1908 617 1955 non
636 1893 752 1975 potest,
774 1908 887 1975 pacem
902 1887 970 1956 Deo
994 1894 1155 1975 prestante
1177 1890 1300 1974 integre
1320 1889 1475 1958 nobiscum

312 2024 506 2092 conponere,
535 2006 627 2072 mitte
648 2004 740 2072 nobis
761 2004 952 2072 familiarem
974 2007 1123 2072 annuum
1146 2011 1235 2072 tuum
1257 2026 1331 2072 cum
1353 2005 1476 2094 priuatis

311 2119 427 2186 litteris
449 2126 483 2186 et
504 2126 626 2187 secreta
646 2121 807 2203 legacione
829 2137 902 2188 cum
917 2121 976 2189 hoc
996 2123 1109 2188 nuncio
1124 2125 1244 2206 boabo,
1267 2127 1303 2190 ut
1316 2123 1380 2190 buc
1393 2121 1476 2190 modo

312 2237 472 2323 possimus
497 2235 715 2304 indubitanter
735 2255 924 2319 cognoscere
953 2257 1077 2304 omnam
1107 2239 1147 2306 de
1175 2237 1234 2305 bac
1259 2259 1295 2305 re
1322 2237 1478 2306 certitudi-

312 2372 388 2419 nem
410 2352 581 2420 voluntatis
603 2358 667 2420 tue.
702 2352 772 2431 Qua
793 2353 933 2439 cognita,
962 2353 1141 2421 mittemus·
1164 2353 1224 2422 libi
1245 2355 1285 2420 (le
1312 2354 1476 2422 maioribus

313 2469 509 2555 principibus
539 2470 672 2553 nostris,
703 2469 811 2554 quales
835 2475 867 2535 et
888 2490 946 2537 nos
969 2470 1028 2537 tibi
1057 2469 1184 2539 mittere
1212 2476 1303 2538 otte
1334 2472 1478 2539 decesta

313 2584 405 2652 uobis
426 2586 578 2671 recipere,
602 2586 642 2653 ud
655 2590 779 2652 tantam
795 2606 863 2653 rem
884 2586 1151 2672 componendam
1174 2608 1231 2674 per
1246 2606 1337 2674 quos,
1359 2587 1478 2655 exulum

314 2701 401 2769 omui
416 2700 632 2785 ambiguitate,
649 2702 815 2769 manifeste
830 2703 934 2789 possis
950 2722 1147 2789 cognoscere,
1165 2722 1223 2769 nos
1238 2704 1393 2771 voraciter
1408 2701 1479 2769 velle

313 2818 481 2906 complere,
506 2836 566 2903 que
588 2816 648 2883 tibi
671 2818 858 2885 mandamus
881 2822 1011 2885 secrete.

402 2934 512 3002 Preter
525 2955 573 3019 ea,
590 2953 650 3018 que
661 2933 713 3000 bic
723 2934 879 3021 inscripta
889 2940 974 3020 sunt,
989 2926 1205 3001 commisimus
1217 2934 1291 3002 buic
1303 2934 1479 3002 fidelissimo

314 3049 429 3117 nuncio
452 3056 559 3117 nostro
583 3050 717 3136 quedam
741 3050 800 3116 tibi
823 3050 965 3133 dicenda,
991 3051 1104 3136 quibus
1127 3056 1192 3117 tam
1215 3052 1371 3119 sonanter
1393 3068 1480 3137 quam

315 3165 442 3252 scriptis
464 3166 584 3232 credas.

320 3376 405 3447 121.
426 3378 596 3444 Heiruucur
605 3378 628 3443 I
630 3379 661 3444 V
667 3382 841 3466 imperator
855 3379 1028 3449 ottonem!
1035 3383 1216 3467 episcopum
1226 3382 1482 3468 Burnbcrqeossm

421 3508 506 3586 orat,
530 3508 566 3561 ut
587 3517 658 3559 cum
680 3499 780 3582 copisa
805 3498 1040 3580 Wrzeburqum
1062 3498 1167 3563 ueniat
1188 3511 1283 3583 utque
1309 3498 1482 3581 becumen

427 3613 554 3677 cuidam
576 3611 618 3676 A.
642 3608 817 3678 concedam.
1352 3610 1481 3693 (11210)

219 3762 289 3816 1105
405 3744 598 3823 Hteinricus)
635 3744 697 3811 Dei
735 3743 841 3829 gratia
872 3742 1085 3811 Romanorum
1124 3744 1298 3830 imperator
1335 3749 1481 3829 augustus

209 3836 297 3893 Μ’
317 3860 450 3943 Otttoni)
480 3858 733 3942 Babenbergensi
767 3860 932 3947 episeopo,
968 3877 1023 3925 suo
1062 3858 1175 3925 dilecto
1210 3866 1247 3933 et,
1273 3866 1358 3927 certo
1392 3859 1481 3943 fideli,

317 3976 454 4059 gratiam
477 3981 509 4041 ot
531 3995 624 4041 omna
646 3975 772 4043 bouum.

405 4090 499 4157 Nunc
519 4091 705 4159 imminente
726 4092 915 4158 necessitate
938 4090 1032 4157 debet
1046 4110 1210 4177 apparere,
1234 4090 1287 4178 qui
1302 4090 1367 4157 sint
1379 4090 1481 4157 fideles

318 4207 423 4288 nobis;
455 4212 488 4273 et
508 4207 581 4293 ipsa
608 4207 766 4274 evidentia
786 4207 835 4273 rei
862 4205 1130 4285 manifestandum
1159 4212 1222 4291 est,
1251 4212 1402 4293 quantum
1429 4224 1481 4271 nos

388 4361 408 4392 a.
433 4347 537 4396 mitemus
553 4349 582 4396 E.
674 4348 700 4422 b'.
722 4346 1002 4409 oaeVOOc,Zp.192‚
1022 4346 1043 4396 C
1055 4350 1094 4407 tu,
1111 4348 1134 4395 B
1149 4350 1207 4397 aaa.
