3142 4850
469 329 634 377 unmnrcr
657 329 784 376 conns.
822 325 872 378 11:
1192 309 1258 376 205
1297 368 1302 380 ,

86 484 173 550 Hunc
198 485 343 568 haam,
373 507 467 570 quem
496 493 607 554 contra
628 507 687 553 nos
710 487 826 570 erexit,
850 485 981 552 ostendo
1008 486 1144 566 cunctis:
1175 487 1258 552 hunc
1313 499 1382 554 1103

85 600 245 685 sciphum·
272 601 402 686 sanuel,
437 604 492 686 qui
520 607 571 670 est
598 603 639 668 ad
668 607 764 687 caput
797 602 864 668 eius
893 600 1095 683 dormientis,
1129 601 1257 686 porrigo
1270 571 1421 618 “l‘'‘m'

85 716 202 780 cunctis
233 715 275 780 ad
302 717 508 799 gustandum
524 724 578 785 ·nt
608 717 735 802 sapiant
762 735 886 782 omnes:
926 734 1019 799 qnam
1048 715 1187 801 insipide
1217 716 1258 782 sit

84 831 255 896 auctoritas
276 831 356 914 legis
380 833 458 916 eius,
481 853 544 918 qus
566 832 731 898 distrinxit
750 831 874 914 gladios
896 829 1048 898 laicorum
1070 831 1104 895 in
1120 831 1257 896 cervices

84 943 278 1012 clericorum.
320 945 355 1012 Si
381 946 491 1014 liceret
517 947 621 1013 dicere
649 946 739 1014 sulus
768 945 960 1032 spostolicae
982 945 1146 1028 dignitatis
1168 965 1257 1012 reve-

84 1061 194 1143 rentie,
217 1062 289 1147 ipse
310 1062 403 1128 nobis
418 1062 542 1128 ridetur
564 1060 728 1128 dormisse.
763 1060 971 1128 Dormierunt
992 1081 1063 1128 anm
1087 1081 1123 1128 eo
1147 1081 1255 1128 omnes

84 1176 257 1242 consiliarii
273 1177 352 1259 eius,
375 1176 500 1261 qnando
515 1177 668 1244 conduxit
681 1177 742 1245 sibi
757 1183 949 1244 vastatorem
965 1176 1167 1242 ecclesiarum
1185 1176 1254 1244 Dei.

169 1290 321 1377 Procopii
334 1291 461 1375 Paulas,
485 1296 522 1358 ut
544 1290 673 1358 verbum
697 1292 838 1377 episcopi
863 1293 905 1358 sit
926 1313 1037 1358 sanum
1062 1297 1094 1358 et
1115 1293 1257 1378 inrepre-

84 1405 237 1472 tensibile
247 1403 264 1471 ¹.
362 1407 426 1473 Nos
465 1427 539 1490 ergo
572 1427 636 1474 noa
671 1407 868 1474 infirmamus
906 1410 962 1473 aut
998 1407 1256 1492 reprehendimus

84 1521 214 1588 uerbum
237 1521 457 1608 episcoporum
486 1523 637 1609 episcopi
678 1521 741 1588 Sed
765 1522 839 1607 quis
861 1521 1051 1608 apostoliens
1079 1541 1141 1588 non
1164 1523 1257 1590 debet

84 1636 209 1704 deviare
238 1637 279 1703 ob
307 1636 466 1724 apostolo,
498 1638 678 1722 quaerimus
707 1637 868 1704 humiliter
896 1657 954 1723 por
982 1637 1120 1721 singula:
1150 1643 1255 1704 utrum

84 1751 158 1820 laec
181 1751 348 1838 apostolici
372 1747 487 1819 verba¹
502 1753 568 1818 sint
589 1772 646 1837 per
661 1753 768 1818 omnis
790 1753 946 1836 gravitate
969 1752 1160 1838 apostolicus
1184 1772 1256 1820 auc

83 1868 222 1934 totitatis
244 1887 322 1932 suna
345 1873 378 1932 et
398 1865 701 1953 inreprehensibilis:

168 1981 265 2066 Ecce,
288 1989 324 2049 nt
347 1989 438 2068 peter
452 1985 598 2050 dilecto
612 1978 734 2069 filio⁸
749 1985 912 2049 salutem
930 1983 1079 2050 mittite:
1097 1998 1255 2070 aposto-

11 2156 12 2161 ,
85 2097 202 2162 ticam
223 2100 535 2164 benedictionem
558 2098 724 2183 promittit
761 2096 823 2164 Sed
847 2103 883 2164 nt
905 2097 1012 2164 multis
1037 2098 1169 2182 videtur,
1194 2117 1255 2166 non

85 2231 120 2278 cu
146 2213 196 2279 illi
224 2233 322 2298 opera
348 2213 474 2297 indicit,
508 2213 620 2297 quibus
650 2212 785 2280 sulutem
813 2218 845 2280 et
874 2212 1121 2280 benedictionem
1147 2234 1167 2281 e
1190 2213 1256 2282 Deo

85 2329 257 2413 promereri
280 2329 390 2414 possit

168 2444 335 2511 Benedicit
357 2443 476 2527 Deum,
500 2449 568 2531 qui
588 2450 627 2509 ia
652 2468 693 2510 eo
715 2464 786 2511 eam
809 2446 1036 2529 efficatiam
1058 2470 1151 2512 ocae
1173 2451 1254 2513 cir·

87 2565 180 2626 :stis
212 2574 414 2647 operator,
445 2561 528 2644 quod
551 2560 715 2627 ecclesium
738 2559 799 2625 Dei
823 2559 960 2627 debellet
981 2567 1014 2627 et
1035 2561 1255 2647 depopulatur,

87 2694 121 2739 uc
141 2694 200 2761 per
222 2676 282 2742 hoc
304 2676 448 2743 caelestis
463 2674 633 2743 Ierusalem
649 2675 770 2743 aditum
786 2676 816 2741 ei
839 2674 1012 2761 pollicetur.
1047 2675 1147 2741 Num⁶
1170 2684 1256 2743 recte

87 2790 136 2855 ris
155 2790 307 2857 dilectum
329 2790 430 2858 filium
453 2792 579 2875 dirigat,
602 2792 671 2876 ipse
694 2796 783 2877 peter
806 2789 968 2857 nobiseum
992 2790 1105 2858 videat.

170 2905 214 2972 Ut
235 2907 384 2974 utemur*
398 2907 503 2973 uerbis
517 2906 689 2991 Augustini
705 2907 887 2972 summatim
905 2905 1058 2973 collectis:
1082 2906 1178 2991 Deus,
1202 2908 1256 2991 qui
1305 2903 1307 2907 ’

89 3020 180 3087 dixit:
209 3024 280 3109 Epo
308 3046 379 3089 sum
401 3024 491 3089 Deae
509 3024 639 3107 jaciens
665 3044 776 3109 pacem
805 3036 833 3089 et
861 3046 968 3089 creans
999 3020 1143 3104 neelami
1175 3024 1256 3089 siout

88 3142 188 3203 octena
213 3138 354 3205 suaviter
382 3134 549 3223 disponit‘‚
577 3139 623 3204 itu
650 3137 728 3205 hoec
756 3138 852 3205 etiam
882 3137 1035 3223 disponit:
1072 3144 1107 3203 ut
1139 3139 1255 3207 bonum

88 3254 172 3335 pacis
191 3274 251 3340 per
266 3253 364 3320 bonos
381 3253 488 3334 faciut,
513 3252 631 3319 melum
647 3273 721 3319 vero
745 3252 819 3321 belli
840 3273 897 3338 per
912 3252 1012 3319 mulos
1027 3260 1121 3319 creet.
1156 3254 1255 3323 Utens

89 3368 168 3433 enim
184 3369 271 3435 Dens
294 3368 410 3435 animis
432 3369 594 3435 hominum
618 3388 677 3453 pro
699 3368 914 3435 voluntatibus
938 3372 968 3433 et
991 3369 1113 3435 meritis
1136 3388 1255 3453 eorum,

91 3479 180 3564 digna
199 3474 305 3568 dignis
326 3504 424 3571 opens
446 3485 596 3571 imponit;
625 3489 661 3549 ut
682 3484 779 3566 dignu
801 3482 904 3566 dignis
928 3485 1069 3570 praemia
1091 3484 1255 3570 rependat,

91 3594 175 3664 bonis
194 3599 278 3666 bona
302 3621 359 3686 pro
382 3599 483 3682 bonis,
507 3599 600 3665 mulis
624 3599 708 3665 mula
729 3618 788 3683 pro
805 3598 906 3665 malis.
943 3600 1019 3679 Quis
1035 3620 1183 3684 umquam
1200 3620 1256 3686 po-

91 3710 192 3794 pulum
206 3715 277 3798 Dei,
302 3716 371 3801 qais
395 3734 545 3799 umquem
569 3713 734 3782 eeclesiam
750 3714 811 3781 Dei
834 3716 963 3801 impune
980 3722 1164 3803 persecutus
1187 3717 1255 3783 est?

93 3823 235 3902 Quotiens
258 3830 433 3916 peccabant
453 3828 517 3897 filii·
534 3829 642 3913 bruel,
666 3831 840 3899 suscitabat
855 3830 941 3897 Deus
964 3830 1080 3915 hostes,
1105 3831 1159 3915 qui
1181 3850 1255 3897 con·

93 3942 236 4011 tererent·
258 3950 436 4031 peccantes.
471 3942 769 4029 congeramus,
794 3966 872 4031 quos
896 3947 1028 4028 amavit3
1054 3952 1087 4012 et
1101 3945 1254 4032 dampna·

157 4151 176 4182 ι
197 4140 294 4199 cyphum
310 4138 337 4186 Ζ.
419 4140 441 4185 b.
465 4154 508 4187 ora
523 4140 545 4186 V.
628 4154 647 4187 a.
672 4142 738 4188 Nune
755 4141 777 4186 V.
857 4141 879 4188 d.
904 4142 933 4187 Ut
950 4144 1038 4187 utemur
1053 4156 1117 4187 -eo
1134 4138 1255 4188 mundante

97 4210 249 4265 tudima.
343 4233 364 4265 e.
386 4219 542 4265 couterentV.

160 4330 184 4382 1.
199 4330 253 4384 mr.
265 4330 293 4399 ἲ,
309 4330 339 4383 8:
360 4329 490 4399 „uerbum
508 4344 618 4400 sanum,
641 4330 908 4401 irreprehensibile“.
981 4334 1007 4387 2.
1030 4332 1058 4387 in
1076 4280 1192 4403 epistola
1210 4349 1254 4388 su·

100 4418 243 4483 inp-2⁰2.
298 4418 324 4471 3.
341 4416 461 4475 Roberto
473 4420 567 4475 comiti
578 4419 732 4477 i'lsndrice
785 4421 812 4475 4.
831 4421 895 4477 Issi.
904 4420 948 4491 45,
959 4422 1017 4477 dt.
1071 4423 1098 4477 5.
1116 4420 1181 4492 Sap.
1192 4422 1218 4491 8,
1229 4423 1254 4477 1.
