3142 4850
417 345 583 394 unsneror
605 345 731 393 conns.
768 342 911 394 aar-aas
1183 327 1251 394 406
1280 326 1285 333 ’

90 505 225 589 evenerit,
250 504 372 570 viscera
393 505 551 572 fraternae
575 505 802 591 compassionis
817 524 1016 588 nequequam
1038 504 1248 571 ocoludomus.
1305 527 1374 580 1127

88 620 148 686 lloo
168 621 256 686 decet
277 621 392 686 iratres
415 621 454 686 do
477 641 511 688 sc
534 621 667 688 invicem
696 620 844 686 arbitrari
867 626 899 685 et
922 641 985 686 non
1008 640 1047 685 ex
1069 620 1250 686 rumoribus
1270 602 1324 657 ⁹⁰⁸⁸
1339 599 1405 646 ’Μ’

88 736 163 819 uulgi
190 738 257 802 sive
284 756 324 802 ex
351 720 583 822 suspitionibus
605 736 645 803 ‹le
673 736 814 802 nondum
843 734 922 801 bene
949 736 1118 821 compertis
1141 756 1251 820 quem·

87 872 170 937 quem
197 851 421 938 calumpniari3
451 852 507 918 sed
536 853 657 935 omnia,
688 852 876 937 praesertim
900 851 934 916 in
957 852 1092 933 negotiis
1113 851 1249 918 fratrum

88 973 115 1033 et
135 968 321 1050 amicorum,
352 968 387 1032 in
414 967 576 1035 meliorem
607 973 730 1053 partem
761 967 974 1051 interpretari.
1016 965 1114 1044 Quid·
1137 965 1250 1053 plura?

85 1081 174 1149 Nobis
196 1089 229 1150 et
250 1083 368 1150 nostris
391 1083 458 1150 sine
482 1083 714 1166 retractatione,
739 1087 835 1168 prout
850 1081 972 1165 voletis,
993 1082 1085 1148 iuxta
1101 1073 1249 1148 meritum

85 1203 215 1265 restrum
237 1198 398 1265 uteminil.

556 1287 769 1296 —u———a

85 1408 166 1480 232.
187 1413 351 1479 Honorias
364 1413 406 1478 II
422 1436 511 1500 popa
529 1413 638 1478 Ottoca'
652 1416 797 1500 episcopo
814 1412 1065 1478 Halberstotenai
1078 1413 1198 1491 enoda,
1221 1414 1252 1475 sa'

187 1533 402 1616 episcopatum
425 1532 595 1596 simoniaca
616 1532 796 1616 susceperit,
820 1541 856 1595 ot
877 1528 1024 1594 aedem.
1115 1524 1155 1607 (E
1171 1525 1251 1606 336)

165 1662 325 1729 Honorius
354 1663 520 1748 opiscopus
549 1681 659 1728 servus
688 1679 851 1728 semorum
874 1659 935 1726 Dei
957 1659 1131 1726 venerabili
1158 1658 1251 1724 fratri
1281 1673 1348 1727 1127

82 1777 209 1859 Otitoni)
227 1777 532 1844 Helverstatensium
557 1779 705 1864 episcopo
721 1777 856 1843 salutern
879 1782 912 1842 et
927 1774 1132 1861 apostolicam
1156 1773 1251 1840 benc·
1269 1745 1357 1792 ΟΜ

81 1893 256 1961 dictionem.

163 2009 279 2077 Gravis
303 2009 343 2075 ad
366 2029 423 2076 nos
447 2009 485 2074 de
508 2029 644 2094 persona
658 2015 713 2075 tua
729 2007 857 2094 querela
872 2006 1025 2093 peruenit
1061 2004 1251 2091 Accepimus

81 2126 169 2210 enim,
193 2124 362 2211 quoniam*
385 2124 674 2192 Halrerstatensem
699 2125 915 2211 episcopatum
939 2143 997 2208 por
1017 2120 1161 2188 laicalem
1185 2121 1252 2186 rio·

78 2241 203 2308 lentiam
230 2247 271 2324 et,
295 2241 379 2325 quod
402 2239 619 2307 detestabilius
644 2248 701 2325 est,
724 2261 782 2327 per
805 2239 1018 2326 symoniacam
1040 2237 1177 2304 heresim
1200 2255 1252 2304 oo·

78 2359 206 2445 eupasti.
250 2357 408 2437 Quantum
435 2361 541 2422 autern
569 2353 761 2441 flagitiosam
784 2357 879 2422 istam
905 2359 1029 2441 postem
1051 2352 1251 2439 symoniacae

77 2474 219 2542 hereseos
246 2480 356 2539 sancta
370 2472 431 2539 Dei
454 2472 587 2540 ecelesia
602 2472 779 2555 abhorreat,
803 2470 916 2537 Petrus
931 2468 1092 2557 apostolus
1111 2470 1145 2535 in
1163 2469 1251 2555 prin·

77 2591 155 2677 cipio
181 2591 345 2658 nascentis
373 2590 524 2656 ecclesiae
552 2588 750 2671 manifestat,
785 2588 840 2673 qui
868 2586 1067 2672 symonem,
1096 2583 1251 2671 Spiritum

78 2712 217 2772 sanctum
242 2706 379 2772 rendere
402 2706 570 2789 uolentem,
596 2724 666 2771 cum
691 2724 749 2770 sue
771 2704 906 2789 pecunia
927 2700 1181 2786 condempnavit.
1216 2697 1251 2765 Si

78 2842 147 2904 argo
169 2822 267 2889 huius
290 2820 417 2888 sceleris
441 2826 472 2887 ts
494 2841 583 2919 reum
607 2840 676 2887 esse
698 2819 872 2903 cognoscis,
895 2817 994 2883 satius
1017 2820 1077 2899 est,
1100 2821 1137 2881 ut
1158 2814 1251 2881 cedas

78 2942 107 3003 ct
127 2938 280 3005 delictum
304 2944 393 3004 tuum
422 2938 455 3001 in
483 2935 631 3001 haesita
659 2933 789 3020 puniesr
812 2954 869 3020 per
898 2932 1123 3019 penitentiam,
1155 2950 1250 3013 quam

78 3060 146 3121 ante
169 3054 279 3121 oculos
303 3052 439 3119 districti
462 3051 575 3117 indicis
599 3050 785 3117 iudicandus
809 3068 973 3137 appareas.
1008 3047 1127 3115 Datum
1149 3045 1250 3113 Bone-

77 3171 158 3237 rcnti
184 3170 228 3236 15
246 3168 318 3235 Kal.
341 3166 558 3234 Novembris.

79 3378 162 3452 233.
185 3383 392 3453 Getulorum
423 3384 557 3447 decetne
591 3384 754 3467 episcopua
786 3379 1063 3465 Wrziboryenssa,
1098 3392 1252 3464 quoscum

184 3501 347 3565 emtarum
368 3520 474 3563 rerum
497 3500 689 3577 assenserat,
715 3494 871 3581 exponet.
1116 3492 1251 3573 (13335)

162 3632 303 3699 Sanctae
331 3630 527 3699 venerationi
556 3634 680 3696 restrae
709 3628 923 3714 explicaturus
952 3626 1103 3709 iniurias,
1137 3625 1250 3710 quibus
1273 3648 1340 3701 1127

77 3748 294 3815 truculenter
316 3748 548 3813 circumventus
572 3766 642 3813 sum
667 3745 705 3811 ab
728 3744 789 3829 his,
813 3764 891 3828 quos
912 3742 1022 3809 fideles
1042 3741 1120 3809 mihi
1143 3760 1251 3827 spera·

79 3861 156 3948 bam,
181 3866 260 3950 quia
282 3862 391 3931 multis
414 3861 573 3929 beneficiis
597 3880 845 3948 promerueram,
868 3858 1000 3943 genibus
1025 3857 1137 3923 vestris
1159 3856 1251 3943 quasi

78 3980 272 4063 provolutus,
295 3998 387 4063 rogo:
412 3984 447 4044 ut
468 3985 537 4045 turn
560 3998 618 4063 pro
641 3981 787 4063 respectu
810 3976 954 4042 iusticias
977 3979 1044 4041 tum
1068 3992 1126 4059 pro
1146 3991 1251 4037 remu·

78 4096 240 4163 roratione
263 4094 390 4161 divinae
412 4094 599 4163 clementiae
627 4092 788 4160 estendere
817 4092 933 4159 ourefis
962 4095 994 4157 ct
1022 4086 1251 4175 compassionis

145 4324 165 4355 a.
189 4307 260 4366 Quod
274 4308 297 4354 V.
364 4308 386 4353 b.
412 4304 543 4355 utiminiO.
614 4320 635 4352 a.
658 4306 785 4361 eavm,
803 4304 860 4365 Zp.
869 4305 922 4359 311,
941 4301 1036 4351 cess.
1106 4301 1130 4347 u.
1153 4299 1252 4361 qnodV.

81 4400 99 4433 e.
121 4387 237 4437 §monem
256 4386 282 4435 Ζ.
415 4387 432 4435 i.
456 4387 537 4447 punias
554 4387 578 4433 in
593 4384 700 4432 haesita
715 4385 738 4432 V.
873 4397 895 4442 g.
917 4382 1002 4429 Datum
1016 4381 1043 4429 B.
1055 4379 1215 4432 rotatiles.
1228 4380 1252 4431 V.

81 4464 103 4513 u
124 4482 152 4516 a
168 4468 347 4525 rrae-ru,
364 4466 576 4530 secor-err,
595 4464 785 4515 csse-sse.
