3142 4850
389 325 392 332 ’
460 353 626 403 conseres
648 355 776 402 murex.
811 352 847 404 ao
1174 337 1238 404 175

86 503 137 575 90.
158 506 289 574 aarum
306 511 368 576 III
385 515 542 600 antipapa
566 513 702 600 Ruperti
729 516 872 600 spbaops'
893 515 1134 600 Bambapansab
1163 537 1238 600 erpa

157 646 187 689 ae
207 627 345 691 suediam
367 627 486 692 lauda.
522 629 641 709 Monet,
664 632 768 694 mittat
790 652 838 709 aa,
864 631 1030 714 quaesibi
1051 629 1091 693 ab
1107 630 1235 694 malama

158 741 219 804 aaa
247 742 425 808 debeantur.
476 743 678 809 Ratbardam
711 744 984 830 arcbiepiscopam
1012 744 1237 830 Mopaotiaam

157 869 311 922 erocum
339 881 412 924 esse.
454 859 506 924 Ns
530 857 657 924 Iudaeis
687 861 891 939 concedatur,
921 871 957 924 at
978 871 1124 946 suscepto
1144 882 1238 925 saera

157 971 325 1040 catecasta
347 975 519 1040 deomant&
1103 973 1143 1054 (Ε
1161 975 1238 1056 rto)

158 1100 323 1188 Oilemens)
355 1108 522 1192 episcopus
552 1125 662 1172 servus
691 1125 853 1172 servorum
882 1106 942 1172 Dei
969 1105 1137 1192 Riuperto}
1163 1119 1407 1174 θοὴ-10911098

81 1214 158 1282 fratri
179 1223 211 1284 et
231 1221 416 1308 coepiscopo
432 1221 686 1304 Babenbergensi
709 1221 845 1288 sulutem
866 1226 900 1287 et
921 1221 1126 1307 apostolicam
1143 1220 1238 1289 bene-
1293 1249 1299 1260 ·

81 1329 241 1401 umorem

156 1447 242 1525 Quod
264 1454 376 1518 contm
399 1451 548 1518 ecclesiae
577 1451 778 1518 demolitores
806 1459 839 1517 et
864 1458 989 1519 nostros
1012 1451 1133 1519 emulos
1154 1452 1237 1519 iuste

82 1559 253 1647 disputamo
275 1567 403 1634 fortiter
425 1566 543 1651 stabas,
566 1567 744 1632 audivimus
767 1572 801 1632 et
821 1567 922 1650 gavisi
946 1587 1064 1633 sumus.
1103 1567 1237 1654 Ideoque
1310 1646 1314 1652 .

78 1657 130 1742 'tibi
148 1681 262 1762 gratias
286 1681 463 1749 referimus.

156 1793 241 1871 Quod
264 1800 383 1881 autom,
407 1817 468 1883 que
491 1796 530 1863 de
553 1795 762 1862 ecclesiabus
784 1795 944 1864 Romanae
966 1796 1236 1882 debcsccclesiae,

81 1906 167 1974 tcdiu
180 1910 297 1978 iniuste
313 1911 495 1997 detinuisse,
512 1910 584 1976 diub
599 1912 759 1997 pacienter
771 1915 1018 1999 expectavimus,
1032 1932 1094 1979 non
1107 1919 1238 2000 propter

80 2021 272 2104 ignorantiam
302 2027 451 2109 fecimue3
481 2026 536 2093 sed
563 2027 733 2111 gratuitam
763 2027 960 2094 obedientiae
992 2034 1067 2094 tuae
1094 2036 1236 2114 praesto-

79 2135 127 2203 lati
146 2159 250 2207 sumus
278 2142 534 2210 benivolentiam.
573 2141 609 2208 In
637 2143 695 2209 hoc
718 2143 865 2227 quoniam
892 2163 1006 2230 parum
1035 2145 1236 2228 proiecimus,

16 2325 17 2330 η
81 2269 225 2322 monemus
248 2263 281 2324 te
305 2261 338 2323 et
358 2257 492 2324 tirmiter
507 2259 733 2345 praecipimus:
756 2264 802 2342 ut,
826 2257 909 2341 quod
925 2257 1030 2342 debes,
1054 2259 1158 2325 solvas
1182 2260 1236 2326 ab-

17 2434 18 2437 ,
81 2365 222 2457 lutumque
250 2377 372 2440 temere
401 2374 567 2441 restituere
595 2393 659 2441 nou
688 2371 825 2440 differas.
871 2371 907 2439 Si
935 2372 996 2441 boc
1021 2394 1087 2440 non
1113 2374 1235 2459 feceris,

80 2482 140 2551 iude
167 2488 318 2555 edrocmo
347 2494 456 2555 nostro
483 2490 668 2576 imperatori
699 2493 731 2555 et
759 2489 906 2557 omuibus
937 2488 1090 2557 iratribus
1118 2492 1235 2557 nostris

81 2600 187 2685 publice
209 2610 241 2670 et
264 2624 323 2691 per
344 2604 464 2689 legatos
488 2610 611 2671 nosbos
635 2605 864 2691 querimoniam
886 2604 1049 2672 iaciemus.

17 2744 18 2753 ¹
154 2718 337 2803 Mogontino
353 2716 528 2807 episcopo¹,
553 2740 644 2805 quem
667 2718 758 2787 uobis
781 2719 929 2806 pessimis
944 2720 1129 2786 criminibus
1144 2739 1235 2787 accu-

81 2832 164 2899 smdo
190 2835 364 2919 detulistis,
394 2834 435 2901 ed
461 2834 714 2921 respondendum
742 2834 834 2901 nobis
862 2834 1005 2901 induciae
1028 2834 1172 2901 dedimus
1195 2834 1236 2901 ad

81 2944 178 3015 iustum
206 2950 310 3018 sancti
333 2945 541 3016 Michaelis!
581 2950 662 3017 Huic
691 2950 739 3017 rei
766 2956 798 3017 te
830 2969 903 3017 cum
936 2950 1049 3016 eetsms
1083 2948 1234 3016 iratribus

80 3064 180 3131 uostris
202 3065 346 3132 volumus
375 3066 542 3148 interesse3
573 3069 622 3149 ut,
652 3066 734 3132 siout
762 3085 834 3133 eum
863 3066 1033 3132 accusastis
1061 3066 1234 3149 absentem,

81 3175 120 3245 ita
139 3178 226 3246 illum
255 3182 338 3249 veris
368 3182 557 3248 testimoniis
594 3180 652 3247 sub
681 3186 792 3247 nostra
819 3180 1008 3248 auctoritato
1036 3185 1235 3267 praesentem

80 3296 265 3363 mnrmcatis.

18 3425 23 3434 ·
154 3410 296 3478 Relatum
327 3418 375 3479 est
402 3411 492 3478 nobis
522 3432 541 3477 a
572 3411 775 3495 quibusdam,
812 3411 895 3497 quod
929 3410 1034 3477 Iudeis
1064 3410 1235 3498 baptizatis

80 3526 171 3591 nescio
203 3548 265 3613 qua
296 3528 418 3594 ratione
454 3527 643 3613 permissum
678 3528 720 3594 sit
755 3526 953 3613 apostatare⁴
992 3526 1151 3611 ritumque
1184 3526 1233 3593 Iu-

81 3636 181 3707 daismi
202 3643 352 3710 excolere.
386 3642 476 3720 Quod
499 3642 573 3727 quia
595 3641 771 3709 inauditum
790 3648 839 3709 est
861 3647 893 3709 et
915 3662 1045 3729 prorsus
1067 3642 1234 3726 nefarium,

82 3756 107 3819 te
132 3760 162 3823 et
182 3778 288 3825 omnes
308 3759 423 3825 iratres
445 3762 570 3825 nostros
593 3759 688 3825 verbo
711 3757 771 3827 Dei
795 3756 1054 3840 constringimus:
1086 3758 1234 3843 quatinus

81 3866 108 3932 id
132 3874 297 3941 secuudum
325 3873 507 3941 canonicam
538 3874 732 3941 sanctionem
762 3878 796 3941 et
822 3873 913 3941 iuxta
934 3878 1063 3959 patrum
1089 3871 1235 3959 exempla

82 3986 222 4070 corrigere
240 3988 411 4071 festinetis3
440 4008 482 4055 ne
506 3994 738 4056 sacramentum
761 3988 912 4075 baptismi
941 3992 973 4055 et
999 3985 1164 4053 sulutifera
1186 3988 1234 4053 iu·

82 4100 190 4166 vocatio
210 4102 344 4170 nominis
366 4102 495 4169 Domini
516 4102 662 4171 videatur
684 4102 851 4170 annullari.

84 4286 103 4334 ι
142 4217 320 4265 athta:
340 4218 409 4266 Item
429 4218 513 4267 caius
534 4216 777 4281 suprs;Zp.140.
839 4216 961 4265 bocuV.
1022 4186 1234 4265 sursumsunt

122 4296 256 4351 tpostareV.

145 4370 168 4423 1.
185 4370 329 4430 Rutbardo.
417 4376 442 4429 2.
462 4372 538 4444 Sept.
551 4374 595 4431 29.
