3142 4850
466 340 514 385 ax
536 336 722 385 consecutus
746 336 893 383 orroms
1200 317 1263 381 841

182 498 276 564 Anno
306 497 403 579 igitur
431 498 606 563 dominicae
634 495 861 562 incamatiouis
888 496 988 579 1189,
1017 494 1189 561 indictione
1216 491 1265 577 6¹,
1286 508 1354 562 1189

92 614 294 701 praesidente
309 614 341 679 in
359 612 490 680 ecclesis
506 612 566 679 Dei
582 612 696 678 domno
713 610 874 686 Clemente
889 632 974 698 pape
987 610 1095 694 tercio,
1113 615 1265 694 regnante
1362 696 1365 700 ἱ

91 729 209 797 domno
225 728 386 795 Friderioo
401 728 611 795 Romanorum
629 727 809 813 inperatore
829 727 1046 810 invictissimo,
1070 745 1153 791 enno
1175 725 1265 809 regni

92 844 161 911 cius
178 840 240 909 35²
264 844 379 930 inperii
395 840 560 925 vcro3l³3
586 843 694 910 eodcm
719 863 812 927 anno,
835 864 896 928 quo
918 843 980 909 fuit
994 841 1267 908 lherosolimitsna

93 966 204 1025 sancta
226 960 406 1045 expedici03
431 979 502 1025 cum
521 958 688 1025 Heinricus
711 979 778 1041 rex,
803 959 856 1043 qni
880 959 963 1045 patri
986 957 1138 1024 suecessit
1159 958 1192 1022 iu
1215 976 1265 1023 rc-

93 1096 208 1159 gnum,
236 1076 372 1162 primam
396 1077 516 1141 curiam
539 1095 629 1143 suam
653 1075 782 1143 haberet
804 1074 980 1161 Erbipolim
1003 1073 1036 1139 iu
1059 1073 1140 1139 festo
1164 1072 1265 1139 sancti
1282 1090 1378 1147 euplo

92 1190 272 1274 Laurentii,
296 1197 328 1257 ct
348 1192 388 1257 ad
404 1192 537 1258 eandem
552 1192 670 1257 curiam
687 1190 760 1258 Otto
776 1192 841 1257 dux
856 1190 1013 1272 Bocmiee,
1037 1188 1266 1275 archiepiscopi

93 1307 251 1393 episcopi·
279 1306 597 1394 abbetes·priucipee
627 1314 660 1373 et
686 1306 812 1373 infinita
839 1306 1006 1373 multitudo
1031 1305 1264 1385 convenissent3

93 1422 192 1489 abbae
208 1422 443 1508 Wolframmus,
467 1444 573 1490 coram
592 1424 677 1489 omni
701 1422 817 1510 populo
840 1428 872 1489 et
895 1422 1042 1487 uniuersa
1063 1420 1267 1486 multitudine

93 1539 212 1606 diversi
227 1540 351 1623 generis
367 1544 399 1606 et
414 1540 557 1606 diuersae
571 1539 698 1623 linguae
722 1538 904 1625 procedens,
927 1537 1050 1603 litteras
1066 1558 1086 1603 a
1100 1537 1174 1604 sede
1189 1556 1265 1623 apo-

93 1654 207 1721 stolica
230 1654 407 1721 elaboratas
435 1660 467 1721 et
489 1654 629 1722 libellum
654 1655 693 1721 de
716 1657 781 1721 vite
804 1655 904 1721 saneti
928 1652 1052 1719 Ottonis
1075 1652 1266 1720 Ersnrensi*

94 1780 128 1839 ot
142 1769 392 1855 Merseburgensi
417 1772 573 1858 episcopis
597 1771 726 1859 optulit:
751 1776 786 1837 ut
803 1772 902 1837 vicem
926 1770 1032 1836 domni
1054 1790 1157 1856 papae
1179 1773 1266 1835 tenc·

93 1894 168 1955 rent
195 1892 228 1954 et
257 1886 383 1953 beatum
408 1888 556 1955 Ottonem
578 1888 798 1955 canonizatum
821 1892 976 1973 oportuno
999 1893 1141 1971 tempore
1163 1885 1266 1952 elora·

92 2010 176 2070 rent.
212 2003 362 2089 Episcopi
384 2005 501 2089 itaque,
525 2010 703 2091 susceptum
728 2002 843 2070 librum
867 2004 950 2069 inter
966 2002 1125 2068 autentica
1146 2000 1266 2087 scripta

93 2126 295 2205 reponentes,
320 2141 434 2186 nomen
459 2121 541 2187 beati
558 2120 681 2187 Ottonis
705 2120 737 2185 in
754 2140 873 2186 canone
897 2125 928 2187 et
951 2120 984 2184 in
1006 2118 1142 2203 letaniis,
1165 2117 1200 2183 in
1215 2137 1266 2187 ca·

93 2235 201 2320 talogo
218 2236 430 2303 confessorum
448 2237 576 2320 Christi,
600 2238 654 2321 qui
670 2256 732 2302 non
756 2237 861 2303 miuus
882 2236 946 2303 illis
969 2234 1135 2318 laboravit,
1158 2252 1266 2301 recen·

94 2353 160 2418 seri
183 2356 371 2434 sanxerunt3
395 2356 427 2417 et
449 2353 575 2438 utiam,
599 2372 661 2417 non
678 2352 923 2436 anniversarius,
947 2352 1002 2418 eed
1016 2351 1184 2417 natalicius
1199 2350 1266 2416 dies

93 2467 281 2552 celebretur,
306 2489 343 2533 cx
369 2469 554 2538 auctoritate
577 2468 750 2556 apostoliea
772 2467 920 2534 ecclesiae
939 2466 1055 2534 Christi
1079 2488 1136 2553 per
1158 2466 1266 2533 latitu-

93 2584 203 2650 dinem
219 2584 329 2649 mundi
345 2583 455 2651 diffuse
478 2590 714 2671 praeceperunt.
751 2583 928 2669 Statimque
943 2604 1017 2667 rege
1031 2603 1102 2649 cum
1119 2584 1268 2649 universa

93 2699 297 2767 multitudiue
313 2701 346 2765 in
362 2699 486 2766 laudem
499 2700 559 2767 Dei
575 2708 607 2767 et
618 2701 717 2766 sancti
728 2700 853 2768 Ottonis
865 2698 1120 2782 acclamantibus,
1133 2699 1267 2764 domnus

94 2815 299 2900 Mogontinua
316 2811 586 2904 archiepiscopus⁴
602 2816 823 2902 antiphonam:
839 2817 982 2882 laudem
997 2818 1091 2881 dicite
1110 2834 1181 2881 eum
1197 2814 1267 2880 uni-

94 2953 189 3000 versa
212 2931 344 2999 ecclesia
367 2933 549 3000 concinente
571 2932 737 3020 imposuit3
761 2952 854 3017 quam
875 2934 973 2998 missa
995 2932 1034 2998 do
1057 2937 1165 2998 sancto
1188 2952 1267 3018 pon·
1399 2979 1404 2986 .

95 3048 181 3118 titice
203 3053 313 3116 secuta
334 3054 392 3133 ost,
420 3051 505 3115 omni
529 3048 646 3136 populo
669 3048 826 3133 gaudente
848 3049 882 3114 in
904 3047 1070 3132 univorsis,
1096 3067 1178 3133 quae
1199 3047 1267 3131 glo·
1377 3053 1405 3106 ⁰

94 3166 181 3234 riose
203 3163 322 3232 flebant
343 3165 382 3231 de
405 3170 513 3230 sancto
538 3163 653 3232 Ottone
676 3165 833 3252 episcopo.

170 3332 191 3364 ι.
215 3315 301 3364 acarna
316 3316 342 3363 os
358 3317 378 3362 s
395 3329 479 3364 mee·
490 3285 554 3364 'saca
565 3315 629 3364 unu
734 3317 756 3363 e.
778 3315 904 3364 neceni
918 3317 948 3363 e

171 3415 196 3469 1.
215 3412 309 3468 imo‘I.
417 3413 442 3466 2.
461 3411 517 3467 imo
533 3411 578 3466 38.
685 3411 710 3466 3.
729 3411 783 3466 imo
801 3411 846 3466 35.
952 3412 979 3466 4.
997 3409 1140 3467 Conradue
1150 3410 1173 3465 1.
