3142 4850
340 329 519 377 suasorem
542 330 723 379 nranocus.
759 331 826 377 cra
842 332 881 381 111
902 328 1009 381 so-oe
1198 312 1264 378 829

180 488 233 553 36.
268 486 443 573 Imperator
459 508 533 556 vero
555 488 711 557 famosum
734 488 813 557 illud
836 510 874 557 ac
887 489 1079 557 laboriosum
1096 508 1175 575 opus
1192 487 1264 575 Spi-

88 603 189 669 rensis
213 603 398 671 monasterii
421 603 556 672 habebat
578 605 612 671 in
635 605 780 673 manibus
788 603 807 672 ¹.
845 605 962 673 Omnes
985 604 1144 691 sapientes
1168 605 1263 671 etin·

89 718 226 785 dustrios
250 719 438 787 architectos
460 720 567 787 fabros
590 725 623 787 et
638 722 846 789 cementarios
868 721 1010 808 abusque
1024 718 1151 807 opifices
1172 720 1264 805 regni

88 834 138 900 sni
161 834 210 901 vel
240 834 335 901 etiam
364 823 404 903 de
433 836 503 903 aliis
527 837 633 920 regnis
661 837 694 903 in
718 858 814 924 opere
835 837 906 924 ipso
930 837 1065 920 babens,
1096 856 1208 903 aurum
1231 840 1263 902 et

88 956 254 1033 argentum
284 956 317 1017 et
342 952 510 1037 pecuniam
533 952 665 1019 multam
690 958 898 1039 sumptusque
920 952 1060 1019 infinitos
1083 952 1174 1018 annis
1198 951 1263 1019 sin-

87 1066 170 1149 gulis
194 1066 401 1153 expendebat
435 1068 481 1135 At
500 1068 646 1152 magistri
661 1068 776 1157 operis,
800 1069 917 1155 partim
933 1068 1129 1153 negligentes
1144 1068 1262 1154 partim

88 1182 184 1249 etiam
201 1202 258 1249 sua
273 1183 439 1251 commoda
452 1185 574 1269 sectati,
589 1205 657 1251 rem
672 1185 763 1251 tarde
777 1185 1015 1271 promovebant
1045 1183 1262 1251 Commonitus

88 1317 163 1381 ergo
179 1280 326 1387 princeps
342 1320 362 1365 a
376 1298 521 1367 fidelibus
537 1301 603 1367 suis
618 1301 658 1367 de
672 1301 796 1367 iactura
812 1302 1057 1387 impensarum,
1080 1299 1262 1384 diligentiae

87 1419 225 1481 mactare
248 1416 340 1502 cepit
380 1416 429 1483 Ao
451 1434 578 1483 securus
601 1417 641 1483 de
664 1416 789 1483 Ottonis
813 1418 862 1482 sui
884 1415 946 1483 fide
968 1416 1133 1499 diligentia
1156 1422 1188 1483 et
1210 1435 1262 1481 ea-

88 1530 239 1615 gacitate‚
269 1550 362 1598 omne
390 1552 469 1618 opus
499 1532 527 1597 ei
556 1532 728 1614 commisit3
758 1533 952 1619 precipiens,
981 1538 1018 1599 ut
1043 1540 1110 1600 tam
1134 1530 1262 1619 opifices

88 1666 184 1731 quam
207 1648 351 1730 magistri
367 1666 475 1714 eorum
498 1647 545 1714 illi
566 1647 626 1715 soli
648 1655 807 1734 parerent,
831 1668 957 1715 ornnem
971 1648 1137 1735 pecuniam
1153 1668 1262 1733 sump-

87 1768 140 1829 tus
163 1767 196 1831 et
217 1763 377 1849 impensas
401 1764 440 1831 ab
464 1784 500 1831 eo
524 1768 708 1849 expeterent
730 1764 839 1848 illique
860 1770 1050 1833 retaxarent
1087 1763 1149 1830 Sed
1165 1764 1261 1849 quid?

87 1878 160 1945 Non
187 1879 280 1947 facile
309 1880 371 1947 dici
400 1884 519 1966 potest,
548 1885 667 1965 quanta
694 1880 891 1947 conservatio
921 1900 1026 1947 rerum
1054 1880 1139 1947 facta
1164 1880 1208 1947 sit
1230 1884 1263 1947 et

88 1999 208 2079 quanta
235 2000 392 2063 structure
419 1996 586 2081 promotio.
603 2044 604 2047 ,
622 1995 669 2063 lta
692 2016 765 2079 ergo
789 1998 823 2062 in
846 1996 991 2063 omnibns
1014 1996 1076 2063 sibi
1098 1995 1167 2063 Deo
1189 2014 1263 2081 pro·

87 2111 168 2198 pitio
195 2111 399 2197 prestabilem
429 2132 463 2180 se
490 2116 522 2179 et
543 2130 650 2179 carum
675 2112 808 2179 summis
830 2118 863 2180 et
884 2112 1094 2179 mediocribus
1118 2112 1192 2180 Otto
1215 2112 1263 2179 ta-

87 2226 227 2312 ciebat,
217 2248 252 2294 ιιι
268 2227 341 2295 aula
355 2228 439 2311 regis
455 2248 545 2313 quaer
535 2227 641 2295 alter
652 2228 765 2315 loseph
780 2248 889 2296 curam
903 2248 1018 2313 gerens
1033 2228 1261 2295 universorum.

179 2344 232 2409 37
266 2343 392 2411 Interea
418 2343 577 2431 Rupertuo
605 2344 876 2430 Babenbergensis
907 2344 1074 2433 episcopus
1103 2344 1263 2412 bominem
1281 2353 1352 2408 1102

86 2455 216 2527 exivitl
252 2459 362 2545 ltaque
385 2481 424 2528 ex
445 2481 532 2527 more
547 2461 725 2547 temporis
715 2463 855 2545 insignia
869 2462 1069 2548 episcopatus
1085 2460 1126 2527 ad
1141 2461 1262 2527 curiam

87 2574 187 2642 allata
209 2583 283 2642 sunt
306 2582 338 2644 et
360 2577 472 2663 petitio
496 2576 626 2644 ecclesie
649 2597 706 2662 pro
729 2583 868 2663 pastore.
903 2576 1079 2662 Imperator
1101 2597 1156 2642 sex
1173 2595 1262 2644 men·

87 2692 171 2758 sium
195 2691 325 2760 consilio
349 2693 440 2779 ponit
461 2693 614 2760 inducias.
651 2693 793 2760 Ecclesia
810 2713 884 2760 vero
898 2692 1169 2775 Babenbergensie
1190 2711 1261 2758 curn

87 2807 173 2876 clero
208 2813 240 2875 et
273 2807 390 2895 populo
419 2808 487 2876 Deo
523 2809 649 2876 interim
680 2809 884 2877 devotissime
912 2829 970 2896 pro
999 2808 1112 2874 idoneo
1140 2812 1263 2874 rectore

86 2919 315 3011 supplicabat.
350 2923 478 3011 illapsis
502 2945 576 3008 ergo
599 2925 797 2992 induciarum
821 2925 943 3008 diebus,
966 2944 1038 2990 cum
1055 2924 1119 2990 iam
1136 2925 1262 3010 tempus

86 3046 173 3108 esset
194 3039 341 3108 mittendi
364 3041 404 3106 ad
427 3041 546 3108 curiam
566 3061 623 3126 pro
640 3041 788 3128 episcopo
803 3046 836 3108 et
850 3041 1033 3127 imperator,
1055 3039 1262 3123 benignitatis

87 3163 121 3224 et
147 3157 249 3240 gratie
271 3155 386 3224 litteris
410 3157 542 3222 nuncios
566 3154 727 3242 evocans⁴,
756 3157 904 3224 idoneum
926 3156 974 3221 illi
999 3155 1129 3222 ecclesie
1151 3155 1262 3223 inven-

86 3278 156 3340 tum
180 3273 346 3340 nunciaret
367 3272 560 3359 episcopum,
584 3273 667 3340 inter
689 3293 778 3359 spem
802 3278 835 3339 et
853 3277 973 3340 metum
989 3271 1087 3355 auxii,
1111 3270 1262 3338 attentius

85 3407 157 3456 rem
180 3387 317 3454 Domino
339 3387 616 3472 Babenbergenseo
637 3388 910 3456 commendabant

180 3505 233 3570 38.
267 3503 466 3572 Abeuntibus
489 3524 563 3588 ergo
586 3505 719 3588 nunciis,
743 3504 876 3571 summis
898 3509 931 3572 et
953 3503 1113 3589 precipuis
1134 3502 1175 3570 de
1188 3502 1261 3588 ipsa
1276 3515 1333 3563 nee

86 3618 224 3688 ecclesia
246 3620 332 3704 viris,
356 3626 420 3688 tam
444 3620 566 3688 clericis
590 3639 684 3704 quam
706 3619 806 3703 laicis,
829 3618 943 3705 reliqui
965 3638 1075 3685 omnes
1095 3617 1261 3684 aminimo

85 3755 190 3821 usque
213 3737 253 3802 ad
275 3737 449 3802 maximum
472 3736 507 3802 in
528 3736 676 3823 proxima
698 3735 856 3802 dominica
879 3739 953 3802 ante
974 3735 1174 3802 nativitatem
1196 3733 1262 3800 Do·
1277 3745 1373 3792 naar

85 3851 180 3936 mini,
203 3852 294 3918 elatis
317 3852 472 3936 crucibus,
494 3871 565 3918 cum
589 3851 790 3938 processione
805 3855 946 3918 montem
960 3849 1062 3918 sancti
1076 3848 1262 3916 llichabelis

86 3963 290 4052 ascendunt,
321 3967 462 4052 angelica
490 3966 641 4051 suffragia
668 3967 838 4052 quesituri3
867 3966 988 4033 scilicet
1012 3971 1049 4032 ut
1071 3965 1181 4032 beatus
1202 3964 1262 4032 ldi-

85 4083 202 4152 cbabel
226 4083 443 4168 archangelus,
465 4083 590 4150 celestis
611 4083 725 4150 militie
747 4082 888 4166 signiter,
910 4082 1039 4165 negocio
1061 4081 1136 4148 huic
1157 4102 1191 4148 se
1213 4081 1263 4147 in·

86 4206 229 4285 gereret,
256 4205 292 4265 ut
314 4199 381 4266 eius
405 4204 555 4266 strennuo
577 4198 758 4266 interventu
780 4203 966 4266 strennuum
989 4197 1107 4264 bonum
1130 4202 1162 4264 et
1184 4215 1263 4281 gna·

207 4325 362 4384 impensorum
378 4323 408 4370 N.

163 4337 387 4456 {mmm
476 4397 699 4456 numm
790 4395 1016 4454 amfflm
1099 4395 1262 4453 amm

86 4472 142 4529 ιι.
249 4469 478 4528 coenare.
