3142 4850
292 262 356 326 198
677 275 843 326 unecsrcr
866 275 993 324 conns.
1031 272 1082 324 roo

129 475 154 514 c.
166 459 270 512 1101-
290 437 351 506 cilo
374 436 470 503 simili
493 435 638 522 exemplo
661 437 769 518 iugum
794 436 991 502 obedientiae
1007 434 1176 519 aliquando
1193 433 1407 500 detrectarent
1420 469 1464 479 —-

167 531 236 583 llo-2

290 554 337 619 sic
364 553 590 636 repressimus,
620 557 671 634 ut,
701 551 838 635 quadam
866 551 933 618 die·
957 552 1025 617 sine
1053 569 1207 618 consensu
1230 549 1341 616 decani
1369 547 1468 635 proti-

291 668 431 750 ciscenti,
455 667 651 752 praebendas
672 666 901 731 communicato
917 666 1047 732 consilio
1071 664 1344 750 suspenderemus.
1381 663 1469 741 Quas

291 789 398 848 tamen
421 783 494 868 ipsi,
518 782 688 847 revertenti
712 787 784 868 post
807 781 947 864 biduum,
970 781 1210 864 resignavimus.

382 896 445 962 Sed
458 897 538 982 ipse,
556 917 644 962 more
659 895 931 982 philosophantisl
948 898 1123 962 accuratius
1140 895 1245 960 omnia
1261 915 1471 980 persequens,

292 1011 476 1098 qualitatem
506 1010 731 1097 stipendiariae
759 1013 974 1098 suspensionis
1003 1012 1083 1078 libra
1110 1011 1253 1076 iusticias
1284 1011 1473 1077 examinare

292 1148 326 1192 se
350 1126 429 1191 velle
453 1127 543 1193 dixit.
585 1125 693 1211 ltaque
717 1127 831 1192 accivit
854 1147 961 1192 ornnes
984 1127 1044 1192 loci
1067 1127 1168 1191 nostri
1192 1125 1377 1208 canonicae,
1400 1146 1474 1191 rno-

291 1241 408 1308 naohos
438 1241 532 1307 etiam
564 1241 692 1326 aliquot
731 1241 775 1308 Et
807 1262 922 1324 genere
950 1262 1116 1307 causarum
1147 1241 1294 1306 canonice
1324 1241 1474 1308 discusso

291 1355 365 1423 hinc
394 1361 426 1420 et
447 1355 536 1440 inde,
567 1377 624 1442 par
647 1359 809 1422 sentencia
838 1358 876 1423 ab
900 1356 1044 1422 omnibus
1075 1356 1274 1442 promulgata
1304 1363 1369 1422 eet:
1401 1357 1476 1423 iure

292 1472 434 1557 potuisse
449 1470 645 1558 praebendas
661 1472 811 1558 suspendi
827 1473 894 1538 sine
910 1470 1087 1538 obedientia
1106 1469 1325 1556 proficiscenti.
1366 1471 1475 1549 Quam

293 1587 483 1652 sententiam
512 1587 641 1669 indigne
668 1588 772 1654 ferens
801 1588 857 1653 tali
880 1607 1031 1672 responso
1055 1585 1194 1671 excepit:
1224 1588 1322 1652 Modo
1348 1591 1416 1653 eine
1447 1602 1477 1654 et

292 1704 328 1766 ia
356 1714 494 1766 eternam
520 1706 709 1788 suspensae!
752 1702 900 1768 Protinus
929 1701 1095 1767 concilium
1131 1702 1238 1767 exivit.
1280 1701 1345 1766 Nos
1382 1722 1477 1786 vero,

293 1816 399 1882 missis
417 1818 541 1883 nunciis
559 1823 632 1904 post
646 1839 729 1901 eum,
752 1818 965 1900 suggessimus
982 1817 1020 1900 ei,
1045 1822 1080 1882 ut
1096 1821 1218 1882 tantum
1236 1817 1361 1901 quesita
1377 1819 1479 1883 venia
1508 1863 1511 1868 ι

293 1930 448 2016 reciperet
470 1953 537 2000 sua.
573 1933 692 2010 Quibus
719 1933 940 1999 nichilominus
964 1932 1140 2019 ampullosa
1155 1932 1309 2018 quaedam
1329 1931 1479 1999 reddidit

294 2045 405 2112 verba:
436 2047 515 2113 velle
544 2069 578 2114 se
612 2050 717 2134 potius
745 2050 777 2115 iu
806 2047 933 2114 flumine
962 2048 1136 2131 submergi,
1171 2067 1265 2133 quam
1299 2049 1479 2114 conventui

293 2166 402 2226 nostro
424 2162 594 2228 humiliari.

383 2274 460 2343 Post
481 2283 529 2344 tot
551 2284 583 2344 ct
606 2283 694 2344 tanta
715 2279 818 2345 nostri
844 2283 1042 2365 contemptus
1066 2279 1217 2344 intestina
1238 2276 1378 2344 ludibria
1408 2280 1479 2346 suis

295 2409 353 2457 nos
385 2412 443 2478 per
470 2394 635 2461 circuitum
663 2392 840 2461 diffamavit
869 2393 1020 2479 querelis;
1051 2393 1289 2461 instabilitatem
1321 2413 1419 2461 suam
1443 2396 1480 2463 in

295 2510 449 2591 nostram,
473 2510 501 2575 si
522 2508 590 2577 ficri
612 2515 735 2597 posset,
763 2516 945 2597 retorquere
956 2488 1098 2597 ‘cupiens
1121 2510 1340 2577 constantiam.
1380 2509 1481 2589 Quod

215 2679 227 2701 ,
295 2642 359 2688 non
374 2630 493 2691 temere
509 2627 716 2693 scriberemus
733 2627 771 2692 de
782 2627 891 2710 fratre,
903 2626 965 2691 nisi
980 2626 1012 2691 id
1026 2625 1255 2711 quodammodo
1272 2644 1479 2693 summorum

296 2744 487 2807 testarentur
509 2741 629 2827 scripta
651 2742 792 2808 virorum
823 2778 856 2787 —
882 2747 987 2807 vestra
1015 2742 1165 2807 nimirum
1191 2748 1223 2809 et
1244 2742 1388 2828 episcopi
1416 2742 1482 2809 Go-

295 2852 463 2921 loniensis¹
486 2892 528 2901 -
553 2856 637 2942 apud
666 2877 743 2941 quos
767 2857 894 2924 odorem
918 2862 1062 2923 nostrum
1089 2857 1187 2923 fetere
1216 2856 1298 2922 iecit.
1333 2856 1481 2925 Verum·

297 2977 415 3054 tamen,
437 2970 512 3037 licet
533 2971 618 3037 domi
641 2972 730 3039 nobis
755 2972 890 3039 illuserit
912 2973 988 3038 ioris
1005 2972 1213 3055 derogaverit,
1237 2972 1328 3038 nobis
1353 2992 1482 3061 propo·

297 3087 394 3152 situm
417 3092 475 3169 est,
499 3105 554 3151 vos
577 3087 762 3153 cordetenus
786 3088 927 3171 diligere,
950 3087 1039 3153 vobis
1062 3108 1183 3173 parere,
1208 3108 1263 3153 vos
1285 3094 1321 3153 nt
1343 3094 1481 3174 patrem

298 3205 330 3267 et
357 3200 519 3265 dominum
551 3203 695 3269 venerari
724 3208 757 3269 et
783 3202 901 3283 colere;
932 3208 1055 3269 tontum
1082 3223 1122 3268 ne
1149 3203 1230 3269 hane
1252 3201 1344 3269 nobis
1369 3204 1482 3291 impo-

296 3315 380 3380 natis
408 3316 688 3400 necessitudinem,
716 3325 753 3383 ut
781 3319 874 3383 unius
903 3337 942 3383 ex
970 3317 1127 3384 industria
1154 3317 1348 3385 deseendens
1380 3340 1482 3406 prae·

297 3430 436 3515 sumptio
458 3428 515 3495 fiat
536 3430 706 3497 multorum
730 3431 912 3499 destructio.
947 3430 989 3498 Et
1004 3433 1141 3517 quidem,
1166 3439 1294 3518 accepta
1309 3432 1482 3516 legatione

297 3548 417 3628 vestra,
447 3565 465 3611 e
487 3546 637 3630 vestigio⁶
660 3552 783 3613 vestrae
806 3547 1021 3634 paruissemus
1044 3547 1193 3631 iussioni,
1221 3547 1282 3613 nisi
1306 3550 1395 3632 quod
1421 3551 1482 3617 ob·

297 3659 414 3727 stinato
437 3660 542 3726 animo
565 3662 723 3728 recusavit
743 3661 914 3729 humiliari.

387 3774 468 3853 Quid
489 3776 587 3859 igitur
610 3796 705 3861 super
727 3776 787 3843 boc
808 3778 933 3860 negotio
957 3781 1081 3844 vestrae
1104 3776 1247 3844 videatur
1269 3777 1481 3864 prudentiae,

297 3892 528 3957 communicato
551 3910 621 3956 cum
645 3890 901 3977 prudentioribus
929 3892 1104 3977 quibusque
1131 3892 1207 3959 cleri
1238 3894 1336 3959 vestri
1369 3896 1481 3961 consi-

297 4006 357 4090 lio,
385 4005 458 4071 filiis
486 4006 708 4092 paternitatem
732 4012 869 4072 vestram
893 4005 1004 4074 devote
1026 4006 1261 4075 consulentibus
1283 4009 1482 4077 renunciare

296 4126 413 4187 curate.

368 4254 390 4287 a
414 4242 452 4288 die
468 4256 510 4288 ora
525 4244 547 4289 l'.
640 4244 663 4290 b.
685 4242 877 4305 phylosophantis
893 4243 919 4291 Ζ.
1013 4256 1032 4291 c.
1057 4244 1144 4291 suardo
1158 4244 1181 4291 V.

370 4328 394 4383 1.
412 4326 569 4384 ilriderleil
586 4326 791 4399 archiepiscopi.
