3142 4850
308 304 374 369 754
567 320 746 368 nnneosnr
770 318 952 367 nruuoens.
989 319 1054 365 nra.
1071 320 1096 365 rr
1121 316 1224 367 11-13

220 495 290 550 1124
307 481 375 548 uoti
397 485 486 562 sunt3
516 486 549 547 et
570 479 633 547 alia
655 479 756 546 multe
776 498 894 562 genera
915 482 1160 559 tormentorum,
1186 476 1268 541 rictu
1290 476 1476 560 fremituque

231 570 280 615 ¹¹¹⁰·
308 616 365 662 nos
394 600 565 680 terrentes,
593 596 684 662 nobis
712 595 878 661 imminere
906 592 1063 659 dixerunt.
1103 591 1169 669 Qua
1192 593 1299 657 omnia
1321 594 1424 673 certe,
1451 590 1477 655 si

308 712 388 779 bene
416 717 449 777 te
476 711 566 795 novi,
595 716 683 776 tuam
712 730 837 795 qnoque
864 709 1097 775 animositatem
1122 706 1326 791 effregissent.
1419 704 1478 771 Sed

308 828 371 895 cito
393 828 630 913 respiravimus,
653 826 731 892 duce
749 826 820 911 ipso
836 844 893 891 nos
910 824 1033 911 placide
1047 823 1242 908 benigneque
1257 820 1479 889 consolationis

308 943 432 1026 eulogio
461 942 629 1009 relevante.
670 941 821 1025 Quodque
849 940 937 1006 insui
965 959 1081 1026 pavore
1110 938 1225 1026 pulsati
1253 938 1388 1019 fuimns,
1417 943 1478 1001 mm

308 1058 400 1125 uobis
424 1078 516 1143 quam
541 1057 605 1123 illie
627 1058 695 1123 ioco
719 1076 788 1123 esee
811 1056 903 1142 cepit
940 1055 1021 1121 Nam
1046 1056 1098 1120 ubi
1121 1054 1221 1137 uobis,
1246 1053 1354 1119 ducam
1377 1053 1479 1137 ipsum

310 1173 450 1258 aliosque
483 1172 601 1239 milites
635 1172 690 1257 qui
719 1191 776 1237 nos
805 1176 984 1239 terruerant
1019 1170 1206 1237 christianos
1235 1168 1373 1235 occultos
1403 1186 1479 1249 esse,

310 1296 493 1375 coopertum
517 1293 581 1371 ast,
604 1286 858 1373 primoquidem
882 1286 1035 1373 paulatim
1059 1284 1193 1352 animari
1218 1284 1331 1351 deinde
1351 1281 1480 1349 fiducia·

309 1404 370 1470 lius
405 1424 498 1487 agere
526 1404 673 1489 ipsosque
701 1403 798 1469 otiam
828 1402 986 1468 adhortari
1017 1420 1054 1468 ae
1081 1401 1194 1469 docere
1221 1400 1479 1487 presumpsimns,

311 1539 389 1606 quoe
405 1524 478 1585 onte
494 1517 543 1585 val
558 1520 686 1601 intueri,
710 1525 796 1585 metu
812 1517 959 1604 perculsi,
983 1537 1045 1583 oon
1062 1521 1273 1604 potueramus.
1309 1514 1392 1601 lpsis
1408 1532 1479 1598 ergo

309 1636 374 1701 iam
398 1634 688 1701 mausuesoeutibus
711 1640 744 1701 et
765 1633 910 1717 religioni
934 1632 1104 1699 christiane
1122 1632 1223 1715 magis
1244 1633 1408 1717 magisque
1429 1632 1479 1697 de·

311 1751 499 1833 ferentibus,
534 1749 689 1836 repletum
720 1755 769 1816 est
796 1749 911 1833 gaudio
940 1770 975 1815 os
1004 1754 1146 1814 nostrum
1176 1752 1208 1813 et
1236 1746 1345 1830 lingna
1373 1752 1480 1813 nomm

311 1864 505 1931 exultatione
514 1860 532 1929 ¹.
567 1864 784 1949 Dicebantque
811 1866 893 1931 inter
915 1868 1041 1947 gentas,
1071 1882 1202 1949 quorum
1226 1863 1312 1930 Deus
1335 1864 1481 1946 tetigerat

311 1980 422 2047 cordo:
447 1982 667 2067 Mopnifieaeit
688 1982 848 2045 Dominam
867 1982 1177 2065 fermentationem,
1198 1980 1288 2064 facti
1307 2002 1416 2045 comos
1439 1979 1480 2042 le·

312 2091 445 2174 tontoe'5
469 2101 556 2183 qaia,
580 2097 667 2161 vobio
692 2098 882 2162 emanatus
905 2099 949 2161 ad
970 2120 1037 2177 ooo,
1062 2097 1208 2161 dissoluat
1222 2096 1382 2161 Doueinoe
1406 2118 1480 2180 cop

312 2216 461 2279 linientem
483 2226 634 2291 ecetram,
659 2215 740 2278 aient
761 2213 894 2279 eoledar
915 2213 1032 2297 pleucios
1055 2237 1076 2276 a
1098 2212 1163 2277 solo
1184 2214 1370 2276 omridu'oeo.

405 2329 454 2392 12.
489 2326 667 2413 Episcopus
689 2327 796 2412 itaque
820 2327 898 2394 benc
922 2326 1034 2410 agendi
1057 2346 1181 2413 semper
1204 2326 1326 2408 avidus,
1350 2326 1429 2393 bane
1450 2346 1482 2391 sc

313 2444 436 2510 venisse
464 2444 639 2527 ominatos,
672 2443 812 2509 donariis
842 2444 952 2510 docem
981 2443 1154 2528 honorans,
1186 2441 1330 2510 baculum
1360 2461 1482 2528 quoqne

312 2558 400 2626 dedit
414 2558 605 2640 eburneom3
629 2578 691 2644 quo
709 2558 763 2625 ille
779 2561 888 2626 statim
910 2577 986 2624 usus
1009 2559 1141 2645 ipsoque
1158 2559 1353 2643 incumbens,
1377 2565 1481 2642 gratu·

312 2674 468 2742 lobnudus
498 2674 560 2741 huc
587 2673 724 2758 illucque
752 2675 982 2742 deambulabat.
1026 2673 1264 2761 Conversusqua
1287 2675 1327 2742 ed
1351 2674 1481 2741 milites:

315 2792 448 2873 Qualem
470 2789 516 2856 ait
536 2804 659 2878 patrem
680 2793 771 2856 nobee
795 2793 881 2857 dedit
899 2792 1005 2868 Deum
1029 2805 1058 2857 et
1080 2792 1188 2878 qualia
1211 2795 1314 2878 potens
1337 2795 1433 2870 dono,
1457 2805 1484 2856 et

314 2909 368 2971 laec
394 2931 478 2972 nunc
505 2910 631 2992 porilem
652 2911 755 2993 mapio
777 2930 874 2993 qnam
896 2908 960 2972 olio
984 2920 1121 2994 tempore
1146 2911 1300 2993 prodiero.
1339 2905 1423 2972 Hinc
1446 2904 1483 2970 ael

314 3027 418 3088 castra
432 3021 605 3088 docesmm
621 3028 678 3088 est.
768 3021 927 3106 Factaque
950 3041 1053 3105 mane,
1077 3023 1140 3087 dur
1161 3022 1201 3088 de
1216 3022 1293 3088 viris
1309 3022 1363 3106 qui
1379 3041 1483 3088 secum

313 3143 466 3204 venerant
495 3137 640 3205 ductores
669 3143 701 3204 et
723 3139 884 3205 ministros
908 3139 1037 3226 reliquit
1059 3139 1222 3224 episcopm
1251 3137 1424 3220 mandans,
1453 3138 1483 3202 in

313 3256 381 3318 tota
408 3251 596 3319 Pomerania
626 3274 684 3340 per
716 3259 830 3321 cuncta
862 3255 932 3321 loca
960 3255 1168 3341 possessionis
1199 3273 1254 3320 sue
1281 3252 1430 3319 liberalia
1458 3253 1485 3318 ei

314 3367 439 3454 prcbcri
455 3367 601 3454 hospitia.
635 3369 701 3435 Nos
716 3389 802 3453 vero,
825 3371 959 3436 transito
975 3369 1080 3454 fluvio,
1104 3375 1220 3437 terrem
1236 3369 1485 3436 Pomeranornm

304 3483 347 3549 ln
376 3484 504 3550 nomino
533 3484 662 3551 Domini
689 3485 877 3551 intravimus
901 3491 947 3569 et,
983 3485 1226 3553 conductoribus
1255 3485 1374 3550 nostrie
1402 3484 1486 3550 viam

314 3599 612 3684 demonstrantibus,
635 3601 697 3667 iter
719 3601 760 3666 ad
782 3607 920 3668 castrum
937 3601 1087 3669 Pirissam
1108 3601 1291 3668 direximus.
1321 3599 1397 3666 Dux
1413 3619 1487 3667 uero

315 3715 449 3785 anobis
471 3716 511 3784 ad
534 3737 593 3782 sua
615 3717 745 3800 negocia
765 3716 935 3783 divellitur.

406 3833 457 3897 13.
492 3831 528 3897 lu
556 3832 626 3916 ipso
655 3839 760 3898 autem
788 3833 900 3900 itinere
929 3833 1048 3899 viculos
1076 3853 1193 3919 paucos
1223 3832 1337 3900 bellica
1364 3833 1486 3919 pridem

315 3948 493 4014 vastatione
515 3948 635 4014 dirutos
658 3954 691 4015 et
713 3968 802 4013 raros
824 3949 953 4034 incolas,
977 3949 1031 4035 qui
1053 3969 1154 4035 nuper
1176 3969 1211 4015 se
1228 3955 1303 4036 post
1317 3949 1487 4034 dispersio-

315 4083 388 4130 nem
411 4064 653 4146 recollegerunt,
681 4064 876 4146 invenimus3
904 4065 975 4150 qui,
1000 4062 1122 4131 deiide
1145 4064 1319 4131 christiana
1340 4063 1485 4132 conventi

316 4185 349 4246 et
371 4199 411 4244 au
433 4178 561 4246 credere
582 4179 700 4246 vellent
720 4179 917 4262 interrogati,
941 4178 1102 4246 humiliter
1126 4179 1257 4264 pedibus
1279 4179 1486 4247 advolvnntur

316 4295 471 4380 episcopi,
501 4294 691 4361 catherizari
714 4313 749 4360 se
771 4297 865 4378 atque
892 4294 1046 4380 baptizari
1077 4294 1283 4382 postulantes.
1324 4295 1390 4362 llos
1413 4313 1484 4377 ergo

388 4424 595 4495 amma
809 4425 1017 4496 amma
