3142 4850
530 1181 888 1284 PROOEMIUM.

658 1416 764 1424 ——---

126 1563 264 1686 Quinti
289 1594 396 1671 huius
420 1595 510 1670 tomi
533 1600 765 1670 monumenta
784 1593 829 1670 ad
846 1593 1085 1690 Bambergam
1102 1593 1297 1694 pertinent,

125 1739 347 1836 praeclaram
365 1738 590 1814 Franconioo
615 1737 752 1829 urbem,
778 1737 823 1812 ah
841 1736 1015 1812 Heinrico
1029 1735 1060 1811 11
1077 1736 1297 1835 imperatore

125 1887 344 1980 provectam,
365 1880 409 1956 ab
427 1880 559 1956 Ottone
577 1879 860 1955 Pomeronorum
879 1878 1043 1978 apostolo
1063 1877 1296 1970 nobilitatum
1383 1897 1388 1904 ·

126 2046 216 2120 quae
254 2030 290 2098 et
322 2023 497 2100 suavitate
533 2023 621 2098 situs
656 2021 829 2120 aedisque
859 2020 1073 2098 cathedralis
1101 2019 1297 2120 splendore

127 2165 272 2242 excellit
298 2172 335 2240 et
359 2165 557 2266 praecipue
585 2163 766 2240 studiosos
793 2164 993 2239 litterarum
1018 2162 1220 2259 magnificis
1240 2161 1297 2237 hi·

127 2307 328 2384 bliothocae
366 2307 497 2407 opibus
534 2311 747 2384 convertere
784 2305 830 2382 od
867 2329 949 2382 sese
984 2305 1087 2380 solet.
1135 2303 1298 2380 blihimet

4 2542 5 2547 Ν
127 2450 197 2549 ipsi
231 2451 400 2547 contigit,
436 2457 477 2526 ut
508 2475 591 2527 cum
625 2474 735 2551 saepe
772 2450 881 2542 alias,
917 2448 1215 2547 quotiescumque
1252 2470 1297 2522 co

126 2594 318 2685 venissem,
347 2594 546 2691 exquisitae
574 2592 671 2669 illins
699 2592 866 2669 codicum
889 2591 1217 2691 manuscriptorum
1235 2612 1297 2665 co·

126 2737 207 2834 piae
244 2735 544 2835 pervestigandae
579 2736 686 2811 venia
719 2734 881 2827 daretur,
914 2740 992 2809 tum
1017 2732 1124 2809 huius
1152 2754 1298 2831 quoque

4 2858 6 2889 '
127 2879 321 2955 uoluminis
347 2878 501 2979 parandi
528 2900 636 2953 causa
662 2878 867 2953 liberrimus
891 2875 930 2950 in
947 2874 1150 2975 penetralia
1166 2873 1297 2949 biblio-

4 3018 6 3043 *
127 3021 254 3098 haeae
281 3020 398 3097 aditus
425 3026 576 3120 pateret.

4 3154 6 3177 ¹
232 3162 306 3239 Sed
340 3162 426 3238 licet
452 3160 612 3237 indidem
638 3162 748 3237 totius
775 3160 947 3236 materiae
974 3159 1044 3235 hoc
1071 3164 1169 3233 tomo
1198 3182 1296 3233 com-

4 3322 6 3407 ᾗ
128 3305 257 3404 plexae
282 3310 422 3403 partem
449 3302 544 3379 haud
563 3302 805 3402 spernendum
822 3300 1076 3391 transtulerim,
1103 3299 1299 3400 plurimum
1436 3308 1444 3319 '

4 3458 6 3483 l
128 3452 247 3522 tamem
278 3470 323 3521 ex
350 3446 429 3521 aliis
456 3445 686 3522 bibliothecis
713 3444 851 3543 requiri
877 3466 1029 3518 necesse
1057 3447 1144 3516 erat.
1192 3438 1297 3516 Unde

4 3552 6 3685 ζ
128 3590 236 3664 variis
262 3589 391 3664 horum
417 3588 525 3663 trium
551 3611 727 3663 annorum
746 3586 924 3685 susceptis
942 3583 1131 3659 itineribus
1149 3582 1297 3657 minime

128 3730 259 3805 frustra
298 3729 535 3827 aggrediebar
573 3730 680 3804 etiam
723 3727 977 3804 bibliothecam
1014 3731 1051 3800 et
1082 3724 1298 3800 tabularium

129 3870 421 3963 Monacensc‚
457 3870 695 3983 bibliothecas
728 3868 1048 3960 Zwetlensem‚
1083 3865 1297 3941 Gorlsru-

130 4012 324 4105 harusam,
352 4012 753 4108 Argentinenscm
781 4010 1103 4100 Parisiensem‚
1130 4006 1297 4082 Loudi-

130 4175 312 4244 nenscs,
347 4151 643 4253 Lipsiensem.
700 4152 850 4228 Multum
885 4151 993 4225 etiam
1025 4149 1129 4224 alitor
1156 4146 1329 4224 adiutus

131 4315 203 4369 sum
234 4318 256 4369 a
282 4294 575 4387 bibliothecariis
605 4294 667 4393 qui
695 4293 841 4370 codices
868 4292 1007 4390 petenti
1027 4289 1298 4390 perhumaniter
