3142 4850
229 409 240 415 ῃ
293 320 359 385 718
571 338 752 387 eamcam
774 336 957 387 nmuoous.
990 336 1085 385 ιιιι
1110 333 1151 385 ιι.
1166 334 1199 385 1o

293 494 456 582 poraliter‚
477 495 618 585 profecto
633 495 717 580 quod
732 495 845 562 melius
868 501 927 579 ost,
952 494 1032 561 fiunt
1053 494 1271 581 spiritualiter.
1311 493 1357 559 lbi
1378 494 1464 559 euim

293 615 359 677 ceci
378 614 494 693 vident,
517 614 611 677 surdi
630 615 775 691 audiunt,
801 612 1093 693 obedientisbus,
1119 613 1239 697 leprosi
1257 612 1465 689 mandantur,

293 730 412 793 mortui
431 741 609 814 cesaream,
630 749 787 814 pauperes
811 727 1068 812 eucnqelaiecotor
1077 722 1093 791 ¹.
1130 726 1188 793 His
1213 726 1296 791 enim
1317 724 1410 791 malis
1431 732 1468 789 et

293 840 501 907 incommodis
523 842 746 925 circumuenti,
776 841 920 907 homines
942 840 982 907 de
1005 841 1110 907 seculo
1134 848 1313 929 peccatores
1336 840 1376 905 ad
1397 861 1468 907 me-

293 955 404 1023 liorem
428 957 527 1023 vitam
549 956 720 1024 secundum
744 957 882 1023 ammam
911 958 944 1023 in
975 958 1113 1024 cenobiis
1143 956 1373 1023 convalescunt
1418 954 1468 1021 lbi

293 1071 444 1139 lectiones
467 1091 556 1139 sacre
583 1072 762 1157 psalmodia
789 1077 820 1138 et
842 1072 1016 1156 orationes,
1043 1073 1141 1137 misse
1169 1076 1264 1157 atque
1286 1071 1467 1137 divinarum

293 1206 399 1253 rerum
420 1187 719 1272 contemplationes,
742 1188 860 1253 ieiunia
882 1193 915 1253 et
937 1187 1043 1271 vigilis
1067 1193 1099 1253 et
1120 1206 1228 1272 pugna
1250 1187 1332 1269 iugis
1355 1192 1468 1253 contra

293 1302 475 1387 spirituales
496 1304 670 1387 nequitias,
697 1302 743 1369 ibi
765 1302 869 1369 carnis
893 1304 1097 1371 contritiones
1121 1309 1153 1367 et
1174 1302 1294 1385 cordis,
1318 1300 1467 1367 elemosi-

293 1437 407 1483 narum
428 1416 612 1499 largitiones
634 1423 667 1483 st
681 1417 780 1484 multe
796 1417 1037 1504 hospitalitates.
1072 1416 1149 1495 Quis
1165 1422 1267 1501 neget
1290 1438 1331 1483 ιιι
1349 1436 1468 1500 magna

294 1538 386 1619 parte
407 1532 529 1599 meritis
552 1533 620 1599 eius
642 1533 701 1599 hec
722 1505 831 1599 omnia
852 1554 945 1619 posse
968 1533 1093 1617 ascribi,
1117 1533 1206 1599 cuiue
1227 1532 1336 1599 labore
1358 1533 1468 1599 etim·

294 1666 394 1732 pensa
416 1648 487 1733 ipsa
508 1648 640 1715 cenobia
660 1649 794 1733 contigit
814 1649 963 1717 fundari?
997 1649 1208 1715 Consideraus
1230 1652 1352 1731 autern,
1382 1648 1468 1733 quod

294 1763 437 1848 ipsorum
459 1764 660 1830 cenobiorum
683 1784 812 1831 suorum
835 1771 997 1831 structura
1024 1765 1184 1831 robustius
1206 1764 1406 1845 consisteret,
1440 1764 1468 1828 si

295 1898 366 1945 eam
389 1878 560 1965 apostolice
583 1880 781 1945 auctoritatis
804 1887 894 1966 petra
916 1880 1076 1963 solidaret
1101 1898 1158 1945 uec
1172 1878 1264 1945 tacite
1284 1898 1378 1965 posse
1392 1898 1470 1945 eon-

294 1994 379 2077 vslli‚
403 1994 431 2060 si
446 1994 563 2060 vallata
585 2001 668 2061 esset
690 1996 865 2061 munimine
880 1995 977 2079 Petri,
1000 1996 1058 2062 sub
1074 1996 1141 2061 eius
1156 1994 1337 2061 defensione
1360 1996 1469 2061 omnia

294 2109 499 2193 constituens,
523 2130 543 2174 a
564 2110 639 2176 sede
661 2111 836 2195 apostolica
859 2111 1038 2177 huiusmodi
1061 2111 1181 2197 scripta
1203 2111 1359 2196 suscepit:

204 2242 273 2296 1123
386 2227 437 2289 19.
478 2240 604 2305 „calixtus
628 2242 762 2307 episcopus
784 2258 872 2293 servus
896 2258 1023 2293 servorum
1048 2242 1097 2293 Dei
1121 2242 1259 2293 venerabili
1284 2243 1356 2293 trau-i
1380 2242 1470 2293 Ottcni

197 2316 502 2394 Aor·³13abenbergensi
525 2327 644 2395 episcopo
666 2328 774 2382 salutern
797 2340 823 2383 ot
846 2330 1008 2397 apostolicam
1027 2330 1236 2382 benedictionem.
1311 2330 1391 2381 Βιιίι
1414 2330 1470 2381 fra·

295 2426 360 2468 trum
382 2427 523 2469 nostrorum
547 2417 635 2469 studiis
658 2435 709 2470 ιιι
734 2418 814 2472 solum
838 2420 924 2472 favere
947 2419 993 2470 sed
1018 2420 1050 2471 ad
1069 2439 1101 2472 ea
1121 2420 1232 2486 ipsorum
1251 2420 1327 2470 etiam
1346 2418 1471 2470 debemus

295 2507 391 2558 anirnos
407 2505 522 2557 incitare.
557 2506 618 2556 'luis
636 2524 706 2573 ergo,
724 2509 857 2560 karissimo
876 2517 902 2559 ct
914 2506 1064 2559 venerabilis
1083 2509 1161 2560 irater
1174 2509 1233 2559 Otto
1245 2507 1472 2572 Babenbergensis

294 2597 422 2662 episcope,
441 2595 665 2661 supplicationibus
683 2597 804 2658 inclinati,
821 2597 982 2658 monasteria,
1001 2613 1050 2662 que
1068 2597 1123 2663 ipsc
1142 2597 1248 2663 propriis
1261 2597 1403 2662 sumptibus
1424 2613 1471 2646 ea-

294 2684 406 2736 struxisti
424 2692 464 2746 et,
488 2683 696 2750 Babeubergcuei
714 2685 820 2738 ecclesie
838 2685 984 2746 conserens,
1009 2685 1148 2751 apostolice
1166 2685 1233 2736 sedis
1252 2685 1367 2738 roborari
1384 2685 1472 2736 maai·

294 2773 361 2823 mine
379 2773 516 2838 quesivisti,
535 2774 561 2824 iu
579 2774 647 2824 beati
659 2773 728 2824 Petri
747 2774 850 2839 eiusque
869 2775 983 2825 Romane
1002 2772 1107 2824 ecclesio
1125 2774 1306 2840 protectionem
1319 2774 1474 2840 suscipimus

295 2870 382 2912 contra
405 2878 538 2927 pravorum
555 2861 683 2912 hominum
701 2862 841 2928 nequiciam
861 2861 1030 2913 defendenda.
1063 2861 1200 2913 Statuimus
1219 2879 1294 2928 crgo,
1317 2873 1345 2912 ut
1365 2880 1472 2928 posses-

294 2949 379 3002 siones
403 2950 492 3015 predia
509 2958 536 3000 et
553 2949 637 3000 omnia
657 2952 738 3011 bona,
760 2967 810 3016 que
833 2959 859 3002 ct
877 2949 1022 3002 fraternitas
1040 2957 1084 3000 tua
1101 2950 1197 3002 eisdem
1213 2951 1372 3002 monasteriis
1392 2951 1476 3003 (lirini

294 3038 385 3090 amoris
407 3038 499 3088 intuitu
522 3038 627 3090 contulit
651 3055 750 3105 queque
773 3037 878 3090 aliorum
903 3037 1014 3090 fidelium
1037 3039 1102 3090 iusta
1126 3037 1252 3090 oblatione
1270 3054 1392 3090 coucusa
1412 3049 1476 3092 mat

294 3135 339 3178 aut
362 3127 388 3176 in
406 3126 516 3178 futurum
534 3127 600 3178 iuste
617 3127 765 3194 legaliterve
783 3127 879 3194 acquiri
897 3127 936 3178 rel
954 3126 1037 3178 offerri
1056 3127 1202 3192 contigerit,
1225 3126 1298 3178 firma
1316 3127 1354 3178 eis
1373 3137 1399 3178 et
1420 3129 1474 3180 illi-

294 3215 355 3266 bata
372 3213 480 3266 Domino
498 3224 599 3266 anctore
618 3226 791 3280 permaneant.
822 3215 1000 3267 Ordinationes
1019 3232 1080 3266 sane
1099 3216 1218 3266 abbatum
1231 3215 1270 3265 rel
1289 3212 1477 3268 monachorim

294 3319 395 3356 snorum
413 3321 429 3354 ι
447 3303 576 3354 catholicis
593 3303 719 3369 episcopis
737 3303 879 3355 diocesanis
898 3303 1029 3369 accipiant.
1059 3303 1153 3354 Rerum
1173 3321 1230 3355 rere
1248 3304 1361 3369 ipsorum
1379 3323 1476 3358 mona·

294 3393 428 3445 omniorum
445 3407 529 3443 curam
548 3401 576 3442 et
592 3391 834 3443 administrationem
851 3393 877 3443 in
896 3399 939 3443 tuo
958 3400 1106 3458 tuorumque
1124 3407 1295 3444 successorum
1320 3393 1429 3446 artistic
1449 3406 1477 3446 et

294 3490 421 3548 potestate
439 3497 543 3531 manere
561 3497 700 3531 censemus.
722 3479 791 3530 Nulli
808 3480 895 3545 itaque
912 3481 1037 3532 hominnm
1050 3479 1156 3533 facultas
1169 3479 1305 3532 sitandam
1316 3484 1477 3536 monasteria

293 3571 442 3636 perturbare
461 3577 505 3619 aut
522 3585 608 3619 eorum
626 3569 798 3635 possessiones
812 3569 911 3620 auferre
925 3569 964 3619 vol
976 3569 1075 3621 ablatas
1087 3569 1195 3619 retinere
1208 3570 1321 3620 minuere
1334 3570 1375 3620 rel
1387 3581 1476 3622 teme-

293 3658 366 3709 rariis
384 3656 558 3708 vexafionibus
576 3658 703 3723 t'atigore3¹
717 3657 762 3708 sod
781 3657 866 3708 omnia
884 3657 983 3724 integra
1002 3667 1189 3718 conserventur,
1208 3673 1303 3719 eornm,
1322 3664 1386 3723 pro·
1406 3676 1477 3724 quo·

294 3763 350 3797 rnm
367 3745 552 3796 sustentatione
575 3753 602 3796 ιι
619 3745 803 3812 gubernatione
822 3758 1033 3808 concessissent,
1056 3745 1143 3798 usibus
1162 3745 1311 3798 omnimodis
1329 3747 1478 3811 profutara.

294 3834 323 3885 Si
340 3851 391 3900 qun
408 3834 485 3900 igitur
502 3833 673 3886 ecclmiastica
690 3834 842 3886 moriturisne
860 3851 978 3900 persona,
1001 3835 1067 3886 banc
1085 3843 1170 3886 nostre
1188 3833 1374 3886 constitutionis
1392 3837 1477 3904 pagi-

294 3939 353 3972 uam
371 3921 462 3983 ιιὶιιι,
481 3930 570 3972 ιιιιιι
587 3940 643 3973 eam
660 3931 754 3973 temere
768 3922 853 3973 venire
871 3923 1039 3989 temptaverit,
1058 3923 1168 3974 secundo
1181 3923 1291 3975 terciore
1309 3924 1479 3988 commonita,

294 4009 316 4060 si
334 4027 385 4061 uon
403 4009 574 4061 mtisiactions
592 4027 704 4078 congrua
721 4009 902 4072 emendaverit,
920 4009 1052 4076 potcstatis
1071 4010 1222 4077 honorisque
1235 4010 1272 4062 ιιί
1286 4011 1415 4077 dignitate
1429 4029 1477 4065 ca-

293 4104 350 4150 reat
367 4111 486 4162 reamque
504 4113 533 4148 se
556 4099 641 4150 rliriuo
664 4098 756 4149 iudicio
773 4097 882 4150 existere
901 4099 933 4150 da
957 4107 1103 4166 perpetrata
1125 4099 1259 4165 iniquitate
1282 4109 1425 4166 cognoram
1451 4113 1480 4154 ιι

294 4204 310 4237 ι
327 4185 496 4236 ιιιιιιίιιίιιο
515 4201 620 4252 corpore
637 4203 668 4237 ac
685 4186 809 4252 sanguine
824 4186 872 4238 Dei
891 4196 918 4238 et
930 4187 1024 4238 domini
1035 4185 1201 4253 redemptoris
1212 4188 1291 4239 nostri
1304 4187 1361 4238 lesu
1375 4188 1480 4242 Christi

293 4273 377 4325 aliena
394 4273 441 4324 liat
458 4281 534 4339 atque
551 4272 577 4325 in
595 4283 706 4326 extremo
724 4273 840 4326 examine
859 4275 971 4326 districte
989 4275 1077 4326 ultioni
1095 4275 1232 4328 subiaceat.
1263 4275 1365 4326 Cunctis
1384 4287 1479 4330 auteur

366 4455 388 4488 ι.
412 4443 447 4489 vel
463 4442 495 4498 N,
511 4445 536 4488 et
553 4441 577 4497 0,
593 4456 635 4502 pro
652 4443 682 4492 B.
990 4435 1014 4488 l.
1032 4432 1128 4490 bistili.
1143 4435 1229 4502 ll,„5.
