3142 4850
434 314 599 364 unsnmor
620 313 749 364 oonax.
788 312 837 364 11³
1160 299 1225 364 209

151 469 295 537 Martinus
317 473 509 540 Turonensis
538 479 646 560 posset
675 473 847 561 apostolico
875 474 1020 540 sufficere
1050 474 1089 540 ad
1119 493 1226 540 exem·
1283 491 1351 546 1103

78 583 164 669 plum,
190 593 224 652 ut
242 587 374 654 desistat
397 588 436 655 ab
459 590 664 676 oppressione
686 589 900 656 innocentum.
992 589 1223 656 Priscillianum
1239 563 1389 610 Μ’·’ῙΜ

78 700 236 788 episcopum
251 724 271 768 a
284 703 422 771 Damaso
445 725 530 793 papa
552 725 611 792 pro
633 705 736 772 heresi
759 705 966 792 dampnatum
986 705 1143 772 Maximus
1159 707 1225 771 im-

77 821 192 900 perator,
213 826 378 888 accusante
393 819 506 888 itacio·
520 822 681 908 episcopo,
704 821 820 887 occidit
835 826 876 904 et,
900 827 936 888 ut
952 841 1060 888 omnes
1077 841 1225 906 sequaces

76 931 130 997 eins
150 931 257 1018 ubique
278 937 506 1019 occiderentur,
530 937 638 1004 edixit
673 935 829 1004 Martinus
849 957 922 1020 ergo
947 936 1063 1021 aliique
1087 938 1226 1023 episcopi

77 1045 197 1114 Mecium
227 1054 446 1120 commuuione
479 1054 610 1120 ecclesie
647 1055 868 1140 privaverunt3
904 1053 1108 1118 criminantes
1143 1074 1225 1135 eum,

76 1165 143 1248 quod
162 1167 224 1232 eius
246 1170 444 1236 accusatione
466 1169 693 1255 qualiacunque
715 1170 810 1236 homo
833 1169 955 1234 occisus
976 1168 1028 1233 sit.
1067 1168 1225 1234 Maximus

75 1279 169 1362 agebat
188 1302 257 1348 cum
277 1283 427 1366 Martius,
451 1289 487 1350 ut
501 1285 613 1352 Ytacio
635 1287 895 1366 communicaret3
922 1291 954 1352 et
974 1283 1128 1350 Martinus
1153 1305 1225 1369 age·

75 1393 119 1461 bat
135 1415 200 1464 cum
220 1398 372 1482 Maximo,
396 1408 433 1467 ut
454 1420 604 1485 sequaces
627 1400 818 1468 Priscilliani
843 1421 905 1466 uon
929 1400 1156 1484 occiderentur,
1185 1421 1225 1468 ns

75 1511 169 1578 odam*
194 1515 338 1582 catinolici
366 1537 438 1584 oum
461 1517 507 1582 eis
529 1519 673 1603 perirent
681 1512 697 1582 ¹.
789 1516 878 1594 Quod
907 1516 1036 1603 petebat
1058 1515 1223 1598 Martinus,

74 1623 250 1696 nullomodo
272 1632 493 1718 impetrasset,
515 1633 578 1699 nisi
602 1632 642 1698 ad
666 1638 791 1718 tempus
818 1631 924 1698 Ytacio
951 1633 1223 1698 communicasset.

75 1738 117 1808 Sic
138 1746 362 1828 quodammodo
388 1748 558 1815 anathema
584 1748 686 1814 tactus
715 1769 774 1834 pro
802 1749 953 1814 fratribus
977 1748 1059 1830 suis,
1090 1748 1225 1814 retruxit

73 1855 213 1928 uteomm
227 1863 403 1930 cervicibus
418 1863 559 1946 gladium
575 1864 786 1948 imperatoris.
856 1862 916 1941 Qui
931 1864 1118 1948 dampnavit
1134 1883 1224 1930 accu-

21 2032 22 2035 ,
74 1979 187 2042 satorem
201 1977 347 2044 Ytacium
370 1999 428 2065 pro
452 1985 553 2046 morte
574 1979 716 2062 heretici,
739 1981 767 2044 si
791 1979 893 2046 edhue
916 1981 1046 2061 viveret,
1070 1997 1133 2044 nou
1156 1977 1224 2045 len·

21 2082 22 2087 ’
73 2088 145 2156 deret
164 2099 194 2158 et
213 2095 323 2177 ntum,
345 2094 435 2161 cuius
457 2101 626 2182 praesepto
648 2100 697 2162 tot
718 2095 904 2161 occiduntur
927 2114 986 2181 pro
1002 2115 1098 2160 cause
1113 2095 1224 2162 Game-

21 2238 22 2277 i
73 2209 233 2274 raoensium.
267 2209 329 2288 Qui
352 2211 448 2277 etiam
471 2231 543 2277 cum
567 2211 705 2296 periculo
729 2211 853 2277 animae
877 2231 952 2278 sues
967 2211 1115 2277 liberavit
1135 2209 1224 2278 here-

21 2312 22 2391 i
73 2321 135 2388 titos
148 2344 164 2389 e
178 2331 288 2408 morto,
312 2345 407 2410 quam
430 2327 570 2410 grauiter
585 2327 693 2410 terret,
715 2327 899 2393 innocentes
924 2345 981 2412 pro
1006 2325 1109 2392 aliens
1131 2325 1224 2412 culpa

21 2420 22 2424 ¹
73 2440 199 2525 opprimit
290 2442 356 2509 Nos
371 2464 422 2509 res
438 2443 532 2510 rebus
547 2444 747 2526 conferimus,
770 2444 874 2510 causis
897 2462 1007 2509 causas
1023 2444 1221 2529 opponimus.

74 2553 106 2619 tt
122 2555 373 2642 cameracenses,
403 2558 512 2625 afflicti
535 2560 644 2643 malis,
673 2559 813 2625 clamant
836 2559 875 2625 sd
899 2557 1111 2641 Paschslem·,
1142 2560 1223 2625 sicut

72 2666 116 2735 Mii
139 2670 229 2741 Israel
257 2672 369 2741 afflicti
398 2674 491 2741 malis
520 2674 659 2741 clamant
686 2675 727 2741 ad
755 2674 902 2761 Moysen:
940 2676 1051 2741 Videat
1076 2676 1166 2741 Deus
1195 2690 1224 2741 et

73 2786 181 2865 indicetr
201 2795 354 2877 quoniam
367 2792 473 2875 fetere
484 2792 598 2875 fecisti
616 2794 744 2857 odorem
764 2804 907 2858 noemam
929 2814 1036 2855 coram
1052 2790 1223 2856 Pharaone

73 2907 273 2987 aestuosi
293 2911 324 2973 ei
343 2908 498 2993 stodiam,
522 2920 557 2973 ut
580 2910 731 2974 occideret
752 2903 839 2974 oos'.

142 3020 198 3086 Id‘
211 3027 342 3110 ipsam
356 3026 402 3089 de
415 3024 725 3089 Laodicenaibua
740 3026 1088 3089 excommunicatis
1103 3044 1220 3108 pseu·

73 3133 261 3204 dorirricis
274 3143 557 3226 praecipimus.
582 3140 732 3207 Iustum
748 3153 803 3205 est
818 3142 932 3217 enim,
952 3151 1007 3217 ut,
1026 3140 1095 3223 qui
1108 3150 1222 3233 semet

72 3249 160 3333 ipsos
186 3280 206 3319 a
234 3256 449 3321 catholieo·
479 3256 650 3321 eeclesia
681 3266 958 3341 soprsparuot,
990 3276 1060 3340 per
1088 3253 1219 3319 ootho-

74 3360 152 3431 iicos
177 3371 220 3435 ob
247 3372 437 3437 ecclcsiae
464 3372 677 3455 benefieiis
705 3383 970 3457 repropeatur.
1063 3366 1123 3435 Hic
1147 3388 1220 3435 vcro

73 3496 111 3544 ns
132 3482 243 3551 invasit
264 3486 411 3569 augustia
439 3486 529 3570 quasi
551 3482 790 3573 parturientis³3
820 3485 902 3553 unde
931 3483 1108 3551 exclamare
1136 3502 1220 3550 com-

72 3592 165 3675 pstor:
191 3602 266 3685 quia
286 3600 411 3667 omues‘
432 3601 638 3688 parturientis
661 3601 785 3668 dolores
814 3600 865 3667 hic
887 3621 976 3667 mens
999 3600 1089 3665 dolor
1111 3600 1218 3667 uincit.

73 3704 167 3777 tilios⁸
188 3716 271 3782 enim
293 3717 403 3801 genui,
427 3716 565 3802 hosque*
587 3716 669 3785 lacte
692 3717 756 3783 alui
778 3715 868 3799 fidei,
893 3716 949 3783 hos
973 3736 1055 3803 pane
1077 3716 1220 3781 ueritatis

73 3826 232 3897 oontrmevi
258 3838 290 3898 et
317 3832 352 3899 in
374 3833 465 3900 virile
493 3832 591 3900 robur
620 3833 760 3919 provexi.
804 3832 888 3919 ipsa*
911 3852 962 3899 ms
990 3830 1218 3913 beatificabem,

74 3940 133 4021 quia
158 3946 219 4030 eis,
244 3948 277 4013 in
305 3949 389 4032 regis
417 3950 506 4015 curia
534 3955 567 4015 et
593 3948 628 4014 in
650 3948 712 4014 Dei
734 3947 867 4015 ecclesie
892 3946 1094 4030 florentibus,
1122 3944 1219 4013 nichil

128 4148 146 4181 ι
166 4138 246 4189 ltaetto
260 4142 310 4199 VZ,
330 4144 398 4191 Itatio
414 4143 444 4190 B.
526 4144 549 4191 b.
573 4146 597 4189 et
612 4144 641 4189 B.
724 4156 744 4188 o.
768 4143 883 4190 Pascatem
898 4144 943 4189 VB.
1030 4142 1052 4189 d.
1077 4140 1102 4188 id
1117 4140 1220 4189 -dolor

73 4210 217 4266 'idioma
278 4236 298 4267 e.
322 4222 463 4269 chatholioos
477 4222 499 4269 Γ.
567 4222 583 4268 t.
608 4223 681 4269 omnis
696 4222 720 4269 V.
788 4236 809 4281 g.
833 4222 880 4269 Hos
898 4222 980 4281 egoB.
1046 4221 1070 4268 tn.
1094 4219 1219 4281 eosqneB.

75 4286 88 4331 5·
103 4290 148 4350 11³¹·
160 4320 182 4328 -
195 4302 253 4347 suria
268 4314 310 4347 ora
321 4300 350 4347 B.

131 4416 154 4469 1.
171 4416 210 4473 ct.
221 4419 333 4490 Sulpicii
343 4419 438 4479 Sereni
449 4421 542 4480 chron.
551 4422 702 4479 litt-60.
756 4423 783 4477 2.
802 4421 974 4494 Exod.t,21.
1028 4422 1054 4479 3.
1073 4422 1219 4491 1sat.21,8.

112 4510 182 4565 ἔκη’.
196 4517 372 4564 somnias.
973 4520 1006 4575 14
