3142 4850
306 306 372 371 736
607 322 786 370 annonam
809 320 990 369 nianonus.
1026 320 1121 367 ιω
1144 316 1179 370 aa

218 496 288 550 1150
305 480 502 565 Ungarorum
526 482 713 548 inimicicias
732 480 946 567 experiantur.
982 478 1089 547 Abbas
1105 500 1179 546 roro
1193 476 1418 544 Admuntensis
1429 512 1473 521 -—

304 598 354 663 vir
377 596 471 680 digne
495 598 707 680 auctoritatis,
735 617 853 681 guarus
876 596 917 662 ad
940 597 1046 661 omnia
1073 600 1105 661 et
1130 593 1230 661 multo
1257 591 1378 679 pollens
1400 611 1477 657 con·

304 712 386 797 silio,
410 712 532 780 meritis
555 731 592 779 ao
613 712 766 796 religione
781 712 876 780 decus
898 716 931 779 et
947 709 1178 777 firmamentum
1203 709 1367 775 monastici
1390 707 1477 773 ordi-

303 830 354 895 nis
371 866 413 874 —
426 829 468 895 ad
482 828 578 896 verba
592 827 768 912 legatorum
790 826 848 894 hec
869 826 996 915 paucis:
1021 828 1061 893 ln
1076 829 1134 893 lac
1150 851 1246 892 cauea
1260 824 1363 909 inquit
1377 825 1479 889 aaut

304 970 325 1011 a
339 948 430 1011 nobis
448 968 620 1033 perperam
641 958 746 1010 actum
767 956 813 1010 eet
834 958 890 1009 aaut
912 958 1032 1031 apatur.
1072 945 1139 1011 Sed
1159 944 1252 1009 bodie
1272 964 1382 1006 mrum
1404 962 1477 1005 cor·-

303 1084 419 1149 porum
441 1074 624 1141 vestrorunt,
648 1063 727 1146 quia
747 1063 860 1125 itinere
873 1060 1014 1147 satipati
1034 1064 1117 1141 eun,
1140 1059 1233 1125 nelina
1246 1060 1359 1143 aputu.
1396 1054 1478 1121 Cra·

304 1179 388 1243 euna
417 1178 484 1242 dier
510 1179 674 1263 nepooium
701 1189 836 1241 uernum
865 1178 1015 1263 expediet.
1056 1174 1165 1261 ltaque
1192 1173 1280 1239 lauto
1309 1170 1480 1257 epularum

304 1295 459 1379 apparatu
482 1290 644 1377 multaque
657 1289 822 1375 diligentia
845 1292 889 1357 eis
913 1291 1124 1358 ministrabat.
1159 1289 1309 1374 Sequenti
1325 1308 1401 1355 vero
1424 1287 1480 1354 die

304 1407 401 1474 abbas
417 1405 608 1491 adlegatos:
631 1408 676 1473 lle
690 1410 770 1494 quid
782 1406 887 1492 inquit
898 1408 1042 1492 saneta,
1060 1411 1091 1473 n·
1104 1410 1233 1473 domina
1248 1418 1349 1472 veona
1365 1418 1482 1491 sponte

304 1548 363 1590 auu
391 1524 549 1590 nobiccum
577 1526 683 1589 venire
708 1524 864 1591 noluerat?
903 1522 1072 1610 Numquid
1103 1526 1236 1589 inuitam
1267 1520 1482 1587 absumi

304 1642 459 1727 numquid
479 1641 599 1705 nolenti
620 1653 649 1705 et
669 1642 816 1706 renitenti
837 1640 988 1706 uiolentae
1011 1662 1123 1705 manau
1145 1638 1301 1705 inieieta'al
1338 1636 1382 1703 Si
1402 1638 1482 1723 qui·

304 1758 374 1822 dem
396 1756 455 1821 boc
475 1756 600 1842 repibuo
623 1780 662 1821 aa
683 1758 801 1842 rapinis
826 1768 994 1822 ernemum
1016 1757 1148 1822 dedeeue
1172 1768 1230 1835 eet,
1259 1757 1293 1818 ui
1321 1752 1409 1818 trabi
1437 1753 1485 1817 ad

304 1874 391 1959 quod
411 1872 524 1951 nolint,
548 1885 577 1938 et
597 1872 709 1953 subici,
734 1874 862 1958 quando
878 1895 943 1938 non
958 1872 1062 1953 velint,
1088 1886 1182 1957 atque
1198 1870 1300 1936 aliene
1320 1866 1486 1933 volomtati

303 2012 358 2054 reu
372 1989 516 2054 uiolatae
532 1991 722 2074 mancipari,
745 2011 810 2055 non
831 2000 908 2074 puto
931 1990 969 2053 id
985 1990 1149 2053 convenire
1173 1990 1304 2073 inpenue
1326 1984 1482 2050 libertati.

304 2102 349 2170 At
369 2102 432 2170 illi:
457 2102 515 2171 Sic
537 2117 582 2169 est
602 2102 750 2189 inquiunt
777 2116 807 2170 et
828 2126 884 2170 noe
908 2126 977 2169 eam
1000 2105 1139 2170 libertati
1164 2125 1218 2169 aue
1239 2103 1401 2167 restincere
1428 2123 1483 2165 ee·

303 2224 418 2302 niuniu,
443 2233 473 2285 et
486 2242 550 2285 non
573 2221 637 2285 uim
658 2221 778 2305 inferre
800 2222 855 2285 aed
877 2222 1057 2306 obsequium
1076 2232 1220 2306 prestare
1241 2218 1286 2283 ad
1306 2238 1380 2282 unos
1403 2218 1483 2281 red-

305 2338 399 2401 eunti.
437 2334 586 2422 Denique
612 2338 643 2401 ri
670 2338 709 2403 ab
736 2337 873 2422 indipna
896 2338 1054 2402 coactione
1076 2336 1315 2419 columnaeque
1338 2333 1486 2398 libertati

304 2454 446 2517 restituta
465 2451 589 2536 suerit,
617 2476 692 2518 eane
716 2455 891 2540 quidquid·
912 2457 1048 2539 propria
1071 2453 1294 2518 deliberatione
1315 2449 1481 2534 deleperit,

303 2589 403 2654 neque
423 2589 481 2633 nos
503 2591 603 2655 neque
624 2591 678 2634 uos
699 2570 867 2661 probibere
888 2571 1050 2644 debemuo‚·
1075 2581 1103 2634 et
1125 2569 1270 2633 dominus
1293 2579 1399 2632 nonar
1424 2589 1484 2631 ree

311 2683 510 2770 Unparorurn
532 2686 754 2749 inuiatnoimuo
775 2687 953 2751 indecenter
975 2685 1024 2750 vel
1045 2697 1155 2750 contra
1178 2685 1270 2748 decue
1296 2678 1379 2768 'repsi
1399 2705 1482 2747 enn-

301 2803 410 2886 puinir
433 2801 572 2866 habiturn
592 2821 777 2886 permanant
800 2823 891 2866 auam
906 2803 1098 2867 conatuum
1114 2801 1243 2864 canoni
1262 2820 1326 2864 non
1344 2801 1483 2884 potent.

303 2911 426 2982 Placuit
448 2935 550 2981 sermo
574 2914 681 2982 abbati
704 2920 737 2982 et
757 2915 917 2983 fnanibus.
953 2915 996 2984 Et
1011 2916 1171 2983 venientes
1195 2914 1368 2981 inanium
1391 2911 1485 2979 basi·

303 3029 364 3097 lico
392 3037 466 3097 ante
491 3031 574 3097 fores
597 3029 744 3115 claustri,
773 3051 835 3116 quo
858 3031 948 3115 virgo
971 3051 1062 3099 sacra
1084 3053 1155 3098 oum
1178 3028 1353 3114 uirginibus
1375 3031 1485 3096 amris

304 3145 412 3213 clausa
427 3146 570 3231 degebat,
594 3147 673 3212 dnos
695 3144 805 3231 globos
827 3147 995 3232 faciebant,
1020 3167 1160 3214 seorsum
1183 3145 1281 3230 legati
1304 3151 1336 3213 et
1356 3145 1486 3214 milites

305 3261 502 3349 populusque
522 3260 640 3330 multus
656 3262 711 3348 qni
725 3263 766 3328 ad
780 3261 994 3349 spectaculum
1010 3268 1149 3346 venerat,
1173 3268 1205 3330 et
1220 3281 1361 3329 seorsum
1377 3261 1488 3329 abbas

304 3376 541 3445 cumfratribus
564 3383 596 3445 et
610 3377 786 3467 monachis.
821 3377 1012 3446 Rasorantur
1035 3384 1152 3465 postes,
1175 3379 1268 3445 ianua
1291 3375 1489 3446 claustrales

303 3493 496 3580 panduntur,
518 3495 628 3578 regina
650 3493 737 3562 exire
759 3494 800 3561 ad
822 3495 952 3563 nuncios
976 3499 1113 3578 rogatur.
1153 3494 1256 3578 Negat
1278 3491 1348 3575 illa3
1379 3493 1490 3561 nichil

304 3609 365 3676 sibi
387 3615 420 3677 et
442 3609 487 3676 eis
510 3609 632 3692 dioens3
662 3609 732 3695 lege
760 3631 795 3678 so
821 3611 883 3678 loci
910 3611 1008 3678 limen
1030 3611 1140 3695 ianne,
1169 3610 1231 3676 uisi
1253 3614 1355 3675 morto
1378 3608 1489 3693 obita,

303 3746 367 3792 non
391 3745 459 3792 esse
481 3725 696 3792 transituram.
733 3725 872 3793 Docetur
894 3747 979 3812 ergo,
1004 3727 1078 3812 quid
1100 3727 1185 3794 inter
1208 3725 1353 3819 abbatem
1379 3729 1416 3791 et
1440 3725 1492 3794 le-

210 3921 221 3932 ¹
304 3845 394 3925 gatos
417 3841 571 3908 sententie
595 3863 631 3907 ao
653 3843 784 3909 rationis
809 3843 848 3910 de
870 3843 942 3929 ipsa
959 3843 1150 3925 constiterit;
1174 3841 1262 3908 illam
1278 3839 1377 3907 desub
1396 3841 1493 3909 chu-

304 3957 379 4024 stris
400 3956 434 4023 in
450 3962 595 4042 apertum
616 3957 724 4041 egredi
739 3963 894 4045 oportere,
917 3957 1070 4025 liberam¹¹
1094 3956 1173 4041 lieri,
1198 3957 1358 4024 mactiono
1382 3959 1493 4042 solvi3

304 4077 443 4139 ceterum
465 4072 499 4138 in
522 4071 589 4138 eius
613 4073 743 4140 arbitrio
758 4072 936 4158 locandum,
961 4093 1056 4160 qnam
1072 4073 1157 4140 viam
1180 4077 1292 4160 postea
1313 4071 1376 4139 sibi
1403 4077 1495 4143 arri-

303 4208 380 4274 pere
403 4187 487 4255 velit.
527 4185 659 4273 Atilia,
683 4210 814 4276 corpore
836 4189 972 4257 femineo
995 4187 1103 4256 uiriles
1127 4189 1250 4256 animos
1273 4209 1400 4276 gerens,
1430 4193 1496 4260 nbi

304 4303 399 4388 videt,
422 4303 498 4389 quia
511 4303 558 4370 sio
571 4323 700 4371 necesso
714 4308 773 4388 ost,
797 4323 899 4392 neque
922 4305 1014 4372 aliter
1032 4303 1121 4371 litem
1144 4303 1246 4372 decidi
1269 4324 1374 4392 posse,
1400 4309 1496 4392 pade

373 4456 394 4488 a
418 4443 473 4503 qno
488 4443 550 4504 quoa
566 4445 597 4501 n,
614 4445 723 4505 qunque
741 4444 813 4494 aaa.
890 4445 913 4492 u.
936 4445 1030 4493 tauram
1045 4468 1069 4478 -
1082 4446 1141 4493 nin
1156 4459 1200 4494 uu
1212 4447 1250 4503 n‚·
1265 4445 1344 4508 nupt
1358 4459 1391 4494 a
1411 4445 1497 4500 una
