3142 4850
372 333 494 382 rsorrs
516 336 595 382 vrrs
621 335 778 384 orrorrs.
811 335 879 384 ura.
896 334 975 386 ms
1190 317 1259 384 eoo

175 489 377 576 Primumque
398 491 593 586 mansionem
616 493 743 560 babuit·
766 493 802 561 in
815 494 906 560 ouria
919 492 1120 562 domiuiooli⁸
1134 492 1258 562 Bsben·
1295 509 1364 566 1127

92 604 249 689 bergensis
270 605 411 692 aooleaie,
435 627 496 692 que
518 606 651 675 Growze
672 608 806 691 dieitur,
832 608 889 676 ubi
910 608 1103 676 autenticum
1126 608 1258 676 manda·
1275 581 1382 629 ΠΜ

91 717 171 786 tum¹
193 741 265 788 oum
288 722 355 788 suis
377 741 465 789 more
488 722 644 808 solempni
666 723 846 792 eelebrovit
938 723 1088 808 Sequenti
1102 743 1178 790 uero
1193 723 1256 807 dis
1274 747 1352 808 epar

90 842 159 921 post
180 835 276 904 offleii
299 843 331 904 ot
346 837 507 923 sepulture
522 838 651 906 Domini
668 839 912 906 celebrationem
933 839 1008 926 inde
1021 839 1194 922 digressus,
1216 839 1258 906 od

91 951 195 1018 urbem
211 953 373 1040 antiquam
389 952 540 1021 voeabulo
556 953 732 1038 Kirobbrrg
745 953 891 1035 divertit3
914 953 970 1021 ubi
985 953 1151 1022 setheum
1166 973 1257 1020 euno·
1274 976 1354 1037 apso

89 1070 154 1132 tum
176 1067 293 1152 pasobs
320 1073 353 1134 at
378 1069 484 1154 ipsum
507 1069 663 1136 dominioe
688 1069 929 1137 resurreetionis
950 1068 1034 1136 mem
1057 1089 1183 1136 summa
1202 1069 1257 1136 de
1273 1091 1355 1152 apso

90 1182 212 1248 rotiana
235 1183 366 1268 peregit.
456 1183 550 1250 Faria
572 1184 709 1251 secunde
731 1185 848 1271 pesabo
870 1184 1112 1268 monasterium,
1133 1186 1259 1252 noviter
1274 1204 1355 1264 apat

90 1317 154 1364 ase
177 1303 403 1384 oonstruotum,
424 1298 732 1384 liegeouharosthori8
755 1301 908 1387 expeoiit3
931 1300 1016 1385 quod
1034 1304 1072 1367 et
1091 1299 1173 1367 faria
1194 1306 1258 1368 ter·
1275 1318 1353 1378 epae

89 1413 136 1478 oia
155 1414 272 1499 pasebe
294 1416 328 1481 in
351 1414 470 1482 bonore
492 1417 594 1482 saneti
609 1415 757 1483 Iohannis
780 1415 919 1502 baptiste
941 1413 1048 1482 debita
1069 1434 1140 1481 eum
1164 1435 1258 1482 aare·

88 1528 208 1596 rodone
222 1529 391 1614 dediderit,
413 1531 606 1598 multumne
628 1533 749 1616 iterque
765 1551 857 1597 mum
873 1531 965 1597 beato
979 1529 1122 1614 Iohanni,
1143 1530 1257 1598 intimo

88 1649 219 1728 petrono
234 1665 302 1728 suo,
318 1646 550 1714 oommendens
619 1646 696 1714 Post
709 1647 778 1729 beo,
795 1650 864 1712 tota
877 1643 1019 1731 paeobsli
1033 1644 1210 1712 ebdomada
1220 1646 1256 1714 ir
1274 1659 1401 1721 epae-o

87 1759 336 1844 possessionibus
362 1760 492 1828 eeclesia
515 1757 723 1845 Sobidingan'
746 1767 779 1828 et
799 1755 1002 1828 bluobuleu⁸⁴
1028 1779 1087 1846 poo
1111 1779 1258 1828 remees·

86 1874 141 1940 riis
163 1875 215 1941 vie
237 1877 417 1962 sumptibus
439 1877 648 1961 aggregmdis
670 1881 852 1963 oooupatue,
875 1875 1031 1960 inignem
1051 1874 1143 1941 illam
1156 1874 1273 1942 suo·

86 1990 136 2057 nie
162 1991 365 2077 metropolim
388 1991 582 2076 magdeburg
611 1993 705 2076 adiit,
735 1991 791 2058 ubi
818 2009 839 2057 a
864 1989 979 2058 dileoto
1007 2011 1064 2058 suo
1086 1989 1256 2077 Noriperto

88 2105 321 2193 mobiepisoopo
342 2107 513 2175 bonoridoe
534 2113 700 2194 suseeptue
722 2112 780 2174 est
888 2115 893 2122 ’

173 2221 236 2288 &d
260 2222 335 2308 qnia
356 2242 483 2309 semper
504 2223 637 2307 gloriam
660 2222 804 2307 sequitur
818 2219 980 2304 emulatio,
1001 2221 1086 2288 idem
1102 2219 1257 2308 arehiepi-

85 2355 208 2422 soopus,
232 2357 363 2404 neonem
386 2358 457 2404 eum
481 2339 521 2406 da
542 2345 609 2406 mm
629 2337 805 2422 longinqua
825 2336 954 2422 ragione
967 2335 1009 2403 ad
1024 2335 1161 2404 nitidum
1183 2357 1257 2422 pre·

85 2452 252 2521 dinationia
275 2455 493 2541 supervenire,
523 2461 555 2523 et
577 2454 698 2541 pudore
721 2459 827 2537 aotue,
854 2454 938 2539 quod
959 2454 1044 2539 ipae,
1072 2452 1257 2520 inuisitato

84 2570 226 2652 gentium
249 2570 455 2636 barbarorum
479 2569 611 2655 positus,
634 2570 680 2637 nil
699 2570 763 2640 telo
778 2568 908 2653 aggredi
930 2567 1185 2653 presumpsisset,
1207 2568 1257 2635 iu·

84 2683 170 2751 vidia
196 2684 396 2768 stimulante,
431 2684 519 2770 pium
547 2686 708 2753 dootorem
736 2682 931 2769 aliquamdiu
957 2682 1119 2749 retardare
1145 2682 1254 2749 voluit

84 2797 144 2866 Sed
168 2802 250 2888 ipae,
277 2798 403 2866 ferrens
426 2800 459 2865 in
483 2800 608 2886 spiritu,
630 2800 813 2867 nullatanus
835 2820 855 2866 a
877 2798 958 2866 bono
980 2798 1144 2885 proposito
1165 2818 1256 2865 revo-

81 2916 146 2981 ouri
173 2914 291 3003 potuit
380 2913 506 3000 ltaque,
534 2916 635 3001 petita
663 2916 703 2983 ab
726 2936 763 2983 ao
791 2914 1024 2997 benedietione,
1054 2918 1183 2999 postero
1204 2912 1256 2978 die

82 3028 339 3115 llabalbergensa
361 3030 556 3117 episcopium
578 3032 690 3117 peoiit3
714 3031 799 3115 quod
821 3036 898 3097 tuno
919 3048 1113 3116 paganorum
1137 3026 1255 3095 mebris

80 3144 316 3214 ineursionibua
337 3146 385 3211 its
406 3146 599 3213 deauuotum
623 3151 705 3229 mot,
727 3152 764 3213 ut
786 3143 951 3213 obrisum
972 3143 1111 3211 nominis
1133 3143 1187 3209 vir
1207 3148 1256 3210 te-

82 3278 159 3329 nues
182 3262 218 3329 iu
241 3282 279 3329 eo
300 3260 434 3345 reliquie
456 3261 677 3329 remanseriut
716 3260 800 3327 Nam
826 3260 899 3347 ipsu
926 3259 978 3327 die
1005 3260 1159 3327 adrentus
1187 3260 1255 3325 eiua

6 3368 12 3375 ’
81 3377 204 3461 duitas,
229 3374 355 3444 vexillis
376 3374 516 3461 undique
537 3374 798 3461 oiroumpositis¹,
820 3375 983 3442 mundam
1005 3374 1092 3461 ydoli
1113 3373 1256 3442 Gororiti

81 3492 210 3559 nomine
232 3490 449 3559 oelebritatem
472 3490 593 3575 apebat.
629 3490 719 3569 Quod
742 3490 791 3556 vir
807 3489 939 3557 Domini
959 3496 996 3557 ut
1016 3490 1164 3574 udvertit,
1185 3510 1255 3557 oor·

81 3606 213 3674 daenes
237 3626 296 3693 pro
319 3605 377 3672 tali
400 3624 507 3675 errore
529 3612 753 3692 oompunotus,
783 3604 871 3671 urbis
892 3605 1001 3671 mania
1020 3606 1144 3689 ingredi
1166 3625 1255 3676 reeu-

80 3724 172 3791 sarit
216 3722 280 3789 Sed
309 3728 382 3790 ante
409 3728 533 3810 portum
560 3722 750 3804 mutuo,
774 3719 1003 3803 witikindum,
1031 3720 1172 3787 eiusdem
1193 3721 1255 3789 looi

80 3838 256 3923 dominum,
280 3838 447 3905 aeoemirit
467 3843 509 3921 ai,
532 3856 588 3904 eur
610 3836 692 3904 bano
706 3835 897 3923 ydolatriam
920 3835 1060 3902 exeroeri
1081 3840 1253 3921 pateretur,

151 3977 281 4027 ama
342 3978 472 4027 bow.
534 3966 918 4034 ebibebalimfiibiutbalenfl.
980 3974 1254 4035 &drompotiitffl

150 4077 176 4130 1.
195 4076 215 4130 l.
228 4089 255 4131 e.
274 4072 441 4129 ablutionem
459 4072 574 4143 pedm
596 4086 669 4141 quae
684 4070 718 4127 fit
735 4072 766 4129 'ru
781 4086 868 4129 ooeus
885 4069 997 4127 Domui
1013 4070 1085 4126 inter
1102 4068 1253 4129 mendam

81 4163 275 4233 autiphonam:
300 4161 474 4233 ,Mandatum
495 4176 596 4217 novom
614 4160 650 4217 do
669 4158 775 4215 vobis“.
804 4160 839 4216 V.
855 4158 966 4217 blissaie
983 4158 1150 4213 Romanum:
1174 4157 1255 4214 Foris

80 4250 175 4319 quinte
198 4250 228 4306 in
254 4264 340 4304 ooeno
362 4248 482 4306 Domini.
588 4250 614 4305 2.
638 4244 796 4317 Reinsdori‚
822 4245 1021 4312 aQueriordio
1044 4244 1080 4309 ed
1103 4244 1253 4299 meridiem.

80 4338 106 4393 3.
128 4338 325 4407 Sobeidungan
349 4339 421 4392 iuter
436 4332 644 4405 baumburgum
670 4338 699 4390 et
719 4333 918 4402 Queriordiam.
1024 4333 1050 4389 4.
1074 4332 1212 4403 lidobeln,
1237 4346 1256 4388 a

80 4424 261 4497 neuburgo
277 4426 348 4483 luter
365 4424 536 4483 oeoidentem
554 4429 583 4481 et
600 4424 750 4482 meridiem.
