<?xml version="1.0" encoding="UTF-8"?>
<!DOCTYPE html PUBLIC "-//W3C//DTD XHTML 1.0 Transitional//EN"
    "http://www.w3.org/TR/xhtml1/DTD/xhtml1-transitional.dtd">
<html xmlns="http://www.w3.org/1999/xhtml" xml:lang="en" lang="en">
 <head>
  <title>
</title>
<meta http-equiv="Content-Type" content="text/html;charset=utf-8" />
  <meta name='ocr-system' content='tesseract 3.04.00' />
  <meta name='ocr-capabilities' content='ocr_page ocr_carea ocr_par ocr_line ocrx_word'/>
</head>
<body>
  <div class='ocr_page' id='page_1' title='image "./bibliothecareru06jaffgoog_0707.png"; bbox 0 0 3142 4850; ppageno 0'>
   <div class='ocr_carea' id='block_1_1' title="bbox 312 288 1210 357">
    <p class='ocr_par' dir='ltr' id='par_1_1' title="bbox 312 288 1210 357">
     <span class='ocr_line' id='line_1_1' title="bbox 312 288 1210 357; baseline 0.003 -3"><span class='ocrx_word' id='word_1_1' title='bbox 312 288 378 354; x_wconf 81' lang='grc'><strong>692</strong></span> <span class='ocrx_word' id='word_1_2' title='bbox 591 306 715 356; x_wconf 80' lang='lat' dir='ltr'><strong>seorsis</strong></span> <span class='ocrx_word' id='word_1_3' title='bbox 736 308 815 355; x_wconf 75' lang='lat' dir='ltr'><strong>vrrs</strong></span> <span class='ocrx_word' id='word_1_4' title='bbox 840 308 997 357; x_wconf 81' lang='lat' dir='ltr'><strong>onuours.</strong></span> <span class='ocrx_word' id='word_1_5' title='bbox 1033 310 1098 355; x_wconf 85' lang='lat' dir='ltr'><strong>um.</strong></span> <span class='ocrx_word' id='word_1_6' title='bbox 1114 310 1153 356; x_wconf 92' lang='lat' dir='ltr'><strong>u1</strong></span> <span class='ocrx_word' id='word_1_7' title='bbox 1176 306 1210 357; x_wconf 83' lang='lat' dir='ltr'><strong>ee</strong></span> 
     </span>
    </p>
   </div>
   <div class='ocr_carea' id='block_1_2' title="bbox 144 464 1483 2285">
    <p class='ocr_par' dir='ltr' id='par_1_2' title="bbox 224 464 1483 1457">
     <span class='ocr_line' id='line_1_2' title="bbox 224 464 1479 553; baseline -0.002 -18"><span class='ocrx_word' id='word_1_8' title='bbox 224 480 293 535; x_wconf 81' lang='lat'><strong>1139</strong></span> <span class='ocrx_word' id='word_1_9' title='bbox 312 464 374 548; x_wconf 80' lang='lat' dir='ltr'><strong>geli</strong></span> <span class='ocrx_word' id='word_1_10' title='bbox 398 465 557 531; x_wconf 88' lang='lat' dir='ltr'><strong>mausoleo</strong></span> <span class='ocrx_word' id='word_1_11' title='bbox 581 485 638 531; x_wconf 89' lang='lat' dir='ltr'><strong>suo</strong></span> <span class='ocrx_word' id='word_1_12' title='bbox 660 467 833 552; x_wconf 89' lang='lat' dir='ltr'><strong>inpositum</strong></span> <span class='ocrx_word' id='word_1_13' title='bbox 864 468 917 553; x_wconf 90' lang='lat' dir='ltr'><strong>pia</strong></span> <span class='ocrx_word' id='word_1_14' title='bbox 940 464 1076 534; x_wconf 84' lang='lat' dir='ltr'><strong>fidelium</strong></span> <span class='ocrx_word' id='word_1_15' title='bbox 1101 467 1270 533; x_wconf 78' lang='lat' dir='ltr'>devocione</span> <span class='ocrx_word' id='word_1_16' title='bbox 1293 486 1332 531; x_wconf 82' lang='lat' dir='ltr'><strong>ex</strong></span> <span class='ocrx_word' id='word_1_17' title='bbox 1354 470 1479 533; x_wconf 83' lang='lat' dir='ltr'><strong>tonost</strong></span> 
     </span>
     <span class='ocr_line' id='line_1_3' title="bbox 312 580 1480 667; baseline 0 -22"><span class='ocrx_word' id='word_1_18' title='bbox 312 580 460 666; x_wconf 89' lang='lat' dir='ltr'><strong>deineeps</strong></span> <span class='ocrx_word' id='word_1_19' title='bbox 483 581 711 667; x_wconf 79' lang='lat' dir='ltr'><strong>frequentatur.</strong></span> <span class='ocrx_word' id='word_1_20' title='bbox 804 582 847 647; x_wconf 87' lang='lat' dir='ltr'><strong>Et</strong></span> <span class='ocrx_word' id='word_1_21' title='bbox 874 602 915 647; x_wconf 90' lang='lat' dir='ltr'><strong>ne</strong></span> <span class='ocrx_word' id='word_1_22' title='bbox 939 583 1014 666; x_wconf 89' lang='lat' dir='ltr'><strong>quid</strong></span> <span class='ocrx_word' id='word_1_23' title='bbox 1043 582 1082 649; x_wconf 89' lang='lat' dir='ltr'><strong>do</strong></span> <span class='ocrx_word' id='word_1_24' title='bbox 1105 582 1226 649; x_wconf 86' lang='lat' dir='ltr'><strong>exuviis</strong></span> <span class='ocrx_word' id='word_1_25' title='bbox 1250 580 1480 665; x_wconf 75' lang='lat' dir='ltr'><strong>vigilantissimi</strong></span> 
     </span>
     <span class='ocr_line' id='line_1_4' title="bbox 312 696 1481 782; baseline 0 -21"><span class='ocrx_word' id='word_1_26' title='bbox 312 696 450 782; x_wconf 84' lang='lat' dir='ltr'><strong>postoris</strong></span> <span class='ocrx_word' id='word_1_27' title='bbox 473 697 586 763; x_wconf 86' lang='lat' dir='ltr'><strong>devoto</strong></span> <span class='ocrx_word' id='word_1_28' title='bbox 615 698 702 781; x_wconf 77' lang='lat' dir='ltr'><strong>gregi</strong></span> <span class='ocrx_word' id='word_1_29' title='bbox 726 697 866 781; x_wconf 75' lang='lat' dir='ltr'><strong>deesset,</strong></span> <span class='ocrx_word' id='word_1_30' title='bbox 896 698 992 765; x_wconf 88' lang='lat' dir='ltr'><strong>etiem</strong></span> <span class='ocrx_word' id='word_1_31' title='bbox 1022 698 1173 765; x_wconf 85' lang='lat' dir='ltr'><strong>intestino</strong></span> <span class='ocrx_word' id='word_1_32' title='bbox 1201 700 1284 779; x_wconf 84' lang='lat' dir='ltr'><strong>eins,</strong></span> <span class='ocrx_word' id='word_1_33' title='bbox 1314 696 1389 762; x_wconf 91' lang='lat' dir='ltr'><strong>dum</strong></span> <span class='ocrx_word' id='word_1_34' title='bbox 1413 716 1481 763; x_wconf 85' lang='lat' dir='ltr'><strong>aro-</strong></span> 
     </span>
     <span class='ocr_line' id='line_1_5' title="bbox 312 812 1481 896; baseline 0.001 -19"><span class='ocrx_word' id='word_1_35' title='bbox 312 812 450 879; x_wconf 87' lang='lat' dir='ltr'><strong>matibus</strong></span> <span class='ocrx_word' id='word_1_36' title='bbox 474 813 692 896; x_wconf 80' lang='lat' dir='ltr'><strong>condirentur,</strong></span> <span class='ocrx_word' id='word_1_37' title='bbox 723 813 830 880; x_wconf 81' lang='lat' dir='ltr'><strong>excisa</strong></span> <span class='ocrx_word' id='word_1_38' title='bbox 858 818 890 879; x_wconf 86' lang='lat' dir='ltr'><strong>ot</strong></span> <span class='ocrx_word' id='word_1_39' title='bbox 913 814 945 878; x_wconf 94' lang='lat' dir='ltr'><strong>in</strong></span> <span class='ocrx_word' id='word_1_40' title='bbox 969 832 1081 879; x_wconf 86' lang='lat' dir='ltr'><strong>urnam</strong></span> <span class='ocrx_word' id='word_1_41' title='bbox 1105 814 1218 896; x_wconf 84' lang='lat' dir='ltr'><strong>missa,</strong></span> <span class='ocrx_word' id='word_1_42' title='bbox 1249 813 1281 879; x_wconf 92' lang='lat' dir='ltr'><strong>iu</strong></span> <span class='ocrx_word' id='word_1_43' title='bbox 1304 812 1409 879; x_wconf 88' lang='lat' dir='ltr'><strong>medio</strong></span> <span class='ocrx_word' id='word_1_44' title='bbox 1431 832 1481 879; x_wconf 90' lang='lat' dir='ltr'><strong>oa·</strong></span> 
     </span>
     <span class='ocr_line' id='line_1_6' title="bbox 312 927 1483 1014; baseline -0.001 -20"><span class='ocrx_word' id='word_1_45' title='bbox 312 928 393 1013; x_wconf 89' lang='lat' dir='ltr'><strong>pelle</strong></span> <span class='ocrx_word' id='word_1_46' title='bbox 422 927 481 995; x_wconf 88' lang='lat' dir='ltr'><strong>Dei</strong></span> <span class='ocrx_word' id='word_1_47' title='bbox 509 928 671 1012; x_wconf 79' lang='lat' dir='ltr'><strong>genitricis</strong></span> <span class='ocrx_word' id='word_1_48' title='bbox 701 935 784 995; x_wconf 88' lang='lat' dir='ltr'><strong>terre</strong></span> <span class='ocrx_word' id='word_1_49' title='bbox 819 929 971 995; x_wconf 87' lang='lat' dir='ltr'><strong>mandata</strong></span> <span class='ocrx_word' id='word_1_50' title='bbox 1001 935 1033 995; x_wconf 88' lang='lat' dir='ltr'><strong>et</strong></span> <span class='ocrx_word' id='word_1_51' title='bbox 1061 928 1196 995; x_wconf 88' lang='lat' dir='ltr'><strong>rotundo</strong></span> <span class='ocrx_word' id='word_1_52' title='bbox 1223 929 1329 1014; x_wconf 90' lang='lat' dir='ltr'><strong>lapide</strong></span> <span class='ocrx_word' id='word_1_53' title='bbox 1360 927 1483 1011; x_wconf 82' lang='lat' dir='ltr'><strong>signata</strong></span> 
     </span>
     <span class='ocr_line' id='line_1_7' title="bbox 312 1042 1483 1127; baseline -0.001 -19"><span class='ocrx_word' id='word_1_54' title='bbox 312 1048 400 1124; x_wconf 85' lang='lat' dir='ltr'><strong>sunt3</strong></span> <span class='ocrx_word' id='word_1_55' title='bbox 424 1050 469 1127; x_wconf 89' lang='lat' dir='ltr'><strong>ut,</strong></span> <span class='ocrx_word' id='word_1_56' title='bbox 494 1045 568 1109; x_wconf 88' lang='lat' dir='ltr'><strong>dum</strong></span> <span class='ocrx_word' id='word_1_57' title='bbox 591 1044 705 1110; x_wconf 84' lang='lat' dir='ltr'><strong>iratres</strong></span> <span class='ocrx_word' id='word_1_58' title='bbox 729 1044 769 1109; x_wconf 85' lang='lat' dir='ltr'><strong>ad</strong></span> <span class='ocrx_word' id='word_1_59' title='bbox 785 1044 973 1111; x_wconf 82' lang='lat' dir='ltr'><strong>celebranda</strong></span> <span class='ocrx_word' id='word_1_60' title='bbox 989 1044 1094 1111; x_wconf 89' lang='lat' dir='ltr'><strong>divine</strong></span> <span class='ocrx_word' id='word_1_61' title='bbox 1109 1044 1270 1111; x_wconf 87' lang='lat' dir='ltr'><strong>servitutis</strong></span> <span class='ocrx_word' id='word_1_62' title='bbox 1286 1044 1395 1109; x_wconf 86' lang='lat' dir='ltr'><strong>munia</strong></span> <span class='ocrx_word' id='word_1_63' title='bbox 1411 1042 1483 1107; x_wconf 87' lang='lat' dir='ltr'><strong>illue</strong></span> 
     </span>
     <span class='ocr_line' id='line_1_8' title="bbox 312 1158 1483 1247; baseline -0.001 -22"><span class='ocrx_word' id='word_1_64' title='bbox 312 1165 404 1225; x_wconf 80' lang='lat' dir='ltr'><strong>noeto</strong></span> <span class='ocrx_word' id='word_1_65' title='bbox 426 1159 539 1244; x_wconf 89' lang='lat' dir='ltr'><strong>dieque</strong></span> <span class='ocrx_word' id='word_1_66' title='bbox 561 1165 739 1244; x_wconf 76' lang='lat' dir='ltr'><strong>aecurrunt,</strong></span> <span class='ocrx_word' id='word_1_67' title='bbox 764 1159 870 1227; x_wconf 89' lang='lat' dir='ltr'><strong>dileoti</strong></span> <span class='ocrx_word' id='word_1_68' title='bbox 894 1161 994 1246; x_wconf 88' lang='lat' dir='ltr'><strong>patris</strong></span> <span class='ocrx_word' id='word_1_69' title='bbox 1018 1160 1199 1227; x_wconf 89' lang='lat' dir='ltr'><strong>memoriam</strong></span> <span class='ocrx_word' id='word_1_70' title='bbox 1227 1180 1284 1247; x_wconf 88' lang='lat' dir='ltr'><strong>pre</strong></span> <span class='ocrx_word' id='word_1_71' title='bbox 1308 1159 1408 1225; x_wconf 90' lang='lat' dir='ltr'><strong>oeulis</strong></span> <span class='ocrx_word' id='word_1_72' title='bbox 1430 1158 1483 1225; x_wconf 88' lang='lat' dir='ltr'><strong>ha-</strong></span> 
     </span>
     <span class='ocr_line' id='line_1_9' title="bbox 312 1273 1483 1362; baseline -0.001 -21"><span class='ocrx_word' id='word_1_73' title='bbox 312 1273 422 1358; x_wconf 85' lang='lat' dir='ltr'><strong>beant,</strong></span> <span class='ocrx_word' id='word_1_74' title='bbox 452 1279 483 1340; x_wconf 86' lang='lat' dir='ltr'><strong>et</strong></span> <span class='ocrx_word' id='word_1_75' title='bbox 514 1274 727 1343; x_wconf 80' lang='lat' dir='ltr'><strong>beatissimam</strong></span> <span class='ocrx_word' id='word_1_76' title='bbox 757 1276 826 1343; x_wconf 90' lang='lat' dir='ltr'><strong>eius</strong></span> <span class='ocrx_word' id='word_1_77' title='bbox 855 1278 994 1343; x_wconf 89' lang='lat' dir='ltr'><strong>animam</strong></span> <span class='ocrx_word' id='word_1_78' title='bbox 1023 1276 1158 1343; x_wconf 86' lang='lat' dir='ltr'><strong>assiduis</strong></span> <span class='ocrx_word' id='word_1_79' title='bbox 1187 1276 1333 1362; x_wconf 79' lang='lat' dir='ltr'><strong>precibus</strong></span> <span class='ocrx_word' id='word_1_80' title='bbox 1363 1276 1398 1341; x_wconf 91' lang='lat' dir='ltr'><strong>iu</strong></span> <span class='ocrx_word' id='word_1_81' title='bbox 1422 1275 1483 1341; x_wconf 82' lang='lat' dir='ltr'><strong>alta</strong></span> 
     </span>
     <span class='ocr_line' id='line_1_10' title="bbox 312 1390 650 1457; baseline 0 -2"><span class='ocrx_word' id='word_1_82' title='bbox 312 1390 449 1456; x_wconf 84' lang='lat' dir='ltr'><strong>selorum</strong></span> <span class='ocrx_word' id='word_1_83' title='bbox 473 1390 650 1457; x_wconf 87' lang='lat' dir='ltr'><strong>sustollant.</strong></span> 
     </span>
    </p>

    <p class='ocr_par' dir='ltr' id='par_1_3' title="bbox 144 1506 1483 2285">
     <span class='ocr_line' id='line_1_11' title="bbox 144 1506 1483 1593; baseline 0.001 -21"><span class='ocrx_word' id='word_1_84' title='bbox 144 1519 297 1573; x_wconf 81' lang='lat'>1139·1146</span> <span class='ocrx_word' id='word_1_85' title='bbox 401 1506 535 1573; x_wconf 88' lang='lat' dir='ltr'><strong>Imbrieo</strong></span> <span class='ocrx_word' id='word_1_86' title='bbox 558 1512 680 1589; x_wconf 66' lang='lat' dir='ltr'><strong>summ,</strong></span> <span class='ocrx_word' id='word_1_87' title='bbox 710 1506 800 1575; x_wconf 88' lang='lat' dir='ltr'><strong>beate</strong></span> <span class='ocrx_word' id='word_1_88' title='bbox 828 1507 1054 1573; x_wconf 88' lang='lat' dir='ltr'><strong>reeordationis</strong></span> <span class='ocrx_word' id='word_1_89' title='bbox 1085 1508 1233 1590; x_wconf 85' lang='lat' dir='ltr'><strong>antistes,</strong></span> <span class='ocrx_word' id='word_1_90' title='bbox 1263 1512 1337 1592; x_wconf 91' lang='lat' dir='ltr'><strong>post</strong></span> <span class='ocrx_word' id='word_1_91' title='bbox 1359 1506 1483 1593; x_wconf 88' lang='lat' dir='ltr'><strong>deposi-</strong></span> 
     </span>
     <span class='ocr_line' id='line_1_12' title="bbox 311 1622 1482 1708; baseline 0 -20"><span class='ocrx_word' id='word_1_92' title='bbox 311 1622 429 1689; x_wconf 83' lang='lat' dir='ltr'><strong>tionem</strong></span> <span class='ocrx_word' id='word_1_93' title='bbox 457 1624 502 1708; x_wconf 93' lang='lat' dir='ltr'><strong>pii</strong></span> <span class='ocrx_word' id='word_1_94' title='bbox 526 1622 651 1689; x_wconf 87' lang='lat' dir='ltr'><strong>Ottonis</strong></span> <span class='ocrx_word' id='word_1_95' title='bbox 674 1622 755 1689; x_wconf 88' lang='lat' dir='ltr'><strong>miro</strong></span> <span class='ocrx_word' id='word_1_96' title='bbox 778 1622 891 1690; x_wconf 80' lang='lat' dir='ltr'><strong>affeetu</strong></span> <span class='ocrx_word' id='word_1_97' title='bbox 915 1630 1052 1691; x_wconf 88' lang='lat' dir='ltr'><strong>montem</strong></span> <span class='ocrx_word' id='word_1_98' title='bbox 1077 1624 1177 1691; x_wconf 88' lang='lat' dir='ltr'><strong>saneti</strong></span> <span class='ocrx_word' id='word_1_99' title='bbox 1201 1622 1364 1690; x_wconf 82' lang='lat' dir='ltr'><strong>Michaelis</strong></span> <span class='ocrx_word' id='word_1_100' title='bbox 1393 1642 1482 1689; x_wconf 84' lang='lat' dir='ltr'><strong>erco-</strong></span> 
     </span>
     <span class='ocr_line' id='line_1_13' title="bbox 310 1737 1482 1825; baseline 0.002 -22"><span class='ocrx_word' id='word_1_101' title='bbox 310 1737 377 1804; x_wconf 90' lang='lat' dir='ltr'><strong>lere</strong></span> <span class='ocrx_word' id='word_1_102' title='bbox 398 1758 462 1803; x_wconf 90' lang='lat' dir='ltr'><strong>non</strong></span> <span class='ocrx_word' id='word_1_103' title='bbox 485 1738 588 1805; x_wconf 78' lang='lat' dir='ltr'><strong>desiit</strong></span> <span class='ocrx_word' id='word_1_104' title='bbox 632 1738 692 1816; x_wconf 84' lang='lat' dir='ltr'><strong>Qui</strong></span> <span class='ocrx_word' id='word_1_105' title='bbox 716 1738 811 1805; x_wconf 87' lang='lat' dir='ltr'><strong>etiam</strong></span> <span class='ocrx_word' id='word_1_106' title='bbox 836 1758 906 1805; x_wconf 88' lang='lat' dir='ltr'><strong>eum</strong></span> <span class='ocrx_word' id='word_1_107' title='bbox 930 1739 1076 1825; x_wconf 85' lang='lat' dir='ltr'><strong>suspiriis</strong></span> <span class='ocrx_word' id='word_1_108' title='bbox 1099 1740 1211 1806; x_wconf 89' lang='lat' dir='ltr'><strong>intime</strong></span> <span class='ocrx_word' id='word_1_109' title='bbox 1234 1740 1482 1825; x_wconf 82' lang='lat' dir='ltr'><strong>componetionis</strong></span> 
     </span>
     <span class='ocr_line' id='line_1_14' title="bbox 312 1853 1482 1938; baseline 0.003 -19"><span class='ocrx_word' id='word_1_110' title='bbox 312 1853 455 1919; x_wconf 85' lang='lat' dir='ltr'><strong>attestari</strong></span> <span class='ocrx_word' id='word_1_111' title='bbox 478 1853 613 1919; x_wconf 89' lang='lat' dir='ltr'><strong>solebat:</strong></span> <span class='ocrx_word' id='word_1_112' title='bbox 643 1874 805 1938; x_wconf 84' lang='lat' dir='ltr'><strong>nunquam</strong></span> <span class='ocrx_word' id='word_1_113' title='bbox 835 1874 869 1921; x_wconf 85' lang='lat' dir='ltr'><strong>ss</strong></span> <span class='ocrx_word' id='word_1_114' title='bbox 897 1859 1019 1921; x_wconf 87' lang='lat' dir='ltr'><strong>tantam</strong></span> <span class='ocrx_word' id='word_1_115' title='bbox 1048 1854 1250 1938; x_wconf 83' lang='lat' dir='ltr'><strong>exequiarum</strong></span> <span class='ocrx_word' id='word_1_116' title='bbox 1280 1854 1415 1938; x_wconf 81' lang='lat' dir='ltr'><strong>gloriam</strong></span> <span class='ocrx_word' id='word_1_117' title='bbox 1439 1855 1482 1921; x_wconf 77' lang='lat' dir='ltr'><strong>si-</strong></span> 
     </span>
     <span class='ocr_line' id='line_1_15' title="bbox 312 1968 1482 2057; baseline 0.002 -22"><span class='ocrx_word' id='word_1_118' title='bbox 312 1968 414 2049; x_wconf 81' lang='lat' dir='ltr'><strong>disso3</strong></span> <span class='ocrx_word' id='word_1_119' title='bbox 439 1968 627 2055; x_wconf 87' lang='lat' dir='ltr'><strong>beatumque</strong></span> <span class='ocrx_word' id='word_1_120' title='bbox 641 1970 934 2053; x_wconf 83' lang='lat' dir='ltr'><strong>Babonbergonsem</strong></span> <span class='ocrx_word' id='word_1_121' title='bbox 959 1969 1121 2057; x_wconf 85' lang='lat' dir='ltr'><strong>populum,</strong></span> <span class='ocrx_word' id='word_1_122' title='bbox 1147 1970 1200 2053; x_wconf 90' lang='lat' dir='ltr'><strong>qui</strong></span> <span class='ocrx_word' id='word_1_123' title='bbox 1216 1990 1251 2037; x_wconf 91' lang='lat' dir='ltr'><strong>re</strong></span> <span class='ocrx_word' id='word_1_124' title='bbox 1265 1992 1343 2037; x_wconf 87' lang='lat' dir='ltr'><strong>vora</strong></span> <span class='ocrx_word' id='word_1_125' title='bbox 1357 1972 1482 2039; x_wconf 86' lang='lat' dir='ltr'><strong>eviden-</strong></span> 
     </span>
     <span class='ocr_line' id='line_1_16' title="bbox 310 2084 1480 2173; baseline 0.002 -22"><span class='ocrx_word' id='word_1_126' title='bbox 310 2084 396 2151; x_wconf 87' lang='lat' dir='ltr'><strong>tibus</strong></span> <span class='ocrx_word' id='word_1_127' title='bbox 419 2104 525 2151; x_wconf 89' lang='lat' dir='ltr'><strong>rerum</strong></span> <span class='ocrx_word' id='word_1_128' title='bbox 547 2086 675 2153; x_wconf 85' lang='lat' dir='ltr'><strong>iudiciis</strong></span> <span class='ocrx_word' id='word_1_129' title='bbox 697 2087 730 2153; x_wconf 92' lang='lat' dir='ltr'><strong>in</strong></span> <span class='ocrx_word' id='word_1_130' title='bbox 754 2086 891 2153; x_wconf 86' lang='lat' dir='ltr'><strong>transitu</strong></span> <span class='ocrx_word' id='word_1_131' title='bbox 914 2086 1050 2172; x_wconf 89' lang='lat' dir='ltr'><strong>pastoris</strong></span> <span class='ocrx_word' id='word_1_132' title='bbox 1074 2086 1122 2151; x_wconf 90' lang='lat' dir='ltr'><strong>sui</strong></span> <span class='ocrx_word' id='word_1_133' title='bbox 1146 2086 1365 2173; x_wconf 74' lang='lat' dir='ltr'><strong>approbasset,</strong></span> <span class='ocrx_word' id='word_1_134' title='bbox 1391 2106 1480 2171; x_wconf 86' lang='lat' dir='ltr'><strong>quam</strong></span> 
     </span>
     <span class='ocr_line' id='line_1_17' title="bbox 311 2198 1150 2285; baseline 0.002 -21"><span class='ocrx_word' id='word_1_135' title='bbox 311 2198 556 2283; x_wconf 79' lang='lat' dir='ltr'><strong>flagrantissimo</strong></span> <span class='ocrx_word' id='word_1_136' title='bbox 581 2221 688 2269; x_wconf 88' lang='lat' dir='ltr'><strong>amore</strong></span> <span class='ocrx_word' id='word_1_137' title='bbox 710 2202 829 2269; x_wconf 83' lang='lat' dir='ltr'><strong>viventi</strong></span> <span class='ocrx_word' id='word_1_138' title='bbox 851 2202 967 2285; x_wconf 78' lang='lat' dir='ltr'><strong>iugiter</strong></span> <span class='ocrx_word' id='word_1_139' title='bbox 990 2202 1150 2269; x_wconf 86' lang='lat' dir='ltr'><strong>inheserit.</strong></span> 
     </span>
    </p>
   </div>
   <div class='ocr_carea' id='block_1_3' title="bbox 0 0 1580 4850">
    <p class='ocr_par' dir='ltr' id='par_1_4' title="bbox 0 0 1580 4850">
     <span class='ocr_line' id='line_1_18' title="bbox 0 0 1580 4850; baseline 0 0"><span class='ocrx_word' id='word_1_140' title='bbox 0 0 1580 4850; x_wconf 95' lang='lat' dir='ltr'><strong> </strong></span> 
     </span>
    </p>
   </div>
  </div>
 </body>
</html>
