<?xml version="1.0" encoding="UTF-8"?>
<!DOCTYPE html PUBLIC "-//W3C//DTD XHTML 1.0 Transitional//EN"
    "http://www.w3.org/TR/xhtml1/DTD/xhtml1-transitional.dtd">
<html xmlns="http://www.w3.org/1999/xhtml" xml:lang="en" lang="en">
 <head>
  <title>
</title>
<meta http-equiv="Content-Type" content="text/html;charset=utf-8" />
  <meta name='ocr-system' content='tesseract 3.04.00' />
  <meta name='ocr-capabilities' content='ocr_page ocr_carea ocr_par ocr_line ocrx_word'/>
</head>
<body>
  <div class='ocr_page' id='page_1' title='image "./bibliothecareru06jaffgoog_0761.png"; bbox 0 0 3142 4850; ppageno 0'>
   <div class='ocr_carea' id='block_1_1' title="bbox 0 0 3 928">
    <p class='ocr_par' dir='ltr' id='par_1_1' title="bbox 0 0 3 928">
     <span class='ocr_line' id='line_1_1' title="bbox 0 0 3 928; baseline 0 0"><span class='ocrx_word' id='word_1_1' title='bbox 0 0 3 928; x_wconf 95' lang='lat' dir='ltr'><strong> </strong></span> 
     </span>
    </p>
   </div>
   <div class='ocr_carea' id='block_1_2' title="bbox 317 293 1215 358">
    <p class='ocr_par' dir='ltr' id='par_1_2' title="bbox 317 293 1215 358">
     <span class='ocr_line' id='line_1_2' title="bbox 317 293 1215 358; baseline 0.002 -2"><span class='ocrx_word' id='word_1_2' title='bbox 317 293 383 357; x_wconf 81' lang='grc'><strong>746</strong></span> <span class='ocrx_word' id='word_1_3' title='bbox 592 308 774 357; x_wconf 71' lang='lat' dir='ltr'><strong>masuam</strong></span> <span class='ocrx_word' id='word_1_4' title='bbox 796 308 978 358; x_wconf 74' lang='lat' dir='ltr'><strong>nonnosus</strong></span> <span class='ocrx_word' id='word_1_5' title='bbox 1013 310 1079 357; x_wconf 80' lang='lat' dir='ltr'><strong>utu.</strong></span> <span class='ocrx_word' id='word_1_6' title='bbox 1096 310 1122 357; x_wconf 90' lang='lat' dir='ltr'><strong>u</strong></span> <span class='ocrx_word' id='word_1_7' title='bbox 1147 308 1215 358; x_wconf 87' lang='lat' dir='ltr'><strong>1-a</strong></span> 
     </span>
    </p>
   </div>
   <div class='ocr_carea' id='block_1_3' title="bbox 314 468 1486 2527">
    <p class='ocr_par' dir='ltr' id='par_1_3' title="bbox 315 468 1486 1347">
     <span class='ocr_line' id='line_1_3' title="bbox 315 468 1483 557; baseline 0.001 -22"><span class='ocrx_word' id='word_1_8' title='bbox 315 469 437 557; x_wconf 87' lang='lat' dir='ltr'><strong>poculis</strong></span> <span class='ocrx_word' id='word_1_9' title='bbox 452 473 485 535; x_wconf 89' lang='lat' dir='ltr'><strong>et</strong></span> <span class='ocrx_word' id='word_1_10' title='bbox 498 469 644 553; x_wconf 84' lang='lat' dir='ltr'><strong>cervisia,</strong></span> <span class='ocrx_word' id='word_1_11' title='bbox 666 469 865 536; x_wconf 86' lang='lat' dir='ltr'><strong>curatissime</strong></span> <span class='ocrx_word' id='word_1_12' title='bbox 880 468 1034 551; x_wconf 84' lang='lat' dir='ltr'><strong>conlecta,</strong></span> <span class='ocrx_word' id='word_1_13' title='bbox 1057 470 1133 535; x_wconf 89' lang='lat' dir='ltr'><strong>vina</strong></span> <span class='ocrx_word' id='word_1_14' title='bbox 1147 474 1300 555; x_wconf 87' lang='lat' dir='ltr'><strong>superant</strong></span> <span class='ocrx_word' id='word_1_15' title='bbox 1313 468 1339 535; x_wconf 91' lang='lat' dir='ltr'>F</span> <span class='ocrx_word' id='word_1_16' title='bbox 1340 468 1483 537; x_wconf 78' lang='lat' dir='ltr'><strong>alemiou</strong></span> 
     </span>
     <span class='ocr_line' id='line_1_4' title="bbox 316 580 1485 672; baseline 0.002 -21"><span class='ocrx_word' id='word_1_17' title='bbox 316 585 378 651; x_wconf 92' lang='lat' dir='ltr'><strong>Sed</strong></span> <span class='ocrx_word' id='word_1_18' title='bbox 405 584 445 650; x_wconf 94' lang='lat' dir='ltr'><strong>de</strong></span> <span class='ocrx_word' id='word_1_19' title='bbox 472 584 522 651; x_wconf 87' lang='lat' dir='ltr'><strong>his</strong></span> <span class='ocrx_word' id='word_1_20' title='bbox 552 584 630 650; x_wconf 86' lang='lat' dir='ltr'><strong>alias</strong></span> <span class='ocrx_word' id='word_1_21' title='bbox 640 580 658 649; x_wconf 88' lang='lat'><strong>¹.</strong></span> <span class='ocrx_word' id='word_1_22' title='bbox 749 584 841 651; x_wconf 87' lang='lat' dir='ltr'><strong>Nunc</strong></span> <span class='ocrx_word' id='word_1_23' title='bbox 863 590 968 651; x_wconf 88' lang='lat' dir='ltr'><strong>autem</strong></span> <span class='ocrx_word' id='word_1_24' title='bbox 994 585 1242 672; x_wconf 87' lang='lat' dir='ltr'><strong>expediendum,</strong></span> <span class='ocrx_word' id='word_1_25' title='bbox 1271 586 1356 671; x_wconf 91' lang='lat' dir='ltr'><strong>quod</strong></span> <span class='ocrx_word' id='word_1_26' title='bbox 1380 586 1485 653; x_wconf 86' lang='lat' dir='ltr'><strong>multis</strong></span> 
     </span>
     <span class='ocr_line' id='line_1_5' title="bbox 315 699 1485 787; baseline 0.001 -20"><span class='ocrx_word' id='word_1_27' title='bbox 315 700 533 767; x_wconf 79' lang='lat' dir='ltr'><strong>ammirationi</strong></span> <span class='ocrx_word' id='word_1_28' title='bbox 548 705 613 766; x_wconf 87' lang='lat' dir='ltr'><strong>est:</strong></span> <span class='ocrx_word' id='word_1_29' title='bbox 631 720 728 783; x_wconf 89' lang='lat' dir='ltr'><strong>quare</strong></span> <span class='ocrx_word' id='word_1_30' title='bbox 745 699 891 767; x_wconf 89' lang='lat' dir='ltr'><strong>videlicet</strong></span> <span class='ocrx_word' id='word_1_31' title='bbox 904 700 938 766; x_wconf 92' lang='lat' dir='ltr'><strong>hi</strong></span> <span class='ocrx_word' id='word_1_32' title='bbox 952 700 1107 785; x_wconf 88' lang='lat' dir='ltr'><strong>homines,</strong></span> <span class='ocrx_word' id='word_1_33' title='bbox 1123 706 1189 767; x_wconf 81' lang='lat' dir='ltr'><strong>turn</strong></span> <span class='ocrx_word' id='word_1_34' title='bbox 1206 701 1315 787; x_wconf 87' lang='lat' dir='ltr'><strong>procul</strong></span> <span class='ocrx_word' id='word_1_35' title='bbox 1330 702 1370 768; x_wconf 89' lang='lat' dir='ltr'><strong>ab</strong></span> <span class='ocrx_word' id='word_1_36' title='bbox 1386 704 1485 769; x_wconf 88' lang='lat' dir='ltr'><strong>orien-</strong></span> 
     </span>
     <span class='ocr_line' id='line_1_6' title="bbox 315 815 1486 903; baseline 0.001 -20"><span class='ocrx_word' id='word_1_37' title='bbox 315 816 373 883; x_wconf 88' lang='lat' dir='ltr'><strong>tali</strong></span> <span class='ocrx_word' id='word_1_38' title='bbox 387 815 523 883; x_wconf 79' lang='lat' dir='ltr'>Francia</span> <span class='ocrx_word' id='word_1_39' title='bbox 544 821 577 882; x_wconf 87' lang='lat' dir='ltr'><strong>et</strong></span> <span class='ocrx_word' id='word_1_40' title='bbox 599 815 886 899; x_wconf 81' lang='lat' dir='ltr'><strong>aBabenbergensi</strong></span> <span class='ocrx_word' id='word_1_41' title='bbox 909 816 1042 883; x_wconf 89' lang='lat' dir='ltr'><strong>ecclesia</strong></span> <span class='ocrx_word' id='word_1_42' title='bbox 1065 818 1162 883; x_wconf 90' lang='lat' dir='ltr'><strong>immo</strong></span> <span class='ocrx_word' id='word_1_43' title='bbox 1185 822 1287 883; x_wconf 87' lang='lat' dir='ltr'><strong>atoto</strong></span> <span class='ocrx_word' id='word_1_44' title='bbox 1310 838 1392 903; x_wconf 88' lang='lat' dir='ltr'><strong>pene</strong></span> <span class='ocrx_word' id='word_1_45' title='bbox 1414 818 1486 885; x_wconf 90' lang='lat' dir='ltr'><strong>orbe</strong></span> 
     </span>
     <span class='ocr_line' id='line_1_7' title="bbox 315 930 1486 1017; baseline 0.003 -19"><span class='ocrx_word' id='word_1_46' title='bbox 315 933 420 1017; x_wconf 86' lang='lat' dir='ltr'><strong>divisi,</strong></span> <span class='ocrx_word' id='word_1_47' title='bbox 443 952 507 999; x_wconf 93' lang='lat' dir='ltr'><strong>nou</strong></span> <span class='ocrx_word' id='word_1_48' title='bbox 530 930 626 998; x_wconf 89' lang='lat' dir='ltr'><strong>alium</strong></span> <span class='ocrx_word' id='word_1_49' title='bbox 651 950 840 1015; x_wconf 86' lang='lat' dir='ltr'><strong>quemquam</strong></span> <span class='ocrx_word' id='word_1_50' title='bbox 864 931 902 998; x_wconf 92' lang='lat' dir='ltr'><strong>de</strong></span> <span class='ocrx_word' id='word_1_51' title='bbox 922 932 1124 999; x_wconf 77' lang='lat' dir='ltr'><strong>vicinioribus</strong></span> <span class='ocrx_word' id='word_1_52' title='bbox 1147 933 1252 1016; x_wconf 83' lang='lat' dir='ltr'><strong>regnis</strong></span> <span class='ocrx_word' id='word_1_53' title='bbox 1275 932 1326 999; x_wconf 91' lang='lat' dir='ltr'><strong>vel</strong></span> <span class='ocrx_word' id='word_1_54' title='bbox 1348 934 1486 1001; x_wconf 86' lang='lat' dir='ltr'><strong>ecclesiis</strong></span> 
     </span>
     <span class='ocr_line' id='line_1_8' title="bbox 315 1046 1485 1135; baseline -0.001 -19"><span class='ocrx_word' id='word_1_55' title='bbox 315 1047 488 1135; x_wconf 82' lang='lat' dir='ltr'><strong>baptistam</strong></span> <span class='ocrx_word' id='word_1_56' title='bbox 515 1052 549 1115; x_wconf 91' lang='lat' dir='ltr'><strong>et</strong></span> <span class='ocrx_word' id='word_1_57' title='bbox 582 1046 829 1133; x_wconf 85' lang='lat' dir='ltr'><strong>predicatorem·</strong></span> <span class='ocrx_word' id='word_1_58' title='bbox 860 1068 954 1132; x_wconf 90' lang='lat' dir='ltr'><strong>quam</strong></span> <span class='ocrx_word' id='word_1_59' title='bbox 982 1048 1274 1131; x_wconf 81' lang='lat' dir='ltr'><strong>Babenbergensem</strong></span> <span class='ocrx_word' id='word_1_60' title='bbox 1303 1050 1485 1135; x_wconf 86' lang='lat' dir='ltr'><strong>episcopum</strong></span> 
     </span>
     <span class='ocr_line' id='line_1_9' title="bbox 315 1162 1486 1251; baseline 0 -20"><span class='ocrx_word' id='word_1_61' title='bbox 315 1164 430 1231; x_wconf 89' lang='lat' dir='ltr'><strong>babere</strong></span> <span class='ocrx_word' id='word_1_62' title='bbox 452 1169 632 1251; x_wconf 88' lang='lat' dir='ltr'><strong>potuerunt.</strong></span> <span class='ocrx_word' id='word_1_63' title='bbox 669 1162 731 1229; x_wconf 89' lang='lat' dir='ltr'><strong>Sed</strong></span> <span class='ocrx_word' id='word_1_64' title='bbox 755 1163 806 1230; x_wconf 90' lang='lat' dir='ltr'><strong>bic</strong></span> <span class='ocrx_word' id='word_1_65' title='bbox 826 1164 946 1231; x_wconf 88' lang='lat' dir='ltr'><strong>fructus</strong></span> <span class='ocrx_word' id='word_1_66' title='bbox 970 1163 1009 1230; x_wconf 89' lang='lat' dir='ltr'><strong>ad</strong></span> <span class='ocrx_word' id='word_1_67' title='bbox 1032 1165 1261 1232; x_wconf 88' lang='lat' dir='ltr'><strong>incrementum</strong></span> <span class='ocrx_word' id='word_1_68' title='bbox 1285 1165 1486 1232; x_wconf 85' lang='lat' dir='ltr'><strong>beatitudinis</strong></span> 
     </span>
     <span class='ocr_line' id='line_1_10' title="bbox 315 1280 823 1347; baseline -0.002 -1"><span class='ocrx_word' id='word_1_69' title='bbox 315 1281 382 1347; x_wconf 90' lang='lat' dir='ltr'><strong>eius</strong></span> <span class='ocrx_word' id='word_1_70' title='bbox 406 1301 425 1346; x_wconf 89' lang='lat' dir='ltr'><strong>a</strong></span> <span class='ocrx_word' id='word_1_71' title='bbox 447 1280 514 1347; x_wconf 89' lang='lat' dir='ltr'><strong>Deo</strong></span> <span class='ocrx_word' id='word_1_72' title='bbox 537 1280 585 1346; x_wconf 93' lang='lat' dir='ltr'><strong>illi</strong></span> <span class='ocrx_word' id='word_1_73' title='bbox 608 1280 743 1347; x_wconf 88' lang='lat' dir='ltr'><strong>donatus</strong></span> <span class='ocrx_word' id='word_1_74' title='bbox 766 1285 823 1346; x_wconf 86' lang='lat' dir='ltr'><strong>est.</strong></span> 
     </span>
    </p>

    <p class='ocr_par' dir='ltr' id='par_1_4' title="bbox 314 1395 1486 1696">
     <span class='ocr_line' id='line_1_11' title="bbox 404 1395 1486 1481; baseline 0 -18"><span class='ocrx_word' id='word_1_75' title='bbox 404 1397 550 1464; x_wconf 83' lang='lat' dir='ltr'><strong>Tiumo:</strong></span> <span class='ocrx_word' id='word_1_76' title='bbox 574 1399 606 1462; x_wconf 84' lang='lat' dir='ltr'><strong><em>A</em></strong></span> <span class='ocrx_word' id='word_1_77' title='bbox 622 1399 762 1463; x_wconf 80' lang='lat' dir='ltr'><strong>Domino</strong></span> <span class='ocrx_word' id='word_1_78' title='bbox 786 1395 919 1479; x_wconf 81' lang='lat' dir='ltr'><strong>iuquit</strong></span> <span class='ocrx_word' id='word_1_79' title='bbox 936 1396 1065 1481; x_wconf 79' lang='lat' dir='ltr'><strong>suctum</strong></span> <span class='ocrx_word' id='word_1_80' title='bbox 1088 1409 1132 1463; x_wconf 84' lang='lat' dir='ltr'><strong>eet</strong></span> <span class='ocrx_word' id='word_1_81' title='bbox 1153 1399 1249 1478; x_wconf 62' lang='lat' dir='ltr'><strong>estred,</strong></span> <span class='ocrx_word' id='word_1_82' title='bbox 1273 1410 1301 1463; x_wconf 84' lang='lat' dir='ltr'><strong>et</strong></span> <span class='ocrx_word' id='word_1_83' title='bbox 1324 1411 1368 1463; x_wconf 82' lang='lat' dir='ltr'><strong>est</strong></span> <span class='ocrx_word' id='word_1_84' title='bbox 1391 1402 1486 1463; x_wconf 83' lang='lat' dir='ltr'><strong>miru-</strong></span> 
     </span>
     <span class='ocr_line' id='line_1_12' title="bbox 315 1509 1485 1597; baseline 0 -18"><span class='ocrx_word' id='word_1_85' title='bbox 315 1514 377 1579; x_wconf 70' lang='lat' dir='ltr'><strong>eeu</strong></span> <span class='ocrx_word' id='word_1_86' title='bbox 398 1518 433 1579; x_wconf 79' lang='lat' dir='ltr'><strong>ia</strong></span> <span class='ocrx_word' id='word_1_87' title='bbox 455 1515 554 1579; x_wconf 72' lang='lat' dir='ltr'><strong>oerclb</strong></span> <span class='ocrx_word' id='word_1_88' title='bbox 576 1509 722 1578; x_wconf 55' lang='lat' dir='ltr'><strong>nomast</strong></span> <span class='ocrx_word' id='word_1_89' title='bbox 757 1510 857 1595; x_wconf 82' lang='lat' dir='ltr'>Unde,</span> <span class='ocrx_word' id='word_1_90' title='bbox 882 1531 1018 1597; x_wconf 91' lang='lat' dir='ltr'><strong>quonam</strong></span> <span class='ocrx_word' id='word_1_91' title='bbox 1042 1512 1075 1577; x_wconf 93' lang='lat' dir='ltr'><strong>id</strong></span> <span class='ocrx_word' id='word_1_92' title='bbox 1093 1511 1203 1579; x_wconf 91' lang='lat' dir='ltr'><strong>ordine</strong></span> <span class='ocrx_word' id='word_1_93' title='bbox 1220 1512 1339 1579; x_wconf 85' lang='lat' dir='ltr'><strong>fuctum</strong></span> <span class='ocrx_word' id='word_1_94' title='bbox 1355 1514 1408 1597; x_wconf 82' lang='lat' dir='ltr'><strong>sit,</strong></span> <span class='ocrx_word' id='word_1_95' title='bbox 1431 1534 1485 1579; x_wconf 85' lang='lat' dir='ltr'><strong>uos</strong></span> 
     </span>
     <span class='ocr_line' id='line_1_13' title="bbox 314 1628 592 1696; baseline 0 -1"><span class='ocrx_word' id='word_1_96' title='bbox 314 1628 425 1695; x_wconf 87' lang='lat' dir='ltr'><strong>audire</strong></span> <span class='ocrx_word' id='word_1_97' title='bbox 447 1628 592 1696; x_wconf 88' lang='lat' dir='ltr'><strong>delectat.</strong></span> 
     </span>
    </p>

    <p class='ocr_par' dir='ltr' id='par_1_5' title="bbox 315 1742 1485 1946">
     <span class='ocr_line' id='line_1_14' title="bbox 403 1742 1485 1829; baseline 0 -18"><span class='ocrx_word' id='word_1_98' title='bbox 403 1744 454 1811; x_wconf 85' lang='lat' dir='ltr'><strong>At</strong></span> <span class='ocrx_word' id='word_1_99' title='bbox 475 1744 560 1811; x_wconf 90' lang='lat' dir='ltr'><strong>ille:</strong></span> <span class='ocrx_word' id='word_1_100' title='bbox 584 1744 665 1809; x_wconf 85' lang='lat' dir='ltr'><strong>Are</strong></span> <span class='ocrx_word' id='word_1_101' title='bbox 687 1743 819 1827; x_wconf 90' lang='lat' dir='ltr'><strong>inquit</strong></span> <span class='ocrx_word' id='word_1_102' title='bbox 840 1742 1004 1829; x_wconf 89' lang='lat' dir='ltr'><strong>paululum</strong></span> <span class='ocrx_word' id='word_1_103' title='bbox 1020 1744 1259 1827; x_wconf 81' lang='lat' dir='ltr'><strong>digrediendum</strong></span> <span class='ocrx_word' id='word_1_104' title='bbox 1275 1748 1334 1827; x_wconf 84' lang='lat' dir='ltr'><strong>est,</strong></span> <span class='ocrx_word' id='word_1_105' title='bbox 1357 1749 1395 1811; x_wconf 90' lang='lat' dir='ltr'><strong>ut</strong></span> <span class='ocrx_word' id='word_1_106' title='bbox 1416 1764 1485 1811; x_wconf 87' lang='lat' dir='ltr'><strong>cou-</strong></span> 
     </span>
     <span class='ocr_line' id='line_1_15' title="bbox 315 1860 1394 1946; baseline -0.001 -19"><span class='ocrx_word' id='word_1_107' title='bbox 315 1862 509 1927; x_wconf 86' lang='lat' dir='ltr'><strong>eurrentium</strong></span> <span class='ocrx_word' id='word_1_108' title='bbox 532 1879 697 1926; x_wconf 86' lang='lat' dir='ltr'><strong>causarum</strong></span> <span class='ocrx_word' id='word_1_109' title='bbox 721 1864 853 1925; x_wconf 89' lang='lat' dir='ltr'><strong>eventus</strong></span> <span class='ocrx_word' id='word_1_110' title='bbox 877 1863 908 1925; x_wconf 90' lang='lat' dir='ltr'><strong>et</strong></span> <span class='ocrx_word' id='word_1_111' title='bbox 931 1860 1074 1927; x_wconf 83' lang='lat' dir='ltr'><strong>ordinem</strong></span> <span class='ocrx_word' id='word_1_112' title='bbox 1096 1861 1216 1946; x_wconf 90' lang='lat' dir='ltr'><strong>possim</strong></span> <span class='ocrx_word' id='word_1_113' title='bbox 1239 1860 1394 1943; x_wconf 74' lang='lat' dir='ltr'><strong>digerere.</strong></span> 
     </span>
    </p>

    <p class='ocr_par' dir='ltr' id='par_1_6' title="bbox 315 1974 1484 2527">
     <span class='ocr_line' id='line_1_16' title="bbox 405 1974 1484 2062; baseline 0.001 -20"><span class='ocrx_word' id='word_1_114' title='bbox 405 1978 435 2043; x_wconf 76' lang='lat'><strong>2.</strong></span> <span class='ocrx_word' id='word_1_115' title='bbox 472 1976 642 2062; x_wconf 82' lang='lat' dir='ltr'><strong>Tempore,</strong></span> <span class='ocrx_word' id='word_1_116' title='bbox 672 1994 733 2059; x_wconf 92' lang='lat' dir='ltr'><strong>quo</strong></span> <span class='ocrx_word' id='word_1_117' title='bbox 757 1975 903 2041; x_wconf 91' lang='lat' dir='ltr'><strong>domiuus</strong></span> <span class='ocrx_word' id='word_1_118' title='bbox 926 1995 1016 2042; x_wconf 91' lang='lat' dir='ltr'><strong>meus</strong></span> <span class='ocrx_word' id='word_1_119' title='bbox 1038 1974 1331 2059; x_wconf 83' lang='lat' dir='ltr'><strong>Babenbergensem</strong></span> <span class='ocrx_word' id='word_1_120' title='bbox 1360 1976 1484 2060; x_wconf 80' lang='lat' dir='ltr'><strong>regebat</strong></span> 
     </span>
     <span class='ocr_line' id='line_1_17' title="bbox 315 2086 1484 2179; baseline 0.001 -21"><span class='ocrx_word' id='word_1_121' title='bbox 315 2092 490 2174; x_wconf 87' lang='lat' dir='ltr'><strong>ecclesium,</strong></span> <span class='ocrx_word' id='word_1_122' title='bbox 512 2086 705 2173; x_wconf 81' lang='lat' dir='ltr'><strong>Bolezlaus³,</strong></span> <span class='ocrx_word' id='word_1_123' title='bbox 728 2092 779 2156; x_wconf 91' lang='lat' dir='ltr'><strong>vir</strong></span> <span class='ocrx_word' id='word_1_124' title='bbox 795 2096 964 2158; x_wconf 89' lang='lat' dir='ltr'><strong>strennuus</strong></span> <span class='ocrx_word' id='word_1_125' title='bbox 981 2096 1013 2158; x_wconf 91' lang='lat' dir='ltr'><strong>et</strong></span> <span class='ocrx_word' id='word_1_126' title='bbox 1036 2092 1174 2177; x_wconf 91' lang='lat' dir='ltr'><strong>prudens</strong></span> <span class='ocrx_word' id='word_1_127' title='bbox 1197 2097 1229 2157; x_wconf 91' lang='lat' dir='ltr'><strong>et</strong></span> <span class='ocrx_word' id='word_1_128' title='bbox 1242 2092 1379 2175; x_wconf 80' lang='lat' dir='ltr'><strong>ingenue</strong></span> <span class='ocrx_word' id='word_1_129' title='bbox 1396 2099 1484 2179; x_wconf 87' lang='lat' dir='ltr'><strong>atque</strong></span> 
     </span>
     <span class='ocr_line' id='line_1_18' title="bbox 316 2206 1481 2291; baseline 0 -16"><span class='ocrx_word' id='word_1_130' title='bbox 316 2209 400 2275; x_wconf 89' lang='lat' dir='ltr'><strong>avite</strong></span> <span class='ocrx_word' id='word_1_131' title='bbox 422 2207 595 2273; x_wconf 79' lang='lat' dir='ltr'><strong>nobilitatis</strong></span> <span class='ocrx_word' id='word_1_132' title='bbox 616 2207 728 2273; x_wconf 89' lang='lat' dir='ltr'><strong>decore</strong></span> <span class='ocrx_word' id='word_1_133' title='bbox 750 2206 893 2291; x_wconf 71' lang='lat' dir='ltr'><strong>illusorie,</strong></span> <span class='ocrx_word' id='word_1_134' title='bbox 917 2208 1066 2273; x_wconf 90' lang='lat' dir='ltr'><strong>ducatum</strong></span> <span class='ocrx_word' id='word_1_135' title='bbox 1082 2207 1212 2274; x_wconf 90' lang='lat' dir='ltr'><strong>Polonie</strong></span> <span class='ocrx_word' id='word_1_136' title='bbox 1235 2208 1481 2277; x_wconf 73' lang='lat' dir='ltr'><strong>administrabat</strong></span> 
     </span>
     <span class='ocr_line' id='line_1_19' title="bbox 316 2321 1484 2408; baseline 0.002 -19"><span class='ocrx_word' id='word_1_137' title='bbox 316 2321 474 2403; x_wconf 87' lang='lat' dir='ltr'><strong>Quidum</strong></span> <span class='ocrx_word' id='word_1_138' title='bbox 497 2322 549 2389; x_wconf 64' lang='lat' dir='ltr'><strong>sel</strong></span> <span class='ocrx_word' id='word_1_139' title='bbox 572 2323 717 2406; x_wconf 73' lang='lat' dir='ltr'><strong>gnaviter</strong></span> <span class='ocrx_word' id='word_1_140' title='bbox 738 2343 777 2389; x_wconf 89' lang='lat' dir='ltr'><strong>ao</strong></span> <span class='ocrx_word' id='word_1_141' title='bbox 799 2323 929 2408; x_wconf 83' lang='lat' dir='ltr'><strong>provide</strong></span> <span class='ocrx_word' id='word_1_142' title='bbox 952 2328 1084 2407; x_wconf 83' lang='lat' dir='ltr'><strong>gereret,</strong></span> <span class='ocrx_word' id='word_1_143' title='bbox 1109 2344 1216 2390; x_wconf 91' lang='lat' dir='ltr'><strong>omues</strong></span> <span class='ocrx_word' id='word_1_144' title='bbox 1240 2328 1324 2391; x_wconf 88' lang='lat' dir='ltr'><strong>terre</strong></span> <span class='ocrx_word' id='word_1_145' title='bbox 1346 2344 1404 2389; x_wconf 90' lang='lat' dir='ltr'><strong>sue</strong></span> <span class='ocrx_word' id='word_1_146' title='bbox 1426 2330 1484 2391; x_wconf 86' lang='lat' dir='ltr'><strong>ter·</strong></span> 
     </span>
     <span class='ocr_line' id='line_1_20' title="bbox 315 2439 1484 2527; baseline 0.001 -20"><span class='ocrx_word' id='word_1_147' title='bbox 315 2440 429 2526; x_wconf 90' lang='lat' dir='ltr'><strong>minos,</strong></span> <span class='ocrx_word' id='word_1_148' title='bbox 452 2441 511 2508; x_wconf 89' lang='lat' dir='ltr'><strong>sub</strong></span> <span class='ocrx_word' id='word_1_149' title='bbox 526 2439 800 2527; x_wconf 86' lang='lat' dir='ltr'><strong>predecessoribus</strong></span> <span class='ocrx_word' id='word_1_150' title='bbox 816 2441 881 2506; x_wconf 90' lang='lat' dir='ltr'><strong>suis</strong></span> <span class='ocrx_word' id='word_1_151' title='bbox 897 2441 1034 2507; x_wconf 89' lang='lat' dir='ltr'><strong>hostium</strong></span> <span class='ocrx_word' id='word_1_152' title='bbox 1051 2439 1200 2508; x_wconf 88' lang='lat' dir='ltr'><strong>violentia</strong></span> <span class='ocrx_word' id='word_1_153' title='bbox 1216 2441 1344 2506; x_wconf 87' lang='lat' dir='ltr'><strong>invasos</strong></span> <span class='ocrx_word' id='word_1_154' title='bbox 1362 2447 1396 2508; x_wconf 89' lang='lat' dir='ltr'><strong>et</strong></span> <span class='ocrx_word' id='word_1_155' title='bbox 1417 2461 1484 2527; x_wconf 83' lang='lat' dir='ltr'><strong>per-</strong></span> 
     </span>
    </p>
   </div>
   <div class='ocr_carea' id='block_1_4' title="bbox 193 2554 1485 2643">
    <p class='ocr_par' dir='ltr' id='par_1_7' title="bbox 193 2554 1485 2643">
     <span class='ocr_line' id='line_1_21' title="bbox 193 2554 1485 2643; baseline -0.002 -19"><span class='ocrx_word' id='word_1_156' title='bbox 193 2554 198 2563; x_wconf 82' lang='lat'><em>&#39;</em></span> <span class='ocrx_word' id='word_1_157' title='bbox 315 2557 472 2642; x_wconf 88' lang='lat' dir='ltr'><strong>turbatos,</strong></span> <span class='ocrx_word' id='word_1_158' title='bbox 503 2562 535 2624; x_wconf 92' lang='lat' dir='ltr'><strong>et</strong></span> <span class='ocrx_word' id='word_1_159' title='bbox 562 2563 667 2623; x_wconf 86' lang='lat' dir='ltr'><strong>cestra</strong></span> <span class='ocrx_word' id='word_1_160' title='bbox 696 2557 851 2643; x_wconf 88' lang='lat' dir='ltr'><strong>urbesque</strong></span> <span class='ocrx_word' id='word_1_161' title='bbox 881 2576 980 2622; x_wconf 89' lang='lat' dir='ltr'><strong>asua</strong></span> <span class='ocrx_word' id='word_1_162' title='bbox 1009 2560 1164 2643; x_wconf 77' lang='lat' dir='ltr'><strong>potestate</strong></span> <span class='ocrx_word' id='word_1_163' title='bbox 1192 2555 1363 2622; x_wconf 77' lang='lat' dir='ltr'><strong>alienatas⁰</strong></span> <span class='ocrx_word' id='word_1_164' title='bbox 1393 2576 1485 2622; x_wconf 82' lang='lat' dir='ltr'><strong>mauu</strong></span> 
     </span>
    </p>
   </div>
   <div class='ocr_carea' id='block_1_5' title="bbox 315 2671 1488 4150">
    <p class='ocr_par' dir='ltr' id='par_1_8' title="bbox 315 2671 1488 3687">
     <span class='ocr_line' id='line_1_22' title="bbox 315 2671 1484 2760; baseline -0.002 -19"><span class='ocrx_word' id='word_1_165' title='bbox 315 2674 446 2741; x_wconf 88' lang='lat' dir='ltr'><strong>robusta</strong></span> <span class='ocrx_word' id='word_1_166' title='bbox 468 2693 654 2760; x_wconf 86' lang='lat' dir='ltr'><strong>recuperare</strong></span> <span class='ocrx_word' id='word_1_167' title='bbox 676 2673 843 2759; x_wconf 77' lang='lat' dir='ltr'><strong>prevaluit.</strong></span> <span class='ocrx_word' id='word_1_168' title='bbox 880 2671 1021 2758; x_wconf 84' lang='lat' dir='ltr'><strong>Cumque</strong></span> <span class='ocrx_word' id='word_1_169' title='bbox 1044 2672 1171 2738; x_wconf 91' lang='lat' dir='ltr'><strong>bellicos</strong></span> <span class='ocrx_word' id='word_1_170' title='bbox 1195 2677 1282 2738; x_wconf 88' lang='lat' dir='ltr'><strong>actus</strong></span> <span class='ocrx_word' id='word_1_171' title='bbox 1307 2691 1381 2738; x_wconf 88' lang='lat' dir='ltr'><strong>suos</strong></span> <span class='ocrx_word' id='word_1_172' title='bbox 1405 2673 1484 2740; x_wconf 81' lang='lat' dir='ltr'><strong>felici</strong></span> 
     </span>
     <span class='ocr_line' id='line_1_23' title="bbox 316 2784 1485 2877; baseline -0.002 -21"><span class='ocrx_word' id='word_1_173' title='bbox 316 2791 404 2857; x_wconf 81' lang='lat' dir='ltr'><strong>exitu</strong></span> <span class='ocrx_word' id='word_1_174' title='bbox 427 2810 502 2877; x_wconf 92' lang='lat' dir='ltr'><strong>sepe</strong></span> <span class='ocrx_word' id='word_1_175' title='bbox 524 2784 712 2876; x_wconf 87' lang='lat' dir='ltr'><strong>prosperari</strong></span> <span class='ocrx_word' id='word_1_176' title='bbox 728 2789 849 2856; x_wconf 90' lang='lat' dir='ltr'><strong>videret</strong></span> <span class='ocrx_word' id='word_1_177' title='bbox 864 2825 904 2834; x_wconf 89' lang='lat'>-</span> <span class='ocrx_word' id='word_1_178' title='bbox 923 2809 998 2872; x_wconf 83' lang='lat' dir='ltr'><strong>erga</strong></span> <span class='ocrx_word' id='word_1_179' title='bbox 1013 2787 1116 2855; x_wconf 92' lang='lat' dir='ltr'><strong>Deum</strong></span> <span class='ocrx_word' id='word_1_180' title='bbox 1140 2787 1277 2873; x_wconf 88' lang='lat' dir='ltr'><strong>quidem,</strong></span> <span class='ocrx_word' id='word_1_181' title='bbox 1302 2809 1405 2873; x_wconf 89' lang='lat' dir='ltr'><strong>aquo</strong></span> <span class='ocrx_word' id='word_1_182' title='bbox 1428 2789 1485 2856; x_wconf 89' lang='lat' dir='ltr'><strong>sibi</strong></span> 
     </span>
     <span class='ocr_line' id='line_1_24' title="bbox 316 2904 1486 2992; baseline -0.001 -21"><span class='ocrx_word' id='word_1_183' title='bbox 316 2906 436 2973; x_wconf 89' lang='lat' dir='ltr'><strong>sciebat</strong></span> <span class='ocrx_word' id='word_1_184' title='bbox 457 2905 594 2992; x_wconf 89' lang='lat' dir='ltr'><strong>prestari</strong></span> <span class='ocrx_word' id='word_1_185' title='bbox 617 2905 792 2989; x_wconf 90' lang='lat' dir='ltr'><strong>victoriam,</strong></span> <span class='ocrx_word' id='word_1_186' title='bbox 816 2904 963 2972; x_wconf 88' lang='lat' dir='ltr'><strong>humilior</strong></span> <span class='ocrx_word' id='word_1_187' title='bbox 987 2909 1081 2990; x_wconf 89' lang='lat' dir='ltr'><strong>atque</strong></span> <span class='ocrx_word' id='word_1_188' title='bbox 1104 2904 1260 2989; x_wconf 90' lang='lat' dir='ltr'><strong>devocior,</strong></span> <span class='ocrx_word' id='word_1_189' title='bbox 1283 2924 1361 2988; x_wconf 85' lang='lat' dir='ltr'><strong>erga</strong></span> <span class='ocrx_word' id='word_1_190' title='bbox 1383 2905 1486 2971; x_wconf 88' lang='lat' dir='ltr'><strong>hostes</strong></span> 
     </span>
     <span class='ocr_line' id='line_1_25' title="bbox 315 3021 1487 3106; baseline -0.001 -19"><span class='ocrx_word' id='word_1_191' title='bbox 315 3042 391 3089; x_wconf 91' lang='lat' dir='ltr'><strong>vero</strong></span> <span class='ocrx_word' id='word_1_192' title='bbox 414 3022 548 3089; x_wconf 81' lang='lat' dir='ltr'><strong>erectior</strong></span> <span class='ocrx_word' id='word_1_193' title='bbox 567 3026 662 3106; x_wconf 88' lang='lat' dir='ltr'><strong>atque</strong></span> <span class='ocrx_word' id='word_1_194' title='bbox 683 3021 856 3087; x_wconf 88' lang='lat' dir='ltr'><strong>animosior</strong></span> <span class='ocrx_word' id='word_1_195' title='bbox 870 3021 971 3088; x_wconf 87' lang='lat' dir='ltr'><strong>factus</strong></span> <span class='ocrx_word' id='word_1_196' title='bbox 988 3055 1029 3066; x_wconf 86' lang='lat'>-</span> <span class='ocrx_word' id='word_1_197' title='bbox 1046 3027 1155 3086; x_wconf 89' lang='lat' dir='ltr'><strong>mutua</strong></span> <span class='ocrx_word' id='word_1_198' title='bbox 1170 3021 1237 3087; x_wconf 89' lang='lat' dir='ltr'><strong>vice</strong></span> <span class='ocrx_word' id='word_1_199' title='bbox 1259 3021 1414 3087; x_wconf 89' lang='lat' dir='ltr'><strong>terminos</strong></span> <span class='ocrx_word' id='word_1_200' title='bbox 1437 3040 1487 3088; x_wconf 92' lang='lat' dir='ltr'><strong>eo—</strong></span> 
     </span>
     <span class='ocr_line' id='line_1_26' title="bbox 316 3136 1488 3223; baseline -0.002 -19"><span class='ocrx_word' id='word_1_201' title='bbox 316 3158 386 3204; x_wconf 91' lang='lat' dir='ltr'><strong>rum</strong></span> <span class='ocrx_word' id='word_1_202' title='bbox 409 3138 492 3204; x_wconf 80' lang='lat' dir='ltr'><strong>ferro</strong></span> <span class='ocrx_word' id='word_1_203' title='bbox 516 3143 548 3204; x_wconf 94' lang='lat' dir='ltr'><strong>et</strong></span> <span class='ocrx_word' id='word_1_204' title='bbox 570 3138 644 3220; x_wconf 77' lang='lat' dir='ltr'><strong>igne</strong></span> <span class='ocrx_word' id='word_1_205' title='bbox 666 3141 856 3223; x_wconf 82' lang='lat' dir='ltr'><strong>attemptare</strong></span> <span class='ocrx_word' id='word_1_206' title='bbox 880 3137 1056 3223; x_wconf 83' lang='lat' dir='ltr'><strong>predaeque</strong></span> <span class='ocrx_word' id='word_1_207' title='bbox 1079 3141 1110 3203; x_wconf 89' lang='lat' dir='ltr'><strong>et</strong></span> <span class='ocrx_word' id='word_1_208' title='bbox 1125 3136 1289 3204; x_wconf 85' lang='lat' dir='ltr'><strong>manubias</strong></span> <span class='ocrx_word' id='word_1_209' title='bbox 1305 3137 1488 3221; x_wconf 88' lang='lat' dir='ltr'><strong>frequenter</strong></span> 
     </span>
     <span class='ocr_line' id='line_1_27' title="bbox 317 3252 1488 3339; baseline -0.001 -18"><span class='ocrx_word' id='word_1_210' title='bbox 317 3253 500 3321; x_wconf 86' lang='lat' dir='ltr'><strong>abstrahere</strong></span> <span class='ocrx_word' id='word_1_211' title='bbox 522 3258 555 3320; x_wconf 91' lang='lat' dir='ltr'><strong>et</strong></span> <span class='ocrx_word' id='word_1_212' title='bbox 572 3273 723 3339; x_wconf 88' lang='lat' dir='ltr'><strong>personas</strong></span> <span class='ocrx_word' id='word_1_213' title='bbox 738 3253 901 3339; x_wconf 86' lang='lat' dir='ltr'><strong>captivare</strong></span> <span class='ocrx_word' id='word_1_214' title='bbox 917 3252 1052 3335; x_wconf 85' lang='lat' dir='ltr'><strong>solebat3</strong></span> <span class='ocrx_word' id='word_1_215' title='bbox 1076 3271 1248 3337; x_wconf 84' lang='lat' dir='ltr'><strong>quousque,</strong></span> <span class='ocrx_word' id='word_1_216' title='bbox 1272 3253 1411 3320; x_wconf 84' lang='lat' dir='ltr'><strong>assiduis</strong></span> <span class='ocrx_word' id='word_1_217' title='bbox 1426 3253 1488 3320; x_wconf 82' lang='lat' dir='ltr'><strong>cla·</strong></span> 
     </span>
     <span class='ocr_line' id='line_1_28' title="bbox 317 3368 1488 3456; baseline 0 -20"><span class='ocrx_word' id='word_1_218' title='bbox 317 3369 409 3438; x_wconf 88' lang='lat' dir='ltr'><strong>dibus</strong></span> <span class='ocrx_word' id='word_1_219' title='bbox 431 3389 469 3436; x_wconf 89' lang='lat' dir='ltr'><strong>ao</strong></span> <span class='ocrx_word' id='word_1_220' title='bbox 484 3375 605 3436; x_wconf 88' lang='lat' dir='ltr'><strong>terrore</strong></span> <span class='ocrx_word' id='word_1_221' title='bbox 619 3369 781 3452; x_wconf 80' lang='lat' dir='ltr'><strong>confracti,</strong></span> <span class='ocrx_word' id='word_1_222' title='bbox 806 3368 913 3436; x_wconf 91' lang='lat' dir='ltr'><strong>multis</strong></span> <span class='ocrx_word' id='word_1_223' title='bbox 930 3369 1088 3454; x_wconf 87' lang='lat' dir='ltr'><strong>obsequiis</strong></span> <span class='ocrx_word' id='word_1_224' title='bbox 1111 3374 1143 3435; x_wconf 88' lang='lat' dir='ltr'><strong>et</strong></span> <span class='ocrx_word' id='word_1_225' title='bbox 1158 3368 1312 3436; x_wconf 91' lang='lat' dir='ltr'><strong>donorum</strong></span> <span class='ocrx_word' id='word_1_226' title='bbox 1334 3369 1488 3456; x_wconf 83' lang='lat' dir='ltr'><strong>impensis</strong></span> 
     </span>
     <span class='ocr_line' id='line_1_29' title="bbox 317 3483 1488 3572; baseline 0 -20"><span class='ocrx_word' id='word_1_227' title='bbox 317 3486 458 3552; x_wconf 91' lang='lat' dir='ltr'><strong>animum</strong></span> <span class='ocrx_word' id='word_1_228' title='bbox 481 3486 549 3552; x_wconf 88' lang='lat' dir='ltr'><strong>eius</strong></span> <span class='ocrx_word' id='word_1_229' title='bbox 572 3483 749 3569; x_wconf 91' lang='lat' dir='ltr'><strong>delinirent,</strong></span> <span class='ocrx_word' id='word_1_230' title='bbox 774 3484 919 3569; x_wconf 87' lang='lat' dir='ltr'><strong>datisque</strong></span> <span class='ocrx_word' id='word_1_231' title='bbox 942 3490 974 3552; x_wconf 91' lang='lat' dir='ltr'><strong>et</strong></span> <span class='ocrx_word' id='word_1_232' title='bbox 996 3485 1132 3572; x_wconf 87' lang='lat' dir='ltr'><strong>acceptis</strong></span> <span class='ocrx_word' id='word_1_233' title='bbox 1148 3483 1277 3568; x_wconf 84' lang='lat' dir='ltr'><strong>dextris,</strong></span> <span class='ocrx_word' id='word_1_234' title='bbox 1300 3485 1411 3552; x_wconf 86' lang='lat' dir='ltr'><strong>federa</strong></span> <span class='ocrx_word' id='word_1_235' title='bbox 1435 3505 1488 3571; x_wconf 80' lang='lat' dir='ltr'><strong>pn·</strong></span> 
     </span>
     <span class='ocr_line' id='line_1_30' title="bbox 316 3600 1139 3687; baseline -0.004 -19"><span class='ocrx_word' id='word_1_236' title='bbox 316 3603 363 3669; x_wconf 92' lang='lat' dir='ltr'><strong>cis</strong></span> <span class='ocrx_word' id='word_1_237' title='bbox 384 3600 566 3668; x_wconf 86' lang='lat' dir='ltr'><strong>firmissime</strong></span> <span class='ocrx_word' id='word_1_238' title='bbox 589 3605 763 3687; x_wconf 83' lang='lat' dir='ltr'><strong>pangerent</strong></span> <span class='ocrx_word' id='word_1_239' title='bbox 785 3605 818 3667; x_wconf 90' lang='lat' dir='ltr'><strong>ot</strong></span> <span class='ocrx_word' id='word_1_240' title='bbox 840 3605 933 3686; x_wconf 85' lang='lat' dir='ltr'><strong>pacta</strong></span> <span class='ocrx_word' id='word_1_241' title='bbox 954 3601 1139 3687; x_wconf 83' lang='lat' dir='ltr'><strong>reciperent</strong></span> 
     </span>
    </p>

    <p class='ocr_par' dir='ltr' id='par_1_9' title="bbox 317 3715 1488 4150">
     <span class='ocr_line' id='line_1_31' title="bbox 407 3715 1488 3803; baseline 0 -21"><span class='ocrx_word' id='word_1_242' title='bbox 407 3719 438 3782; x_wconf 84' lang='lat'><strong>3.</strong></span> <span class='ocrx_word' id='word_1_243' title='bbox 473 3715 576 3783; x_wconf 88' lang='lat' dir='ltr'><strong>Erant</strong></span> <span class='ocrx_word' id='word_1_244' title='bbox 603 3723 724 3801; x_wconf 90' lang='lat' dir='ltr'><strong>autom,</strong></span> <span class='ocrx_word' id='word_1_245' title='bbox 753 3736 823 3783; x_wconf 90' lang='lat' dir='ltr'><strong>oum</strong></span> <span class='ocrx_word' id='word_1_246' title='bbox 848 3716 961 3801; x_wconf 90' lang='lat' dir='ltr'><strong>quibus</strong></span> <span class='ocrx_word' id='word_1_247' title='bbox 983 3716 1109 3782; x_wconf 81' lang='lat' dir='ltr'><strong>divisim</strong></span> <span class='ocrx_word' id='word_1_248' title='bbox 1133 3716 1266 3784; x_wconf 89' lang='lat' dir='ltr'><strong>diversis</strong></span> <span class='ocrx_word' id='word_1_249' title='bbox 1292 3716 1488 3803; x_wconf 85' lang='lat' dir='ltr'><strong>temporibus</strong></span> 
     </span>
     <span class='ocr_line' id='line_1_32' title="bbox 318 3831 1488 3919; baseline -0.001 -19"><span class='ocrx_word' id='word_1_250' title='bbox 318 3838 478 3900; x_wconf 87' lang='lat' dir='ltr'><strong>certamen</strong></span> <span class='ocrx_word' id='word_1_251' title='bbox 500 3832 652 3916; x_wconf 88' lang='lat' dir='ltr'><strong>habebut,</strong></span> <span class='ocrx_word' id='word_1_252' title='bbox 677 3853 694 3899; x_wconf 89' lang='lat' dir='ltr'><strong>o</strong></span> <span class='ocrx_word' id='word_1_253' title='bbox 716 3837 807 3919; x_wconf 87' lang='lat' dir='ltr'><strong>parte</strong></span> <span class='ocrx_word' id='word_1_254' title='bbox 830 3853 894 3898; x_wconf 89' lang='lat' dir='ltr'><strong>uua</strong></span> <span class='ocrx_word' id='word_1_255' title='bbox 915 3831 1060 3900; x_wconf 88' lang='lat' dir='ltr'><strong>Polonic:</strong></span> <span class='ocrx_word' id='word_1_256' title='bbox 1088 3832 1235 3917; x_wconf 89' lang='lat' dir='ltr'><strong>Bohemi,</strong></span> <span class='ocrx_word' id='word_1_257' title='bbox 1261 3831 1400 3916; x_wconf 88' lang='lat' dir='ltr'><strong>ldoravi,</strong></span> <span class='ocrx_word' id='word_1_258' title='bbox 1424 3833 1488 3899; x_wconf 84' lang='lat' dir='ltr'><strong>Uu-</strong></span> 
     </span>
     <span class='ocr_line' id='line_1_33' title="bbox 317 3947 1485 4036; baseline -0.001 -21"><span class='ocrx_word' id='word_1_259' title='bbox 317 3950 403 4032; x_wconf 82' lang='lat' dir='ltr'><strong>gari3</strong></span> <span class='ocrx_word' id='word_1_260' title='bbox 432 3969 472 4016; x_wconf 81' lang='lat' dir='ltr'><strong>ex</strong></span> <span class='ocrx_word' id='word_1_261' title='bbox 495 3949 572 4014; x_wconf 88' lang='lat' dir='ltr'><strong>alia:</strong></span> <span class='ocrx_word' id='word_1_262' title='bbox 595 3947 742 4032; x_wconf 86' lang='lat' dir='ltr'><strong>Rutheni,</strong></span> <span class='ocrx_word' id='word_1_263' title='bbox 766 3968 842 4030; x_wconf 81' lang='lat' dir='ltr'><strong>gens</strong></span> <span class='ocrx_word' id='word_1_264' title='bbox 865 3948 1001 4016; x_wconf 89' lang='lat' dir='ltr'><strong>crudelis</strong></span> <span class='ocrx_word' id='word_1_265' title='bbox 1024 3954 1056 4016; x_wconf 88' lang='lat' dir='ltr'><strong>et</strong></span> <span class='ocrx_word' id='word_1_266' title='bbox 1077 3969 1206 4036; x_wconf 88' lang='lat' dir='ltr'><strong>aspera;</strong></span> <span class='ocrx_word' id='word_1_267' title='bbox 1229 3949 1293 4034; x_wconf 92' lang='lat' dir='ltr'><strong>qui,</strong></span> <span class='ocrx_word' id='word_1_268' title='bbox 1316 3947 1485 4016; x_wconf 82' lang='lat' dir='ltr'><strong>Flavorum</strong></span> 
     </span>
     <span class='ocr_line' id='line_1_34' title="bbox 317 4047 1485 4150; baseline 0 -20"><span class='ocrx_word' id='word_1_269' title='bbox 317 4064 508 4132; x_wconf 90' lang='lat' dir='ltr'><strong>Pruscorum</strong></span> <span class='ocrx_word' id='word_1_270' title='bbox 531 4070 564 4131; x_wconf 87' lang='lat' dir='ltr'><strong>et</strong></span> <span class='ocrx_word' id='word_1_271' title='bbox 584 4064 829 4131; x_wconf 90' lang='lat' dir='ltr'><strong>Pomeranorum</strong></span> <span class='ocrx_word' id='word_1_272' title='bbox 853 4063 926 4131; x_wconf 87' lang='lat' dir='ltr'><strong>freti</strong></span> <span class='ocrx_word' id='word_1_273' title='bbox 948 4047 1085 4150; x_wconf 83' lang='lat' dir='ltr'><strong>auxiliis,</strong></span> <span class='ocrx_word' id='word_1_274' title='bbox 1112 4065 1215 4132; x_wconf 89' lang='lat' dir='ltr'><strong>acrius</strong></span> <span class='ocrx_word' id='word_1_275' title='bbox 1237 4064 1417 4150; x_wconf 88' lang='lat' dir='ltr'><strong>diutiusque</strong></span> <span class='ocrx_word' id='word_1_276' title='bbox 1439 4063 1485 4130; x_wconf 92' lang='lat' dir='ltr'><strong>illi</strong></span> 
     </span>
    </p>
   </div>
   <div class='ocr_carea' id='block_1_6' title="bbox 393 4293 1348 4354">
    <p class='ocr_par' dir='ltr' id='par_1_10' title="bbox 393 4293 1348 4354">
     <span class='ocr_line' id='line_1_35' title="bbox 393 4293 1348 4354; baseline 0.001 -15"><span class='ocrx_word' id='word_1_277' title='bbox 393 4308 413 4340; x_wconf 80' lang='lat' dir='ltr'><strong>s.</strong></span> <span class='ocrx_word' id='word_1_278' title='bbox 439 4295 581 4354; x_wconf 82' lang='lat' dir='ltr'><strong>predicatore</strong></span> <span class='ocrx_word' id='word_1_279' title='bbox 598 4296 628 4341; x_wconf 88' lang='lat' dir='ltr'><strong>N.</strong></span> <span class='ocrx_word' id='word_1_280' title='bbox 721 4294 743 4340; x_wconf 90' lang='lat' dir='ltr'><strong>b.</strong></span> <span class='ocrx_word' id='word_1_281' title='bbox 768 4307 793 4340; x_wconf 89' lang='lat' dir='ltr'><strong>se</strong></span> <span class='ocrx_word' id='word_1_282' title='bbox 809 4293 900 4349; x_wconf 75' lang='lat' dir='ltr'><strong>ouaN5</strong></span> <span class='ocrx_word' id='word_1_283' title='bbox 915 4301 949 4340; x_wconf 81' lang='lat' dir='ltr'><strong>est</strong></span> <span class='ocrx_word' id='word_1_284' title='bbox 963 4294 989 4342; x_wconf 83' lang='lat' dir='ltr'><strong>ia</strong></span> <span class='ocrx_word' id='word_1_285' title='bbox 1005 4295 1057 4342; x_wconf 80' lang='lat' dir='ltr'><strong>BR.</strong></span> <span class='ocrx_word' id='word_1_286' title='bbox 1150 4309 1170 4341; x_wconf 86' lang='lat' dir='ltr'><strong>c.</strong></span> <span class='ocrx_word' id='word_1_287' title='bbox 1192 4295 1302 4342; x_wconf 79' lang='lat' dir='ltr'><strong>alienatos</strong></span> <span class='ocrx_word' id='word_1_288' title='bbox 1318 4294 1348 4341; x_wconf 83' lang='lat' dir='ltr'><strong>N.</strong></span> 
     </span>
    </p>
   </div>
   <div class='ocr_carea' id='block_1_7' title="bbox 394 4420 1224 4495">
    <p class='ocr_par' dir='ltr' id='par_1_11' title="bbox 394 4420 1224 4495">
     <span class='ocr_line' id='line_1_36' title="bbox 394 4420 1224 4495; baseline 0.005 -19"><span class='ocrx_word' id='word_1_289' title='bbox 394 4424 419 4478; x_wconf 95' lang='lat'><strong>1.</strong></span> <span class='ocrx_word' id='word_1_290' title='bbox 437 4423 473 4479; x_wconf 88' lang='lat' dir='ltr'><strong>V.</strong></span> <span class='ocrx_word' id='word_1_291' title='bbox 491 4420 562 4478; x_wconf 79' lang='lat' dir='ltr'><strong>infra</strong></span> <span class='ocrx_word' id='word_1_292' title='bbox 579 4439 639 4495; x_wconf 87' lang='lat' dir='ltr'><strong>cap.</strong></span> <span class='ocrx_word' id='word_1_293' title='bbox 651 4425 696 4481; x_wconf 83' lang='lat'><strong>41.</strong></span> <span class='ocrx_word' id='word_1_294' title='bbox 802 4425 828 4479; x_wconf 79' lang='grc'><strong>2.</strong></span> <span class='ocrx_word' id='word_1_295' title='bbox 847 4424 891 4480; x_wconf 82' lang='lat' dir='ltr'><strong>Pe.</strong></span> <span class='ocrx_word' id='word_1_296' title='bbox 905 4425 966 4495; x_wconf 77' lang='lat'><strong>117,</strong></span> <span class='ocrx_word' id='word_1_297' title='bbox 984 4425 1028 4480; x_wconf 74' lang='lat'><strong>23.</strong></span> <span class='ocrx_word' id='word_1_298' title='bbox 1132 4425 1159 4480; x_wconf 86' lang='grc'><strong>3.</strong></span> <span class='ocrx_word' id='word_1_299' title='bbox 1176 4424 1224 4480; x_wconf 86' lang='lat' dir='ltr'><strong>lll.</strong></span> 
     </span>
    </p>
   </div>
   <div class='ocr_carea' id='block_1_8' title="bbox 0 0 1580 4850">
    <p class='ocr_par' dir='ltr' id='par_1_12' title="bbox 0 0 1580 4850">
     <span class='ocr_line' id='line_1_37' title="bbox 0 0 1580 4850; baseline 0 0"><span class='ocrx_word' id='word_1_300' title='bbox 0 0 1580 4850; x_wconf 95' lang='lat' dir='ltr'><strong> </strong></span> 
     </span>
    </p>
   </div>
  </div>
 </body>
</html>
