3142 4850
368 338 545 385 unaaoanr
568 338 748 387 nrrnocus
784 342 849 387 cra.
867 342 893 387 11
915 337 957 388 aa.
971 338 1006 389 ae
1206 323 1270 387 779

97 496 262 577 frondosa3
290 496 360 562 fons
391 496 499 563 subter
523 518 590 567 eam
618 499 855 583 amenissimus,
885 520 977 584 quam
1008 482 1097 585 plebs
1123 499 1269 584 simplex,
1289 517 1360 570 1124

98 612 238 678 numinis
262 611 394 678 alicuius
418 612 646 680 inhabitatione
669 636 794 681 sacrem
818 616 979 698 echmans,
1003 635 1119 698 magna
1142 635 1270 683 venera-

97 728 184 792 tione
207 726 338 794 colebat.
379 726 469 794 Hanc
492 730 586 795 etiam
611 730 778 816 episcopus
801 751 872 796 cum
904 737 976 817 post
997 731 1173 796 destructas
1197 732 1270 797 edn-

98 844 183 908 tinas
206 842 344 909 incidere
368 843 472 927 vellet,
496 849 625 927 rogatus
648 852 696 911 est
719 866 737 911 a
761 846 888 933 populo,
913 866 952 912 ne
972 846 1098 912 laceret.
1133 845 1269 912 Premit

97 959 208 1025 iebant
237 960 337 1042 euim,
367 980 527 1043 nunquam
559 981 593 1025 se
621 959 752 1027 ulterius
783 960 841 1027 sub
869 962 996 1027 nomine
1026 961 1187 1045 religionis
1211 982 1271 1027 nec

32 1066 37 1074 ⁸
99 1074 243 1141 arborem
276 1074 362 1139 illam
393 1075 559 1141 colituros⁰
586 1095 644 1141 uec
673 1076 794 1157 loenm;
829 1078 883 1143 sed
913 1076 1010 1142 solius
1037 1077 1149 1143 umbre
1176 1083 1271 1162 atque

99 1190 281 1255 amenitatis
304 1190 416 1273 gratia,
441 1191 595 1275 quiahoc
619 1196 782 1277 peccatum
807 1212 869 1257 non
894 1193 945 1276 sit,
969 1190 1092 1258 salvare
1111 1192 1198 1257 illam
1214 1212 1270 1278 po-

98 1306 163 1371 tius
193 1325 286 1390 quam
310 1305 427 1371 salvari
451 1306 490 1372 ab
513 1305 569 1371 illa
592 1326 625 1371 se
648 1306 737 1373 velle.
786 1307 854 1385 Qua
876 1313 1023 1393 suscepta
1052 1308 1270 1393 promissione,

98 1423 274 1506 Aequieaco
298 1422 401 1505 inquit
423 1422 590 1507 episcopus
613 1425 652 1487 de
674 1426 795 1489 arbore.
830 1422 1123 1489 sacerdodotem
1137 1423 1270 1489 casseacob

97 1540 232 1602 emnium
260 1550 433 1603 ceruorum
461 1540 500 1602 de
526 1526 628 1603 modio
658 1540 729 1603 tolli
755 1551 892 1625 oportet3
921 1542 997 1624 qaia
1023 1543 1272 1625 necaequitatis

98 1674 155 1717 nee
177 1654 390 1738 sortilegium·
414 1676 553 1719 acescere
577 1654 757 1719 cesarianis
781 1655 860 1719 lieet.
942 1700 947 1707 -

191 1769 244 1833 33.
279 1767 447 1835 Habebunt
480 1769 562 1835 enim
593 1768 749 1835 caballum
778 1768 859 1835 mire
887 1769 1113 1853 magnitudinis
1142 1774 1174 1836 et
1201 1769 1272 1855 pin·

97 1902 204 1967 guam,
228 1883 310 1967 nigri
335 1883 448 1949 coloris
472 1890 504 1950 et
527 1904 631 1949 aerem
656 1884 756 1951 valde.
792 1885 854 1950 lete
876 1889 944 1950 tote
967 1886 1042 1950 anni
1060 1892 1202 1970 tempore
1217 1904 1272 1950 va-

97 1999 202 2083 cabat,
227 2004 376 2083 tenteqne
398 1998 459 2065 luit
481 2000 669 2083 sanctitatis,
693 2004 729 2065 ut
751 2000 872 2066 nullum
896 2000 1080 2083 dignaretur
1100 2020 1271 2082 sessorem3

98 2114 273 2199 habuitque
301 2134 397 2181 unum
428 2114 466 2181 de
496 2120 631 2200 quatuor
660 2114 875 2185 sacerdotibus
897 2116 1086 2202 templorum
1110 2117 1271 2183 custodem

97 2229 387 2314 diligentissimum.
424 2230 554 2308 Quando
579 2252 652 2314 ergo
676 2232 790 2299 itinere
811 2233 955 2299 terrestri
972 2233 1202 2299 contrahentes
1218 2236 1274 2298 aut

98 2346 268 2434 predatum
293 2346 339 2411 ire
362 2345 552 2430 cogitabant,
576 2352 722 2413 eventum
747 2349 793 2414 rei
815 2348 875 2414 hoc
897 2348 990 2415 modo
1013 2368 1070 2436 per
1088 2348 1177 2414 illum
1193 2346 1273 2413 sole-

98 2464 180 2531 bant
201 2463 395 2548 prediscere:
420 2463 518 2530 Haste
536 2483 649 2529 novem
665 2464 913 2550 disponebantur
927 2465 1034 2549 humo,
1058 2465 1164 2551 spacio
1180 2465 1273 2530 nnius

97 2578 200 2645 cubiti
224 2579 263 2645 ab
287 2579 421 2645 invicem
447 2579 610 2645 disiuncta.
653 2579 759 2645 Strato
782 2601 857 2663 ergo
879 2580 1001 2646 caballo
1023 2585 1119 2663 atque
1140 2581 1273 2662 frenato,

97 2694 266 2776 sacerdos,
290 2695 330 2759 ad
354 2713 446 2778 quem
470 2694 557 2760 illius
579 2694 757 2780 pertinebat
778 2694 937 2780 custodia,
960 2700 1082 2761 tentum
1105 2695 1194 2760 freno
1216 2713 1274 2779 per

95 2811 240 2877 iacentes
275 2809 381 2875 hastas
416 2809 448 2874 in
483 2816 697 2877 transversum
734 2811 868 2879 ducebat
895 2816 944 2878 ter
973 2817 1067 2896 atque
1093 2808 1272 2876 reducebat.

96 2926 221 3006 Quodsi
244 2925 376 3010 pedibus
399 2921 559 2992 inoffensis
580 2926 741 3010 hastisque
759 2926 978 2994 iudisturbatis
994 2947 1092 3011 equas
1107 2924 1273 3008 transibat,

97 3043 229 3126 siguum
258 3039 395 3106 habuere
424 3041 643 3126 prosperitatis
673 3049 704 3110 et
732 3043 834 3110 securi
861 3043 1050 3129 pergebant3
1080 3042 1273 3124 sinautem,

98 3156 316 3242 quiescebant.
408 3154 475 3222 Hoc
498 3176 572 3239 ergo
595 3177 694 3240 genus
718 3159 850 3225 sortium
873 3158 1014 3243 aliasque
1035 3157 1157 3241 ligneas
1171 3154 1275 3222 calcu·

95 3273 248 3354 lationes,
264 3271 425 3356 inquibus
441 3271 563 3338 navalis
579 3291 684 3357 pugne
700 3272 751 3339 vel
766 3274 862 3359 prede
877 3273 1119 3340 considerabant
1133 3272 1274 3367 angeria,
1342 3355 1360 3365 ,

96 3388 249 3474 quamvis
273 3387 406 3454 multum
430 3387 638 3453 renitentibus
655 3388 823 3473 aliquibus,
846 3389 907 3455 Dei
929 3389 1057 3455 tandem
1078 3388 1196 3454 anxilio
1220 3408 1275 3474 pe-

94 3505 190 3571 nitus
219 3502 354 3584 abrasit3
382 3503 550 3588 ipsumque
576 3503 701 3588 profani
725 3504 866 3570 vaticinii
888 3504 1060 3589 caballum,
1090 3525 1130 3571 ne
1153 3502 1275 3588 simpli·

95 3619 193 3688 cibus
217 3624 301 3684 esset
324 3617 506 3684 offensionis
528 3617 671 3702 laqueus,
694 3618 726 3683 in
751 3619 845 3686 aliam
869 3602 985 3687 terram
1008 3621 1101 3686 vendi
1116 3619 1275 3706 precepit3

93 3755 249 3805 asserens
266 3733 349 3800 hunc
364 3735 464 3814 magis
481 3734 642 3817 quadrigis
658 3755 751 3820 quam
765 3737 942 3822 propheciis
954 3735 1110 3802 idoneum.
1180 3734 1275 3800 Gum-

95 3871 166 3938 que
194 3869 302 3915 omnes
332 3849 573 3935 superstitiones
596 3853 628 3916 ct
651 3851 854 3916 enormitates
877 3871 950 3917 suas
974 3850 1122 3937 episeopo
1145 3849 1276 3917 docente

95 3965 304 4048 abiecissent,
321 3965 457 4030 monuit:
475 3971 510 4030 ut
526 3985 633 4031 omues
650 3965 848 4050 christianos,
863 3967 978 4032 fratres
994 3985 1066 4032 suos
1081 3972 1275 4052 reputantes,

93 4065 165 4150 nee
180 4079 351 4146 uenderent
373 4099 431 4145 nee
449 4079 661 4147 interficerent
675 4101 776 4164 neque
791 4082 979 4167 captivando
1002 4087 1196 4165 torquerent
1218 4103 1276 4148 uec

93 4195 259 4265 terminos
281 4215 388 4260 eorum
414 4195 578 4260 turbarent
600 4215 658 4261 nee
680 4196 794 4282 predas
817 4217 857 4262 ex
880 4197 925 4262 eis
948 4195 1109 4277 tollerent3
1134 4196 1189 4264 scd
1212 4198 1276 4262 fra-

94 4319 195 4380 terne
219 4330 256 4376 ac
279 4310 438 4376 socialiter
461 4331 495 4376 se
518 4331 588 4377 cum
614 4311 758 4377 omnibus
781 4317 936 4396 gererent,
960 4312 1132 4397 eademque
1152 4312 1191 4379 ab
1213 4312 1276 4378 illis

179 4463 193 4496 a
223 4449 264 4496 sic.
358 4451 380 4496 b.
404 4463 495 4498 nomem
511 4451 542 4498 N.
636 4465 656 4499 c.
679 4452 820 4511 sortilogium
836 4453 891 4510 NB,
908 4453 1048 4511 sortilegium
1064 4451 1094 4500 R.
