3142 4850
424 341 590 392 unsnnror
613 343 740 392 oonnx.
776 340 868 396 taso
1166 330 1228 396 161

193 497 366 584 Pontifices,
389 500 477 568 loeus
500 507 595 588 atque
618 503 684 570 dies
706 501 878 570 laudantur
899 503 939 570 ab
961 503 1027 588 illo,
1249 523 1321 578 1090

191 612 356 682 Pontifices
379 615 426 682 illi
450 615 530 700 dico,
554 637 633 704 qnos
656 619 748 686 ambo
770 623 930 686 vocarant

193 728 286 796 Cesar
308 736 341 797 at
362 731 421 798 hec
444 730 536 798 dicit:
560 734 720 819 quoniam,
748 734 776 800 si
799 733 928 802 cuilibet
948 733 1062 802 horum

144 861 173 908 so
193 843 348 932 Papatum
369 845 511 932 laudent,
532 846 676 916 laudabit
697 854 729 916 at
752 850 822 936 ipss
842 849 995 932 libentem

194 957 226 1026 Si
247 962 362 1046 neutri,
385 983 602 1050 quemcunque
625 964 693 1032 Deo
715 965 853 1032 donante
873 963 1034 1049 levabunt,

191 1073 280 1144 lianc
301 1075 389 1162 velit,
412 1077 495 1146 hnnc
517 1077 634 1163 laudet,
659 1080 687 1146 si
710 1081 867 1164 convenit,
890 1080 1021 1148 adiuvat
1043 1078 1151 1146 armis.

81 1284 131 1354 80.
158 1285 295 1354 Urbanos
312 1290 356 1356 ΙΙ
376 1287 558 1358 Gedelurdo
582 1295 729 1380 episcopo
744 1291 976 1359 Coaetonta'aaaa'
994 1305 1023 1358 et
1042 1291 1180 1378 Weyom'
1192 1314 1231 1358 oc

151 1403 316 1472 Bertlooldo
340 1407 472 1472 doato
495 1407 637 1489 mandat,
661 1431 701 1474 ne
723 1412 913 1475 monasterio
930 1407 1160 1493 schafhusensi
1172 1409 1230 1474 dc-

151 1531 253 1584 oatum
270 1524 444 1608 praedium
467 1523 592 1607 auserit
613 1547 634 1588 o
660 1522 802 1590 Teutone
819 1527 1014 1610 potsoawrt
1095 1521 1134 1598 (E
1153 1522 1230 1604 179)

150 1648 289 1719 Urbanus
313 1655 480 1740 episcopus
503 1673 615 1720 servus
638 1675 801 1724 sorvorum
822 1653 1055 1739 Gtebahardoll
1075 1654 1230 1722 Constan-
1258 1667 1328 1722 1092

80 1763 158 1831 tiensi
183 1767 343 1854 episcopo,
372 1769 504 1836 ducibus
524 1766 644 1836 Welfo¹
667 1776 700 1838 ot
721 1768 946 1855 B(ertholdo)’,
975 1770 1083 1838 comiti
1105 1769 1155 1837 B:
1177 1789 1229 1838 sa·
1250 1739 1337 1789 m

81 1877 160 1946 lutem
181 1885 211 1948 et
232 1881 439 1968 apostolicam
463 1883 723 1952 benedictionem.

21 2021 22 2034 ἢ
152 1995 307 2065 Venerunt
329 1998 370 2065 ad
391 2019 450 2066 nos
472 1997 577 2068 littere
593 1999 716 2068 abbatis
731 2001 917 2069 monasterii
937 2001 1039 2068 sancti
1055 1999 1230 2069 Salvatoria

81 2113 299 2196 conquerentes*
323 2113 391 2180 Deo
420 2121 453 2182 et
481 2119 590 2182 sancto
616 2115 726 2201 Petro,
756 2117 841 2203 quod
867 2117 917 2184 vir
945 2117 1075 2203 quidam
1102 2117 1230 2186 uomina

82 2223 178 2294 lueto·
195 2230 323 2298 veniens
346 2230 387 2296 sd
409 2229 607 2317 praedictum
630 2233 858 2300 monastmium
880 2231 985 2300 seculo
1007 2231 1229 2317 renunciavit,

81 2344 294 2425 promissionem
329 2345 514 2414 stabilitatis
548 2347 720 2414 secundum
754 2349 1013 2416 consuetudinem
1043 2347 1230 2416 monosterii

81 2456 147 2543 lacit
167 2480 198 2529 se
213 2468 243 2529 et
257 2482 317 2529 sua
332 2462 432 2529 eidem
449 2462 600 2531 ecclesiae
616 2462 788 2532 secundum
803 2463 905 2549 legem
922 2463 1104 2533 Swerorum
1120 2464 1230 2533 multis

82 2590 165 2641 erum
187 2578 318 2645 testibus
340 2578 474 2645 tradidit
496 2583 528 2647 et
550 2578 758 2647 confirmavit.
794 2579 904 2647 Abbas
919 2586 1035 2664 autem,
1059 2584 1096 2647 ut
1110 2586 1160 2647 eat
1174 2580 1230 2649 de·

80 2694 153 2756 sotus
177 2699 207 2759 et
232 2693 371 2779 prudens
394 2692 594 2780 dispensator
616 2700 649 2761 et
669 2695 789 2779 fidelis,
817 2696 852 2763 in
874 2696 984 2764 eodem
1006 2695 1137 2783 praedio
1160 2714 1229 2763 mc·

80 2807 227 2874 murium
249 2812 381 2877 venuste
403 2810 594 2893 construxit,
624 2810 738 2879 frames
762 2810 922 2878 ordinavit
943 2815 976 2878 et
997 2816 1119 2894 catera,
1147 2830 1229 2894 quae

81 2918 332 2991 timoncsticam
359 2924 500 3009 regulam
529 2926 706 3012 pertinent,
736 2927 887 2995 instituit.
931 2924 1096 2993 Predictus
1119 2928 1226 2993 autem

79 3031 185 3121 luou',
211 3045 247 3105 ut
269 3040 377 3107 omnia
400 3040 480 3109 vidit
502 3040 626 3109 abbatis
648 3041 757 3109 labore
779 3048 812 3111 et
834 3040 939 3109 studio
962 3041 1108 3109 ordinata
1130 3046 1226 3126 atqua

79 3151 205 3237 perfecta
227 3160 395 3241 postquam
418 3156 615 3243 praedictum
639 3158 868 3225 monasterium
887 3157 972 3225 idem
987 3157 1153 3244 praedium
1168 3176 1227 3245 per

78 3270 254 3351 septennium
277 3276 309 3337 et
331 3291 368 3338 oo
392 3272 528 3358 amplius
552 3273 621 3341 sine
641 3274 727 3341 omni
743 3273 991 3341 contradictione
1005 3272 1153 3356 obtinuit,
1176 3273 1226 3339 ln·

79 3380 176 3449 stinctu
200 3384 316 3453 diaboli
346 3406 507 3471 nunquam
536 3408 570 3455 se
595 3388 766 3457 tradidisse
788 3390 921 3471 fatetur3
952 3392 985 3457 et
1006 3387 1034 3455 si
1057 3388 1226 3474 quicquam

78 3494 109 3561 ob
126 3496 180 3565 hoc
200 3501 360 3571 molestiae
383 3502 577 3588 sustinuerit,
603 3480 668 3571 ndu
691 3504 794 3571 solum
816 3504 1001 3590 praedium⁸
1023 3503 1148 3571 auferre
1170 3503 1225 3571 aed

77 3612 216 3700 elipeum
237 3618 463 3687 monasterium
486 3619 627 3685 minatur
649 3624 800 3687 evertere.

151 3728 357 3819 Quapropter,
384 3732 442 3801 lilii
466 3732 741 3820 excellentissimi,
766 3733 881 3802 obnme
903 3753 960 3803 uos
983 3754 1166 3803 exoramus:
1190 3738 1227 3801 ut

76 3858 124 3923 pro
141 3843 253 3914 domini
268 3847 433 3915 salvatoris
450 3848 615 3917 devotione
631 3869 668 3917 ac
682 3850 860 3918 reverentie
874 3849 960 3917 beati
974 3848 1063 3917 Petri
1078 3855 1111 3917 et
1124 3848 1226 3915 nostri

78 3972 170 4025 amore
190 3964 318 4031 eundem
333 3964 436 4032 virum
460 3986 480 4031 a
501 3968 592 4033 tants
615 3964 792 4053 apostasiah
815 3965 983 4053 prohibere
1004 3971 1037 4033 et
1059 3963 1166 4032 abbati
1187 3981 1226 4031 ac

136 4112 156 4144 ι
177 4116 201 4149 ce
212 4104 232 4149 V
244 4108 303 4161 dds,
319 4106 341 4153 Ζ
350 4106 522 4167 plu-175.
545 4104 629 4153 Edidit
639 4108 748 4169 Nouam
764 4104 885 4168 Ooddo'pl.
893 4106 931 4154 At
941 4108 968 4153 11
976 4106 1012 4155 ³6
1026 4120 1055 4153 ac
1071 4102 1230 4152 cccmus

80 4168 208 4228 limem
223 4182 335 4245 seques
351 4186 474 4233 smmi.
551 4184 574 4231 s.
599 4186 626 4234 s.
640 4201 684 4235 aa
695 4186 739 4234 uz.
818 4201 838 4233 e.
862 4188 891 4234 n.
907 4190 930 4234 e
945 4187 973 4233 u.
989 4184 1109 4233 ensesue
1124 4182 1166 4231 vr
1177 4197 1226 4244 m

80 4248 163 4301 &dus
175 4282 195 4291 -
205 4260 230 4307 n.
305 4264 329 4311 u.
351 4266 509 4325 conquasses
525 4264 641 4326 umaro.
723 4280 744 4313 ο.
767 4266 796 4312 u.
809 4266 853 4312 νι
934 4265 952 4313 a
973 4262 1142 4311 metueret
1154 4284 1179 4295 -
1191 4262 1225 4309 se

81 4330 129 4377 ⁸⁸⁴ss
141 4356 164 4367 ·-
174 4338 285 4388 tradiderit
298 4345 321 4389 at
337 4344 503 4392 continuarit
518 4344 633 4407 Nascon.
712 4358 734 4404 g.
757 4359 801 4391 om.
814 4344 859 4392 ΡΖ.
935 4344 960 4391 h.
983 4345 1108 4404 opertam
1119 4341 1143 4390 V.

142 4430 165 4483 l·
183 4432 238 4500 (W)
254 4435 267 4489 l
283 4436 345 4491 duci
362 4438 504 4495 Bavariae.
594 4440 620 4495 2.
644 4438 671 4494 ll
689 4438 753 4495 duci
771 4438 900 4495 suaviae,

119 4522 190 4579 ltm'.
203 4530 338 4579 Bibliotheca
347 4535 376 4579 V·
979 4526 1012 4580 ll
