3142 4850
322 305 387 374 658
607 321 732 372 neonus
753 322 835 371 vrrs
857 319 1016 370 eruorem
1049 316 1211 369 nmmo

214 499 284 554 1127
321 483 414 564 dnut3
439 483 609 566 statimqne
631 481 718 567 pium
735 481 896 562 Othonem,
917 479 1005 546 turo
1026 477 1112 564 apud
1134 497 1188 544 eos
1204 473 1487 543 eeleberrimurri-

186 571 303 632 ΨΜ
320 605 445 682 gutum,
474 602 694 680 agnoscentes,
722 595 820 664 elueri
843 596 1010 662 devotione
1031 598 1200 661 ooeurrunt
1227 591 1396 675 meniuquo
1416 590 1488 656 riri·

320 713 396 780 tetis
418 713 537 779 iutrurs
552 713 734 798 deposeunt
769 711 842 796 Qui,
864 731 1021 778 rennuens
1044 711 1154 778 urbem
1169 708 1327 795 ydolatrie
1347 705 1489 773 sorditun

321 829 474 916 pollutum
496 827 630 910 ingredi,
653 832 727 893 unte
749 831 876 912 portum
889 823 963 892 fixis
982 827 1127 892 mutoriis
1149 823 1328 904 habitabam
1350 821 1489 889 interim-

321 963 382 1030 que
405 945 572 1010 eeoersitos
595 943 636 1008 sd
665 963 700 1010 se
728 941 881 1027 primates
908 941 1010 1027 plebis
1038 941 1080 1008 ud
1105 940 1179 1008 fidei
1200 939 1372 1007 otmstiene
1394 942 1429 1004 et
1447 935 1490 1002 ls-

323 1059 408 1127 reori
430 1058 578 1126 suinteris
600 1058 735 1140 pretinm
757 1058 841 1124 mire
862 1057 1086 1143 predicationis
1105 1056 1270 1124 dulcedine
1291 1052 1490 1140 provoeubnt

322 1174 385 1242 Sed
408 1175 555 1258 antiquus
577 1173 693 1258 nonde,
722 1192 853 1240 eemeue
880 1172 946 1240 illie
967 1173 1126 1239 dominice
1145 1172 1236 1239 luere
1255 1189 1376 1254 susque
1398 1167 1491 1234 detti

322 1295 432 1389 ments
451 1308 664 1373 snoerosoere,
692 1288 846 1356 invidiam
869 1308 945 1372 erge
966 1288 1028 1355 Dei
1048 1287 1202 1354 furnulum
1227 1286 1368 1354 nubitum
1392 1283 1492 1351 relere

322 1425 386 1472 non
407 1425 520 1492 possus
535 1412 599 1486 est;
624 1405 689 1489 sed,
713 1405 846 1470 inmisso
861 1405 998 1488 quodum
1019 1403 1127 1470 telluri
1147 1408 1278 1486 terrore,
1301 1421 1376 1468 eum
1390 1420 1411 1466 e
1424 1398 1492 1466 tini·

323 1520 381 1587 bus
410 1519 473 1586 illis
502 1520 678 1606 propellere
708 1520 798 1586 nisus
826 1525 884 1585 eet
987 1518 1139 1604 Sequenti
1165 1519 1282 1586 etenim
1308 1521 1403 1584 noete
1430 1515 1492 1582 dux

321 1635 508 1702 Pomersuie
530 1637 563 1701 in
587 1635 739 1702 auxilium
756 1635 985 1702 Timinensium
1008 1653 1079 1700 eum
1094 1634 1216 1700 duobus
1237 1633 1441 1714 erereititue,
1462 1630 1493 1696 id

323 1756 372 1818 est
392 1750 498 1817 naroli
522 1755 554 1816 et
576 1753 729 1834 equestri,
757 1751 950 1837 supervenit
989 1749 1033 1816 Et
1054 1755 1201 1835 equester
1222 1750 1380 1817 exereitus
1408 1748 1493 1834 prior

323 1885 487 1934 ooourrere
510 1865 675 1946 debuerut3
705 1865 761 1932 sed
783 1873 897 1933 ventus
922 1865 1125 1950 rapidissimo
1148 1885 1242 1931 eursu
1263 1865 1372 1931 navim
1394 1861 1493 1949 inpel-

321 1981 391 2050 lens
414 1981 546 2048 eelorius
569 1981 655 2048 litori
678 1981 812 2068 appulit
845 1981 1003 2066 Equester
1020 2001 1095 2048 vero
1118 1981 1285 2062 exereitus,
1308 1984 1422 2065 postea
1442 1997 1492 2043 ue

322 2097 414 2164 niens
436 2097 617 2181 sociumque
644 2103 798 2180 turonum,
827 2117 922 2181 quum
950 2096 1103 2163 retardo
1130 2101 1309 2162 seenturum
1335 2094 1493 2181 sperabat

322 2212 388 2280 illie
415 2212 595 2296 inveniens,
626 2213 805 2297 suspicatus
833 2217 898 2296 eet,
927 2211 1072 2278 hostilem
1096 2231 1230 2277 euueum
1257 2230 1293 2276 se
1313 2210 1492 2292 ineurrisee,

324 2328 460 2412 eoquod
482 2333 565 2396 tetra
587 2327 688 2394 noetis
711 2328 867 2409 ingruerit
888 2327 1005 2410 ruligo;
1029 2328 1199 2411 statimque
1213 2327 1333 2392 olumor
1347 2325 1494 2392 confusus

323 2450 357 2511 et
378 2443 532 2511 tumultus
555 2442 766 2530 importabilis
788 2445 948 2529 utrimque
970 2444 1121 2510 exoritur.
1156 2442 1328 2509 Universos
1352 2442 1400 2529 pii
1426 2462 1495 2528 pre·

323 2560 401 2627 sniis
418 2560 596 2643 eomitutns,
619 2560 716 2625 nimio
731 2564 854 2625 terrore
870 2559 1045 2645 perculsos,
1068 2560 1109 2625 ud
1123 2559 1229 2643 fugem
1246 2562 1347 2625 semet
1360 2558 1494 2625 invieen

323 2675 522 2757 eohortutur3
545 2674 724 2741 offirmunte
745 2675 863 2740 domno
879 2673 1043 2741 Albwino·
1064 2676 1238 2761 interprete
1259 2674 1322 2740 riri
1338 2674 1419 2741 Dei:
1441 2694 1496 2761 pn-

323 2810 476 2874 gsnorum
499 2788 714 2856 Lutioensinm
744 2790 854 2856 edesse
881 2795 1041 2857 oeternum
1068 2795 1101 2857 et
1127 2791 1192 2857 iam
1220 2791 1295 2857 eede
1323 2790 1496 2858 muerstili

324 2906 413 2973 dude
428 2906 599 2973 exereitum
623 2905 754 2971 laniare.
790 2905 908 2973 Dootor
921 2926 996 2973 uero
1012 2906 1148 2973 eximius
1165 2907 1299 2973 eundem
1314 2907 1495 2973 Albwinnm

324 3022 504 3105 religiosum
528 3020 738 3106 presbiterum
761 3020 837 3087 illue
859 3020 1003 3088 celeriter
1024 3041 1082 3108 pro
1105 3022 1325 3106 investigando
1346 3022 1395 3089 rei
1416 3023 1495 3089 veri·

324 3141 390 3204 tete
413 3136 600 3204 transmisit.
636 3135 711 3221 Qui,
734 3135 858 3202 flumini
879 3138 1021 3204 oonoitus
1043 3158 1079 3204 se
1099 3138 1250 3222 inieiens,
1273 3158 1310 3204 eo
1333 3138 1421 3222 quod
1441 3157 1495 3204 ne·

324 3251 413 3317 teudi
442 3252 563 3337 peritus
594 3256 692 3335 esset,
722 3256 837 3337 peneto
858 3252 922 3317 iunr
946 3254 1054 3319 omniu
1077 3254 1213 3339 reperit,
1242 3254 1318 3338 quie
1338 3254 1496 3321 exereitus

324 3366 371 3432 illi
394 3366 478 3432 cives
501 3386 536 3433 se
558 3366 685 3434 tsndem
709 3364 989 3453 recognoverunt¹3
1013 3373 1046 3434 et
1062 3367 1216 3434 diobolieo
1240 3388 1347 3435 errore
1367 3389 1406 3435 se
1427 3388 1495 3455 pre-

324 3486 435 3549 ventus
459 3482 651 3549 asserebant
690 3482 766 3548 Dux
789 3487 895 3549 eutem
909 3482 1117 3567 Wortizluus,
1144 3484 1184 3551 de
1205 3484 1346 3550 aduentu
1366 3484 1415 3570 pii
1440 3504 1495 3571 pe·

325 3598 419 3663 storis
442 3595 635 3681 ultraquam
652 3597 737 3665 credi
760 3603 866 3683 potest
886 3598 1074 3682 gratulatus,
1096 3600 1227 3666 mandet
1249 3600 1294 3665 ei:
1317 3600 1387 3666 sine
1409 3618 1498 3666 more

324 3714 358 3779 iu
380 3710 562 3779 ulteriorem
586 3712 647 3779 sibi
669 3714 773 3799 ripam
789 3733 968 3796 ooeurrere3
992 3713 1110 3797 dieeus,
1133 3714 1233 3780 divini
1256 3735 1326 3781 esse
1340 3714 1497 3797 miruenli,

325 3827 409 3913 qnod
437 3827 532 3894 biduo
560 3826 604 3893 ibi
632 3828 810 3895 intertum
838 3830 964 3897 erebres
991 3830 1130 3900 hostium
1151 3830 1363 3897 discursiones
1389 3830 1497 3897 illesus

324 3943 509 4030 permensit
544 3942 589 4009 Et
604 3960 639 4009 re
655 3962 739 4027 vera,
762 3944 826 4010 nisi
841 3945 1036 4011 validissime
1050 3943 1111 4011 Dei
1133 3946 1329 4030 protectione
1346 3950 1497 4031 tunquam

325 4062 414 4125 seuto
437 4056 677 4144 inexpugnabili
700 4056 904 4125 obumbratus
926 4059 1048 4144 fumset,
1072 4080 1145 4127 eum
1158 4062 1245 4128 omui
1267 4080 1325 4127 suo
1346 4062 1497 4128 nemim

325 4172 412 4239 nullo
435 4173 601 4240 resistente
623 4174 793 4241 interisset.
834 4173 910 4241 lion
931 4178 1054 4258 eutem,
1082 4180 1119 4240 ut
1144 4175 1240 4242 tenir
1261 4174 1330 4242 dies
1357 4180 1407 4242 est
1426 4172 1496 4241 red·

398 4335 419 4368 ι
442 4322 529 4369 Alwino
548 4320 623 4370 ehoe
639 4322 695 4371 loeo.

397 4416 422 4469 1.
441 4416 577 4471 exereitus
595 4416 633 4472 illi
651 4417 706 4473 dno
724 4422 920 4487 resonuerunt,
939 4432 970 4473 se
988 4418 1063 4474 eires
1081 4419 1232 4487 (eonoires)
1248 4434 1321 4476 eone.
