3142 4850
481 343 648 392 unsnmcr
670 343 798 392 conns.
833 343 868 393 ss
1218 327 1262 392 99

177 499 293 568 Hostili
314 501 434 587 praede
456 508 489 568 et
510 503 698 587 pervasione
724 522 842 584 magne
868 507 1024 588 exparte
1049 502 1263 587 disperierunt
1308 517 1378 571 loto

96 635 139 682 ros
167 621 199 682 et
226 616 347 683 reditus
376 616 529 703 episcopii
551 618 662 683 nostri.
702 616 746 682 Et
771 617 832 682 hoc
858 616 945 682 idem
972 617 1141 703 paciuntur
1165 637 1261 702 quam
1283 588 1391 648 ¹²¹³*

94 731 214 816 plurimi
242 733 358 798 frames
387 733 500 798 nostri.
523 731 655 817 lleque
688 733 766 798 haec
795 751 902 798 rernm
935 733 1084 815 angustis
1116 751 1170 798 eos
1204 752 1262 818 pa·

94 846 164 912 titur
183 847 294 914 uenire
317 846 358 911 ad
381 847 563 928 concilium3
592 848 668 931 quin
696 847 808 934 pocius
835 867 894 934 pro
920 847 1145 934 temperandis
1167 847 1262 914 rebus

95 962 153 1027 suis
173 965 330 1046 coguntur
351 963 399 1028 ire
429 963 469 1029 ad
492 963 677 1030 comitatum
686 959 702 1028 ¹.
794 961 865 1028 Huc
886 962 1023 1046 accedit,
1047 962 1132 1047 qnod
1153 963 1261 1049 plures

93 1077 263 1165 coepiscopi
289 1079 409 1161 nostri,
440 1079 494 1164 qui
524 1077 565 1144 sd
594 1077 761 1145 concilium
790 1079 894 1147 uocati
922 1082 1013 1162 sunt,
1042 1097 1107 1144 non
1131 1078 1261 1144 suntin

92 1193 188 1275 gratia
209 1193 380 1279 principis3
403 1213 463 1260 nec
484 1212 618 1278 usquam
642 1193 759 1260 audent
773 1191 922 1279 progredi
938 1193 1006 1260 sine
1026 1193 1193 1280 dispendio
1209 1212 1260 1259 ss·

91 1306 159 1374 lutis
182 1329 267 1375 snae.
304 1308 349 1375 Et
377 1309 404 1374 si
434 1309 668 1375 consideremus
691 1328 745 1374 eos
768 1308 943 1394 episcopos,
967 1309 1022 1393 qui
1046 1313 1260 1392 accusantur·,

91 1428 122 1489 et
140 1443 207 1507 eos,
240 1425 295 1508 qui
324 1425 434 1490 adesse
456 1425 523 1490 nort
542 1423 677 1508 audent,
706 1425 734 1490 si
764 1423 931 1492 concilium
954 1430 1176 1508 congregetur,
1205 1424 1260 1490 rix

90 1538 312 1622 invenienturl,
337 1540 390 1624 qui
412 1539 560 1606 iudicent

172 1654 306 1721 Accedit
327 1655 387 1721 hoc
409 1655 505 1720 etiam
529 1655 569 1720 ad
591 1653 751 1720 cumulum
772 1654 875 1720 nostri
897 1653 1021 1721 timoris
1044 1659 1077 1720 et
1090 1658 1262 1738 exaggerat

91 1769 149 1834 rim
175 1771 278 1836 nostri
306 1768 438 1836 doloris:
469 1770 552 1853 quod
578 1805 618 1816 -
643 1771 671 1835 si
699 1769 738 1835 de
761 1768 896 1836 diversis
926 1770 1023 1836 immo
1047 1769 1188 1836 adversis
1210 1789 1262 1836 re·

90 1883 228 1965 gionibns
253 1885 293 1951 ed
315 1884 481 1952 concilium
506 1889 726 1968 convocentur,
751 1886 806 1970 qui
829 1885 1039 1952 adinvicem·
1055 1884 1260 1951 inimicantur

88 1999 216 2066 -dum
239 2005 390 2087 putamus
412 2021 471 2066 nos
494 1999 641 2083 colligere
662 2001 777 2066 fratres
802 2000 843 2065 sd
858 2001 1036 2084 concilium,
1059 2003 1188 2087 paratas
1203 1999 1261 2067 ha·

88 2111 212 2180 teanum
241 2115 326 2182 acies
356 2113 397 2181 ad
419 2115 553 2196 bellum3
583 2119 616 2182 et
644 2116 720 2182 dum
748 2115 943 2200 corrigendis
971 2113 1130 2183 erroribus
1154 2119 1187 2181 et
1209 2135 1261 2181 so-

87 2229 206 2312 piendis
231 2230 367 2316 querelis
390 2232 424 2297 in
444 2251 542 2296 unam
571 2229 729 2297 tendimus
756 2232 987 2299 ecclesiasticae
1009 2231 1098 2317 pacis
1120 2250 1260 2297 commu-

87 2344 220 2430 nionem,
235 2345 381 2429 forsitan,
395 2347 458 2412 nisi
470 2344 556 2413 Deus
571 2347 755 2435 prospiciat,
772 2353 945 2414 conuentus
959 2353 1068 2413 nostor
1079 2345 1260 2413 turbabitur

87 2479 181 2544 usque
209 2462 251 2527 sd
273 2462 523 2529 internicionem.
615 2462 808 2531 Recordetur
830 2469 937 2531 sutem
960 2442 1113 2531 sanctitas
1136 2471 1257 2533 vestra:

86 2575 157 2659 quid
190 2583 323 2664 propter
346 2576 541 2645 Wultensem
569 2575 735 2645 abbatem'
763 2574 949 2665 aliquando⁸
981 2580 1150 2664 eontigerit
1180 2580 1348 2647 (ios-1063

86 2688 210 2774 uniet
242 2693 327 2777 quod
351 2692 426 2759 boni
447 2693 565 2759 milites
594 2693 628 2760 in
657 2694 728 2781 ipsa
750 2714 885 2780 vespera
909 2699 1125 2781 pentocostes·
1154 2696 1259 2780 gladio
1276 2665 1350 2711 ¹⁸²⁸

85 2808 239 2895 perempti
267 2813 343 2874 sunt
370 2808 456 2875 intra
483 2812 574 2895 septa
601 2810 766 2893 ecclesias,
796 2812 925 2897 pertusa
953 2816 1028 2876 sunt
1051 2810 1165 2877 altaris
1186 2832 1259 2877 san-

85 2922 174 3003 grino
196 2923 435 2989 interfectorum
466 2928 498 2990 et
518 2924 690 3008 instigante
713 2926 839 2991 diabolo
862 2931 962 2991 totum
986 2926 1188 3012 profanatum
1210 2932 1260 2993 est

10 3026 13 3095 ἶ
85 3040 306 3105 sanctuarium.
341 3038 386 3105 Et
413 3045 489 3107 tunc
511 3044 597 3106 certe
620 3060 727 3107 omnes
757 3044 970 3107 convenerant
992 3041 1033 3107 ad
1056 3041 1176 3107 ennom
1199 3042 1258 3109 sub

85 3154 185 3237 specie
208 3156 308 3240 pacis,
332 3156 394 3221 nisi
410 3156 492 3240 quod
515 3156 599 3222 inter
618 3175 672 3222 eos
693 3156 814 3222 latebat
829 3155 984 3240 quaedam
999 3154 1144 3223 simultas
1167 3158 1259 3241 qnasi

85 3266 188 3335 doloso
218 3270 318 3337 cineri
347 3271 528 3357 subpositus
558 3272 651 3355 ignis.
685 3270 729 3339 Et
757 3271 833 3355 quid
862 3272 1021 3337 credimus
1047 3272 1205 3357 futurum,
1228 3273 1259 3339 si

84 3381 136 3468 illi,
160 3386 216 3470 qni
240 3390 350 3471 aperte
372 3385 585 3469 inimicentur,
610 3392 839 3470 congregentur
861 3388 896 3453 in
917 3386 1036 3453 uuum?

167 3499 232 3567 Pro
254 3501 305 3567 his
330 3505 362 3566 et
383 3520 441 3588 pro
464 3501 643 3567 huiusmodi
665 3502 780 3569 iratres
803 3504 920 3586 noemi,
949 3502 1004 3586 qui
1026 3506 1101 3568 sunt
1122 3504 1258 3571 sanioris

83 3617 268 3701 sentenciae,
278 3616 403 3683 dicunt:
416 3616 476 3683 sibi
489 3616 724 3701 bonumrideri,
738 3622 774 3683 ut
785 3617 887 3685 adhuc
899 3616 1066 3683 concilium
1078 3614 1256 3701 differstrir3

10 3794 12 3809 ,
83 3727 178 3797 donoc
194 3730 369 3815 videamus,
392 3734 421 3798 si
437 3752 498 3817 quo
516 3731 609 3798 modo
630 3732 758 3799 reddita
779 3750 858 3818 pace
872 3731 1029 3798 Dominus
1051 3734 1255 3821 propicietur.

165 3846 233 3914 Nos
252 3853 372 3937 ,sutem
400 3846 545 3914 omnibus
575 3846 714 3913 consiliis
749 3852 781 3914 et
814 3848 956 3914 conciliis
990 3853 1130 3914 restam
1164 3868 1257 3936 prae·

10 4044 11 4052 ¹
81 3958 209 4027 ierimus
232 3962 439 4043 sententiam
465 3968 496 4029 et
519 3962 603 4047 quod
625 3963 715 4030 nobis
737 3963 888 4048 indicitis,
911 3963 998 4029 nullo
1021 3964 1115 4030 modo
1129 3968 1257 4050 praeter

10 4154 11 4179 ζ
82 4080 218 4143 veum
232 4077 437 4145 obmittemns
453 4078 687 4145 conscientiam.
722 4076 813 4144 Unde
836 4079 946 4145 statim
967 4083 1042 4165 post
1055 4078 1177 4163 regiam
1201 4097 1256 4146 ex·

147 4268 168 4301 a.
192 4257 316 4303 acuantur
332 4256 359 4301 Ζ.
451 4256 474 4302 b.
497 4256 644 4303 inueniuntur
661 4256 684 4302 V.
788 4270 807 4302 c
832 4257 905 4304 ricem
921 4256 948 4303 Ζ.
1041 4257 1064 4303 d.
1089 4256 1215 4303 Glcslariae
1230 4256 1255 4304 V.

83 4346 102 4377 s.
121 4333 285 4393 penthecostes
301 4335 324 4381 V.

10 4428 12 4520 f
150 4438 175 4492 1.
195 4437 231 4491 sd
248 4438 350 4493 aulsm.
440 4440 466 4494 2.
485 4438 672 4495 Wlderadum.
763 4440 789 4495 3.
810 4440 880 4494 1063
897 4440 957 4494 lun,
970 4441 996 4494 3,

10 4560 11 4568 ,
1000 4535 1042 4591 7,
