3142 4850
307 299 352 364 46
671 313 838 363 unanmcr
858 313 986 362 cocu.
1021 312 1064 364 aa.
1076 311 1112 363 ae

219 489 289 544 1069
307 479 449 541 mentum
469 479 504 558 et
525 493 587 539 non
613 493 720 540 verum
744 493 859 559 corpus
881 478 915 539 et
936 473 1121 556 sanguinem
1144 473 1265 538 domini
1285 474 1386 538 nostri
1407 473 1481 540 lesu

227 565 282 622 ΑΨ·
308 589 426 656 Christi
449 609 517 656 esse
540 607 599 656 nco
620 609 714 675 posse
737 588 927 656 sensualiter
953 589 1016 654 nisi
1042 589 1078 653 in
1099 588 1167 654 solo
1189 594 1387 655 sacramento
1410 608 1481 654 ma·

307 705 401 772 nibus
423 704 621 771 sacerdotum
644 707 776 770 tractari
799 704 850 770 vel
864 703 968 786 frangi
983 707 1039 769 aut
1052 703 1193 769 fidelium
1210 705 1357 770 dentibus
1373 705 1480 770 attari.

308 819 476 886 Consentio
501 826 606 887 autem
629 825 758 886 sauctae
780 819 941 886 &manac
963 824 996 885 et
1010 818 1202 909 apostolicae
1225 820 1293 886 sedi
1315 825 1349 885 et
1370 839 1427 885 ore
1450 833 1482 886 ct

306 936 401 1002 corde
429 933 592 1021 profiteor,
622 936 661 1002 da
689 935 896 1002 sacramentis
924 934 1100 1000 dominicae
1129 953 1258 1002 mensae
1285 953 1357 1001 eam
1382 931 1481 1000 fidem

307 1057 425 1134 mucre,
437 1071 532 1136 quam
548 1052 693 1116 dominus
709 1048 945 1117 et.vensrabilis
957 1069 1042 1136 papa
1052 1047 1218 1116 Nicolaus¹
1232 1049 1354 1116 ethaeo
1369 1056 1481 1116 sanda

308 1161 465 1252 synodus²
488 1167 674 1232 auctoritate
698 1165 880 1249 euangelica
906 1165 1135 1251 etapostolica
1156 1165 1324 1230 tenendam
1347 1165 1483 1231 tradidit

307 1281 449 1365 mihique
471 1280 624 1362 firmavit3
648 1279 782 1347 scilicet:
807 1301 922 1368 panem
946 1285 978 1348 et
999 1281 1119 1368 uinum,
1147 1299 1227 1364 quac
1248 1280 1284 1345 in
1306 1280 1401 1346 altari
1423 1301 1482 1366 po·

308 1401 436 1480 nuntur,
460 1401 533 1482 post
555 1396 822 1464 consecrationem
845 1416 909 1462 non
931 1396 1033 1462 solum
1049 1401 1281 1463 sacramentum
1303 1396 1360 1462 sed
1382 1396 1482 1462 ctiam

308 1513 418 1578 verum
441 1531 556 1598 corpus
579 1517 612 1577 ct
633 1511 818 1594 sauguinem
841 1511 962 1576 domiui
984 1512 1084 1578 nostri
1107 1511 1178 1578 Iesu
1199 1510 1318 1578 christi
1340 1531 1422 1595 esse,
1450 1517 1483 1578 et

307 1627 497 1695 sensualiter
523 1647 587 1693 non
616 1625 718 1693 solum
747 1627 781 1692 in
810 1632 1009 1693 sacramento
1038 1628 1095 1692 aed
1121 1627 1155 1692 in
1176 1627 1311 1694 verimte
1333 1627 1482 1693 manibus

307 1741 507 1810 sacerdotum
537 1743 668 1809 tractari
696 1743 801 1825 frangi
827 1747 860 1808 et
884 1741 1024 1808 fidolium
1054 1742 1201 1808 dentibus
1229 1742 1339 1822 eberh
1369 1742 1482 1808 iurans

308 1878 365 1944 per
393 1863 536 1924 sanctam
564 1858 746 1924 omousion·
775 1862 807 1923 et
834 1857 1031 1954 indiuiduam
1057 1857 1234 1924 trinitatem
1262 1863 1295 1923 et
1321 1877 1380 1943 per
1401 1857 1482 1924 haec

308 1978 509 2040 sacrosancta
531 1972 648 2039 Christi
673 1971 846 2055 euangelia.
880 1971 945 2038 Eos
968 1991 1055 2056 uero,
1077 1973 1133 2057 qui
1148 1979 1259 2039 eontra
1280 1972 1363 2039 hanc
1383 1971 1482 2039 tidem

308 2089 468 2171 venerint,
496 2107 568 2154 cum
597 2087 797 2172 dogmatibus
824 2093 859 2154 et
880 2089 1087 2154 sectatoribus
1109 2089 1175 2154 suis
1198 2093 1325 2154 aeterno
1348 2088 1483 2154 anathe-

201 2265 204 2276 ,
307 2209 393 2269 mate
415 2203 527 2287 dignos
542 2223 611 2270 esse
633 2204 813 2290 pronuntio.
892 2202 1010 2282 Quodsi
1026 2224 1084 2288 ego
1099 2203 1169 2290 ipsc
1184 2203 1353 2289 aliquando
1368 2209 1484 2270 contra

306 2319 385 2386 hacc
406 2319 523 2385 sentire
547 2318 667 2403 aliquid
689 2338 726 2384 ac
749 2317 933 2410 praedicare
947 2338 1199 2405 praesumpsero,
1223 2320 1404 2386 subiaceam
1426 2339 1482 2386 ca·

307 2455 426 2502 nonum
448 2436 619 2502 ostentati.
710 2433 806 2501 Lecto
830 2440 863 2501 ot
884 2434 1022 2521 perlecto
1045 2441 1158 2521 sponte
1181 2436 1364 2523 subscripsi.

311 2645 372 2717 23.
399 2646 577 2716 &melem
606 2651 771 2735 episcopas
805 2648 1047 2734 Bembcrqensis
1075 2648 1211 2714 Anauni
1241 2650 1482 2735 archiepiscopo

397 2762 575 2830 Coloniensi
596 2765 634 2829 de
657 2765 839 2830 demetata
855 2765 1111 2829 adversariorum
1126 2766 1265 2829 concilies
1286 2764 1480 2851 pratiatur.

397 2879 579 2947 Contionem
600 2881 719 2945 suade.
753 2880 833 2945 Alia
854 2880 955 2960 addit,
986 2881 1022 2945 in
1046 2880 1095 2944 bia
1122 2882 1161 2945 de
1182 2903 1242 2945 saa
1264 2903 1334 2945 cum
1358 2879 1482 2965 Aqnete

396 2999 595 3081 imperatrice
617 2988 886 3081 disceptatioasfl.
1343 2992 1383 3075 (E
1400 2995 1483 3077 202)

224 3144 290 3199 [062
396 3126 661 3193 &recentissime
689 3126 848 3209 diligendo
877 3136 931 3193 ac‘
966 3126 1170 3194 dilectissime
1198 3126 1334 3194 verendo
1363 3126 1483 3193 domno

306 3241 551 3328 sarchipraesulid
571 3238 744 3323 Atnncni)⁴
768 3240 974 3324 G(uutherus)
1003 3241 1078 3309 licet
1104 3242 1252 3326 indignus
1280 3240 1483 3329 episcopus‘‚

307 3356 457 3444 quicquid
479 3356 654 3423 devotionis
677 3362 709 3424 et
725 3357 867 3443 obsequii
881 3357 1001 3424 homini
1025 3358 1064 3424 ab
1079 3357 1206 3425 bomine
1221 3358 1357 3443 meaturi
1374 3362 1486 3444 potest

307 3472 479 3559 inpensius.

396 3588 487 3666 Quod
515 3592 620 3653 uestra
649 3588 790 3671 dignatio
812 3586 852 3653 de
878 3586 953 3654 fidei
981 3588 1218 3673 devotionisque
1237 3592 1381 3656 nostrae·
1405 3607 1484 3655 con-

308 3702 426 3769 stantia
452 3708 520 3769 tam
548 3702 669 3769 sincero
698 3702 874 3788 praesumit
900 3702 1033 3786 iudicio,
1066 3704 1100 3769 id
1128 3723 1203 3769 vero
1233 3708 1264 3769 et
1292 3702 1401 3771 debita
1429 3724 1485 3770 me

308 3816 420 3885 afficitr
451 3816 661 3903 gratulatione
696 3822 728 3885 ct
762 3817 865 3883 multa
897 3817 932 3883 in
965 3817 1080 3884 futuris
1114 3823 1226 3885 onerat
1257 3818 1484 3905 sollicitudine,

309 3938 344 3999 ut
365 3938 431 4000 tam
454 3934 570 4001 bonam
592 3934 632 4001 de
653 3954 705 4000 mc
725 3933 964 4019 persuasionem
980 3940 1167 4020 perpetuam
1189 3935 1298 4002 robis⁸
1320 3954 1485 4001 commen-

377 4081 398 4113 u.
421 4080 547 4126 omousycn
562 4068 586 4113 V.
678 4067 702 4114 b.
725 4062 790 4114 aae'V
806 4068 942 4121 sle-880,
964 4066 986 4111 Ζ
1000 4080 1027 4125 p.
1038 4068 1186 4121 186-187,
1210 4066 1284 4124 Cu,
1305 4068 1328 4113 B
1344 4068 1484 4115 35—350.

307 4158 328 4192 c.
352 4148 375 4192 et
393 4145 439 4194 OB.
502 4147 525 4193 d.
549 4146 721 4207 archispiscopo
739 4145 786 4193 OB.
851 4160 871 4192 a
894 4160 938 4191 osu
953 4146 976 4192 V.
1045 4146 1060 4193 t.
1084 4146 1160 4194 decit
1178 4145 1225 4194 CB.
1287 4160 1309 4205 ς.
1333 4148 1419 4193 csaB.

272 4292 274 4309 Ι
380 4232 456 4287 1.11.
528 4234 554 4286 2.
579 4232 683 4287 Romae
706 4230 752 4286 die
771 4232 806 4285 13
819 4228 889 4300 Aps}
904 4231 973 4286 1059
996 4230 1098 4286 habita.
1170 4235 1196 4287 3.
1220 4234 1263 4287 De
1287 4232 1339 4288 bac
1362 4234 1486 4301 epistola

307 4316 342 4373 ci.
359 4319 437 4375 Pluto
455 4319 553 4375 Kaisar
570 4317 698 4375 Heinrich
717 4319 766 4375 der
778 4318 874 4375 Vierte
891 4320 905 4374 1
923 4320 976 4374 195
998 4324 1027 4373 et
1044 4319 1223 4377 Giesobreoht
1245 4320 1412 4376 Goschichts
1431 4322 1486 4377 der

306 4405 728 4465 decumaniserzeufflloau.
764 4409 791 4465 4.
804 4408 1010 4478 archiepiscopo
1018 4406 1181 4465 Coloniensi.
1217 4409 1485 4479 uuamosrgemis
