3142 4850
218 500 286 555 llll

202 572 256 632 hpr.
268 573 298 620 lh

316 307 381 372 278
703 323 871 372 nnsusrcr
892 323 1020 372 conns.
1059 322 1106 372 151

315 489 350 552 in
366 486 505 551 Domino
516 479 537 562 ¹3
565 489 597 551 et
618 484 750 550 iterum:
775 485 845 566 Qua
866 498 911 550 cst
933 488 1015 550 enim
1029 497 1139 549 costa
1156 506 1227 571 epea
1247 492 1319 549 aut·
1337 485 1482 569 pandura

316 615 372 668 aot
398 623 515 667 corono
540 600 683 686 gloriae?
719 599 835 664 Nonas
861 623 917 666 vos
945 614 1017 666 oute
1039 601 1201 666 dominum
1223 611 1365 664 sonuum
1389 597 1484 662 Iessos

316 711 510 784 Comama
543 713 611 780 Hoc
633 733 707 796 ergo
723 714 864 780 caritatis
887 714 993 781 debito
1015 733 1226 800 provocamur
1247 718 1279 779 et
1301 712 1484 799 apostolicae

315 831 400 898 sedis
429 831 616 896 auctoritate
639 828 878 914 compellimur:
908 829 1060 895 honorem
1081 829 1221 895 debitum
1244 827 1417 894 tamtus*
1439 847 1485 893 ex·

316 945 424 1012 hibere
447 949 479 1011 et
501 950 629 1010 sanctae
650 943 811 1011 Romanae
834 943 985 1011 ecclesiae
1007 943 1194 1027 dignitatem
1217 963 1276 1030 pro
1299 963 1357 1009 sno
1379 943 1487 1027 cuique

316 1060 410 1126 modo
439 1059 551 1126 cemus
582 1058 721 1125 ecclesiis
750 1059 917 1146 impertiri.
1006 1059 1143 1143 ldcirco,
1174 1058 1364 1126 venerahilis
1395 1059 1487 1124 irata

318 1171 417 1257 Oitto)
433 1173 702 1258 Bahenbcrgensis
723 1174 875 1241 ecclesiae
889 1175 1064 1261 episcopa,
1089 1175 1248 1241 dilectoni
1262 1180 1338 1240 tuae
1361 1173 1487 1259 pallimn

318 1290 359 1356 ad
386 1309 476 1356 sacra
498 1291 667 1356 missarum
690 1289 878 1376 sollempnia
900 1289 1087 1356 celebranda
1109 1289 1317 1354 concedimus.
1353 1287 1424 1366 Quo
1446 1289 1488 1355 ui·

317 1406 432 1471 mirum
456 1404 638 1470 iratsmitas
661 1414 717 1470 tua
737 1405 824 1471 intra
846 1404 1011 1472 ecclesiam
1031 1402 1177 1470 tantumd
1199 1405 1247 1469 uti
1268 1404 1405 1488 noverit,
1431 1403 1488 1470 illis

317 1523 441 1588 tantum
464 1518 585 1603 diebm,
609 1539 687 1604 quos
709 1539 859 1606 praesens
883 1520 1053 1607 descriptio
1075 1519 1229 1600 continet3
1257 1518 1420 1585 videlicet:
1443 1519 1489 1585 die

317 1640 426 1702 sancto
441 1635 680 1702 resumoctionis
697 1635 874 1702 dominicae
889 1641 922 1702 et
936 1639 1163 1721 ponteonem,
1185 1634 1262 1700 item
1277 1634 1311 1700 in
1326 1633 1489 1700 nativitato

318 1751 437 1818 domini
459 1751 560 1818 nostri
582 1748 654 1816 Iesu
677 1749 811 1834 Christi,
842 1756 874 1816 et
902 1751 937 1816 in
958 1749 1108 1816 natalicio
1130 1754 1311 1816 sanctorum
1335 1749 1490 1836 apostolo

317 1887 388 1933 rum
403 1865 490 1932 Petri
509 1869 542 1931 et
555 1863 656 1948 Pauli,
680 1869 713 1932 et
733 1865 767 1930 in
790 1864 1025 1952 sollempnitate
1045 1866 1146 1932 sancti
1160 1865 1311 1932 Dionisii‘
1331 1867 1489 1953 martyris,

319 1981 533 2048 anniversario
567 1980 662 2047 etium
696 1980 941 2048 consecrationis
975 1984 1049 2048 tuae
1083 1981 1150 2065 die,
1184 1987 1217 2047 et
1243 1981 1490 2049 dedicationibus

318 2095 532 2163 ecclesiarum.
623 2094 720 2161 Cuius
733 2095 885 2162 nimirum
906 2096 1016 2182 pallii⁸
1030 2095 1175 2162 volumno
1189 2101 1222 2163 tc
1244 2097 1426 2183 peremnia
1441 2117 1490 2181 ge·

317 2213 406 2280 nium
421 2211 592 2279 vindicare.
627 2210 728 2276 Huius
744 2212 900 2296 siqnidem
915 2212 1093 2278 indumenti
1105 2211 1206 2278 honor
1220 2211 1384 2279 humilitas
1400 2220 1491 2298 atque

318 2328 444 2395 iusticia
471 2331 529 2394 est.
564 2325 645 2392 Tota
671 2326 768 2410 igitur
791 2333 896 2394 mente
917 2328 1100 2394 fraternitas
1121 2328 1195 2394 tna'¹
1220 2347 1255 2394 ss
1277 2328 1428 2395 exhihere
1448 2329 1491 2394 fe-

320 2445 417 2511 stinet
444 2446 478 2509 in
501 2443 661 2530 prosperis
684 2442 851 2527 humilem,
881 2445 915 2510 in
938 2444 1095 2528 adversis,
1125 2444 1301 2529 siquando
1324 2446 1490 2529 eveniant,

320 2580 391 2626 cum
411 2560 538 2626 iusticia
558 2564 710 2640 crectam3
735 2560 869 2625 amicam
890 2560 992 2644 honis,
1014 2560 1173 2646 perversis
1191 2561 1401 2642 contrariam
1424 2559 1490 2627 nul·

319 2676 546 2761 lius-umquam
565 2674 678 2741 faciem
694 2678 805 2741 contra
818 2676 985 2742 veritatem
1001 2676 1185 2761 suscipiens,
1209 2674 1326 2742 nullius
1341 2696 1492 2761 umquam

319 2790 431 2858 faciem
455 2812 513 2877 pro
536 2792 669 2857 veritate
694 2790 875 2875 loquentem
899 2810 1062 2877 premens;
1088 2790 1322 2858 misericordiae
1344 2792 1491 2878 operibus

320 2907 410 2973 iuxta
433 2907 582 2973 virtutem
609 2906 806 2973 substantiae
833 2906 999 2991 insistens,
1029 2913 1060 2973 et
1087 2907 1194 2973 tamen
1220 2908 1369 2973 insistere
1398 2908 1492 2975 etiam

320 3042 418 3108 snpra
432 3022 580 3088 virtutem
597 3022 743 3107 cupiens3
759 3020 894 3088 infirmis
910 3023 1118 3108 compaciens,
1134 3022 1404 3090 benevalentibus
1419 3042 1491 3089 con·

320 3136 476 3220 gandens3
506 3135 609 3202 aliena
632 3136 771 3223 dampna
800 3138 929 3224 propria
956 3138 1126 3224 deputans,
1160 3138 1199 3204 de
1228 3138 1339 3205 alicnis
1369 3138 1491 3222 gaudiis

319 3256 482 3336 tamquam
506 3251 545 3317 de
568 3252 706 3337 propriis
725 3251 885 3334 exultans3
908 3253 943 3317 in
966 3252 1159 3335 corrigendis
1173 3253 1259 3318 vitiis
1281 3255 1335 3339 pie
1358 3256 1491 3337 seviens,

320 3366 354 3432 in
376 3364 518 3432 fovendis
535 3366 704 3432 virtutihus
730 3367 909 3434 auditorum
932 3370 1071 3434 animum
1095 3367 1292 3450 demulcens3
1315 3369 1350 3434 in
1373 3370 1423 3436 ira
1443 3371 1491 3435 iu·

321 3478 437 3547 dicium
462 3481 529 3546 sine
551 3481 600 3547 ira
622 3486 743 3566 tenens,
766 3484 802 3549 in
823 3482 1053 3568 tranquillitate
1075 3489 1180 3551 autem
1197 3483 1377 3549 severitatis
1391 3484 1491 3551 iustae

321 3614 486 3663 censuram
507 3616 572 3663 non
594 3594 751 3664 deserens.
789 3598 856 3665 llec
879 3604 928 3665 est
950 3598 1051 3683 ergol,
1074 3599 1173 3666 frater
1195 3598 1374 3682 carissime,
1403 3598 1491 3685 pallii

321 3712 442 3797 accepti
464 3710 618 3795 dignitas,
650 3732 745 3797 quam
768 3714 796 3779 ai
819 3712 953 3782 sollicite
975 3714 1168 3798 servaveris,
1198 3714 1280 3799 quod
1302 3714 1382 3780 loris
1406 3732 1491 3780 acoe-

319 3829 405 3916 pisse
422 3826 607 3911 ostenderis,
631 3828 717 3894 intus
739 3828 879 3896 habebis.
962 3829 1014 3895 Ad
1037 3829 1096 3895 hec
1112 3831 1207 3896 etiam
1222 3828 1375 3896 vexillum
1392 3830 1490 3898 mnus

319 3944 404 4009 intra
418 3942 690 4025 Babenbergensis
706 3943 856 4012 ecclesiae
876 3945 1077 4032 parrochiam
1093 3949 1168 4011 ante
1180 3944 1293 4011 samem
1308 3952 1397 4012 tuam
1417 3964 1489 4033 por-

320 4060 382 4123 tari
398 4058 609 4141 concedimus,
625 4058 714 4125 salva
725 4059 873 4127 uidelicet
882 4058 1087 4144 Mogontinae
1101 4059 1284 4147 metropolis
1299 4060 1488 4140 reverentia3

390 4195 411 4227 s.
435 4180 516 4229 etVZ.
588 4180 610 4227 b.
635 4182 712 4229 ooaV.
786 4196 806 4229 c.
829 4181 871 4243 ep'o
884 4183 929 4230 ΡΖ.
1003 4184 1026 4229 d.
1049 4184 1178 4233 tauurllu.
1249 4198 1270 4230 e.
1292 4181 1487 4243 peutcchomol'.

319 4259 337 4306 t.
359 4258 464 4320 Dyonisii
481 4260 506 4307 Ζ.
580 4274 601 4319 g.
624 4262 718 4322 pallium
734 4261 778 4309 VZ.
850 4260 874 4308 h.
898 4264 975 4309 verua
989 4261 1039 4310 Usa.
1109 4265 1125 4311 t.
1148 4265 1255 4311 saeuiunt
1270 4262 1321 4310 Uos.
1389 4263 1412 4309 k
1434 4273 1487 4318 ato

327 4360 349 4371 -
361 4338 478 4387 cannino
494 4353 537 4387 om.
551 4339 594 4387 Vl.

392 4418 417 4471 1.
438 4417 453 4471 1
466 4414 563 4473 Thess.
576 4418 603 4488 3,
621 4418 647 4472 8.
735 4420 761 4474 2.
781 4419 797 4473 1
810 4416 908 4474 Thess.
921 4419 947 4489 2,
960 4418 1004 4474 la
