3142 4850
325 335 449 384 anonis
470 336 550 384 rma
573 335 729 384 orreum
764 339 831 385 rra
847 339 874 385 rr
897 335 939 387 ιι.
954 337 986 388 rs
1173 319 1239 386 639

76 491 223 558 festivitas
250 495 352 560 sancti
379 493 539 560 Hermetis
568 496 709 561 martiris
739 495 891 578 agebatur
910 531 955 544 -
977 495 1066 561 onius
1097 495 1240 581 precioso
1272 509 1343 564 1124

77 624 199 692 corpore
226 607 314 675 loona
342 609 411 694 ipse
435 629 454 674 a
475 609 649 695 primordio
676 629 734 696 per
762 610 961 679 fundatorem
992 629 1085 675 enum
1111 609 1240 676 matum
1256 583 1356 640 Μ’

77 719 251 788 Heinricum
266 723 415 790 nobiliter
429 729 478 790 est
492 724 661 807 insignitus
677 761 718 772 -
735 725 820 792 idem
840 725 1046 792 lamentabile
1061 725 1240 792 incendium

76 838 232 904 occasione
254 838 396 906 mulieris
419 840 580 906 cniusdam
610 839 644 905 in
672 845 766 926 partu
794 840 968 906 laborantis
990 840 1127 926 sumpsit
1148 860 1240 906 exor-

77 951 165 1018 dium.
193 953 282 1030 Quod
298 954 407 1020 statim
422 955 625 1020 circumcirca
640 973 674 1020 se
688 955 811 1041 impetu
821 955 928 1021 valido
942 961 1102 1039 torquens,
1113 975 1239 1021 omnem

75 1065 171 1134 locum
194 1073 285 1134 extra
306 1069 444 1134 civitatis
467 1071 619 1136 ambitum
643 1073 734 1136 tanto
756 1071 895 1137 vastavit
915 1072 1098 1152 atrocitate,
1127 1075 1166 1136 nt
1185 1071 1240 1135 six

76 1183 228 1249 furunculo
251 1183 447 1267 quorundam
470 1204 542 1250 case
566 1184 745 1251 evaderent
781 1184 855 1271 Ipsa
868 1206 943 1250 vero
960 1186 1073 1250 civitas
1095 1205 1167 1250 cum
1190 1205 1241 1251 ec·

75 1295 172 1362 elesiis
187 1299 253 1364 anis
267 1299 352 1364 inira
366 1299 416 1366 vel
434 1305 525 1366 extra
548 1299 660 1384 positis
682 1301 858 1384 patrocinio
882 1299 966 1366 beati
981 1299 1141 1365 Hermetis
1163 1299 1241 1365 aiio·
1363 1324 1367 1330 ·

74 1431 200 1498 namque
224 1413 444 1480 aduocatorum
469 1433 597 1481 snomm
623 1413 713 1480 illesa
740 1415 925 1500 permansit
1014 1415 1067 1480 Ad
1088 1414 1241 1480 nichilum

74 1526 175 1612 itaque
196 1529 283 1595 trans
307 1534 339 1596 et
361 1529 486 1596 malicia
500 1530 619 1596 verenti
644 1529 742 1596 hostis
765 1538 821 1596 eet‘
836 1530 981 1609 redacts3
1005 1531 1153 1613 quoniam
1171 1531 1240 1613 qni·

73 1641 140 1708 dem
168 1647 202 1710 et
228 1663 346 1730 sponsa
374 1645 552 1710 casdssima
574 1643 761 1727 Babenberg
787 1651 901 1711 tetram
929 1644 1119 1710 calamitatis
1147 1645 1241 1712 iunius

73 1757 271 1843 nubeculam,
299 1764 391 1845 patre
418 1779 476 1826 suo
504 1766 666 1843 tamquam
690 1760 884 1826 serenissimi
910 1759 987 1826 solis
1009 1759 1121 1825 iubare
1142 1759 1184 1824 ad
1206 1779 1241 1825 so

71 1891 205 1957 reuerso,
227 1874 319 1940 facile
341 1876 568 1960 recuperavit,
592 1880 623 1940 et
644 1871 730 1961 ipse¹
751 1876 868 1941 atrium
882 1894 985 1958 sunm,
1009 1874 1092 1958 quod
1114 1875 1170 1940 din
1192 1894 1245 1940 sse

72 2007 161 2056 curua
184 1989 378 2075 possederat,
403 1988 487 2057 ultra
509 1995 616 2057 tenere
638 2010 700 2056 nen
725 1991 837 2075 potuit
873 1989 998 2056 Christo
1021 1989 1105 2056 enim
1128 1990 1162 2054 in
1179 1988 1240 2055 Po-

73 2107 209 2171 merania
232 2125 289 2190 per
305 2104 516 2192 apostolatum
538 2104 582 2190 pii
598 2105 723 2171 Ottonis
737 2110 901 2188 regnante,
923 2105 1045 2171 inimici
1060 2103 1242 2172 defecerunt

71 2217 185 2287 tamea
206 2221 242 2288 in
264 2219 370 2302 linem,
393 2225 427 2286 et
448 2219 591 2286 ciuitates
615 2239 722 2286 eornm
746 2221 905 2286 destructe
927 2217 1027 2287 sunt&

158 2337 209 2400 15.
245 2335 378 2402 Plurimi
403 2341 507 2401 antem
523 2335 727 2402 inlinensium
751 2355 810 2422 pro
831 2334 1049 2419 negociatione
1071 2355 1129 2400 sna
1151 2339 1240 2402 trans

71 2470 155 2517 mare
178 2452 336 2531 abierant3
366 2452 435 2536 qni,
460 2452 568 2517 andita
589 2452 707 2519 civium
730 2472 859 2518 suornm
882 2451 1102 2534 conversione,
1125 2452 1241 2537 spiritu

70 2562 128 2632 Dei
139 2550 358 2654 preveniente,
383 2566 572 2633 emulatores
588 2588 696 2633 eorum
712 2568 789 2633 lacti
806 2572 889 2632 sunt.
924 2566 967 2632 Et
982 2566 1023 2632 ad
1038 2565 1241 2651 metropolim

71 2698 157 2747 suam
178 2682 310 2766 reversi,
332 2682 401 2766 regi
422 2702 532 2765 regum
553 2682 678 2749 Christo
701 2682 782 2748 eolla
804 2682 1004 2764 submittunt,
1028 2680 1199 2765 statimque
1220 2700 1242 2747 a

70 2798 268 2881 presbiteris,
292 2818 371 2882 quos
394 2798 466 2883 pius
489 2796 563 2863 Otto
586 2797 651 2865 illie
674 2798 895 2880 constituerat,
922 2795 1092 2881 baptizati,
1119 2796 1240 2862 civibus

69 2911 142 2996 suis,
166 2912 286 2979 dudum
310 2912 491 2980 christianis
513 2912 635 2995 legibus
657 2913 802 2997 initiatis,
826 2912 896 2998 pari
910 2912 1077 2977 deuotione
1099 2911 1240 2977 adunan-

68 3030 127 3092 tur.
161 3027 206 3095 Et
229 3028 345 3095 mirum
369 3030 402 3094 in
424 3027 553 3095 modum
575 3026 758 3095 fidelissimo
780 3026 1074 3115 preconeveritatis
1095 3027 1242 3113 inopere

68 3141 126 3208 Dei
148 3144 330 3227 laborante,
361 3143 493 3211 ecclesia
519 3163 577 3228 per
600 3148 700 3210 totam
728 3145 888 3227 regionem
915 3142 1005 3208 illam
1027 3142 1188 3209 crescebat
1209 3147 1242 3208 ot

69 3259 316 3342 confortabatur,
338 3258 555 3343 Dominusqne
579 3258 715 3342 angebat
732 3258 870 3340 cottidie,
895 3258 948 3343 qui
971 3256 1052 3323 seiri
1072 3256 1186 3323 fierent
1206 3257 1240 3322 in

67 3373 99 3439 id
121 3371 256 3461 ipsnm³.
347 3375 520 3460 Apostolus
549 3375 656 3459 itaque
678 3374 925 3441 Pomeranorum
948 3371 1028 3438 duas
1054 3371 1121 3437 illic
1143 3372 1241 3439 eccle·

68 3488 130 3555 sias
158 3490 339 3557 constituit:
375 3509 469 3555 unam
498 3490 532 3555 in
562 3488 689 3555 civitate
717 3488 799 3554 lulin
827 3487 886 3553 sub
914 3487 1034 3553 honore
1060 3492 1240 3553 sanctorum

67 3602 232 3672 Adelberti
255 3610 287 3671 et
301 3603 466 3686 Winezlai,
490 3603 545 3688 qui
566 3624 681 3687 magne
695 3603 779 3689 apud
800 3602 951 3669 barbaros
966 3602 1124 3688 opinionis
1139 3607 1241 3686 erant,

67 3718 100 3784 in
126 3721 214 3804 loco,
247 3720 302 3786 ubi
333 3718 457 3805 profani
485 3718 702 3787 demoniorum
731 3718 812 3784 ritus
840 3718 891 3801 agi
919 3717 1077 3800 solebant,
1106 3724 1159 3800 nt,
1186 3716 1242 3783 nbi

68 3852 180 3921 spurca
203 3835 328 3922 pridem
350 3835 550 3918 commercia,
574 3834 691 3901 Christi
714 3833 863 3917 deinceps
884 3832 1159 3917 frequentarentur
1181 3832 1241 3897 mi·

67 3951 178 4033 steria3
203 3950 339 4017 alteram
354 3954 447 4015 extra
461 3950 620 4016 civitatem
636 3950 671 4015 in
686 3967 799 4035 campo
813 3948 894 4013 mire
907 3945 1085 4013 latitudinis
1107 3952 1141 4013 et
1155 3966 1241 4013 ame·

137 4228 159 4262 a.
182 4214 287 4263 sicCB.

138 4337 162 4390 1.
181 4338 313 4391 versutus
331 4332 418 4389 hostis
436 4332 593 4401 (diabolus).
674 4336 700 4389 2.
718 4334 763 4388 Pe.
777 4335 803 4403 9,
817 4334 842 4387 7.
922 4334 948 4387 3.
967 4330 1031 4387 Aet
1046 4335 1135 4402 apest.
1148 4333 1174 4402 2,
1191 4333 1242 4389 tiz

69 4420 219 4492 ,Dominus
239 4426 332 4477 antem
352 4420 481 4491 augebat,
500 4422 547 4493 qui
565 4422 633 4477 salvi
651 4420 750 4477 tierent
767 4420 891 4492 qnotidie
908 4421 937 4475 in
953 4420 984 4475 id
999 4418 1118 4491 lpsnm“.
