3142 4850
368 307 492 357 aeonis
513 308 594 355 runa
617 307 774 357 erroris.
809 310 875 357 nm.
891 310 930 357 111
955 308 987 358 ro
1203 292 1268 357 673

95 465 204 530 navim
226 464 272 531 ibi
290 465 421 533 fortuito
444 470 676 551 pretereuntem
694 468 861 557 aspiciens,
883 465 978 533 naulo
993 466 1067 532 datu
1084 486 1152 533 oum
1170 486 1269 551 quan·
1287 483 1357 537 1121

94 580 197 645 tocius
212 579 337 662 ingredi
351 580 554 647 accelerabat
646 580 736 658 Quod
751 581 937 647 Uodalricus
952 579 1013 647 Dei
1032 587 1110 647 nutu
1125 581 1268 647 animad-

95 699 233 776 vertens,
256 695 349 759 sociis
372 694 538 761 confestim
561 696 722 761 indicauit
758 695 808 761 llli
832 695 951 781 pernici
974 714 1067 761 cursu
1091 716 1162 761 eum
1184 697 1269 763 inse-

95 814 226 889 cuntur3
254 809 439 894 primusque
466 810 657 877 Adalbertus
687 811 861 896 interpres,
889 830 960 876 eum
990 811 1268 895 comprehendens,

94 922 231 989 inritum
254 943 292 992 ac
314 926 502 991 renitentem
524 924 652 991 demum
674 925 779 991 redire
802 924 963 1010 compth
999 925 1075 1008 Qui,
1099 925 1197 992 alcius
1219 926 1268 991 in·

94 1038 272 1121 gemiscens
293 1060 390 1123 seque
411 1040 640 1126 deprehensum
665 1041 779 1107 acriter
802 1039 927 1123 dolens,
956 1060 1073 1125 paucos
1100 1041 1227 1108 tandem
1251 1061 1269 1107 e

95 1154 163 1219 suis
187 1153 362 1239 periculose
384 1154 477 1221 buius
492 1155 543 1222 rie
559 1156 661 1221 socios
676 1155 792 1223 babere
807 1156 939 1237 maruit;
964 1156 1029 1239 qui,
1053 1156 1186 1223 nimium
1201 1157 1269 1222 eius

94 1267 253 1335 fervorem
276 1270 527 1354 considerantes,
555 1271 643 1337 nefas
666 1272 838 1338 censebant
864 1292 934 1339 eum
962 1289 1111 1337 revocare
1139 1275 1194 1336 aut
1220 1269 1269 1335 in·

95 1382 282 1448 comitatum
315 1384 502 1469 relinquere.
593 1386 713 1453 Narem
746 1407 821 1470 ergo
857 1386 1006 1469 ingressi,
1042 1405 1113 1453 cum
1149 1385 1269 1451 civitati

96 1497 270 1567 Stetinensi
301 1501 624 1586 appropinquassent,
662 1501 875 1586 speculatores
911 1521 965 1567 eos
999 1505 1203 1585 &noscentes
1238 1506 1272 1567 et

95 1613 332 1681 considerantes
362 1615 484 1698 ingenti
518 1616 654 1701 strepitu
681 1616 802 1683 civibus
831 1617 995 1701 antiquum
1024 1615 1141 1681 erroris
1169 1615 1270 1699 magi-

95 1734 199 1795 strum
221 1730 424 1814 superuenire
447 1729 673 1813 acclamabant,
700 1730 750 1795 cui
773 1749 844 1797 cnm
867 1729 982 1813 gladiis
1006 1734 1038 1795 et
1058 1729 1195 1795 metibus
1218 1749 1270 1795 ec-

96 1862 223 1911 currere
245 1848 279 1911 et
298 1880 339 1890 -
358 1845 398 1911 ad
420 1844 570 1911 iniuriam
590 1845 720 1911 deorum
743 1844 964 1911 vindicandam
986 1880 1023 1889 -
1043 1844 1171 1927 indigne
1187 1848 1270 1910 trac-

97 1962 167 2025 tare
188 1960 368 2052 expediret.
402 1959 492 2037 Quod
522 1959 658 2025 famulus
682 1958 741 2025 Dei
764 1978 835 2025 cum
866 1979 923 2045 per
945 1960 1149 2044 interpretem
1173 1976 1271 2041 agno·

94 2073 206 2155 risset,
227 2074 404 2160 intrepidus
422 2095 459 2141 ac
473 2074 578 2141 calore
600 2074 673 2140 fidei
697 2079 849 2157 umatus,
873 2073 974 2141 crucis
991 2073 1140 2141 vexillum
1158 2074 1269 2157 erexit,

95 2187 329 2273 pontificalibus
361 2208 431 2257 sese
469 2188 662 2257 indumentis
699 2190 885 2275 preparavit
919 2190 1026 2274 eisque
1064 2188 1190 2256 obviam
1224 2189 1272 2255 ire

96 2301 291 2370 deliberarit.
332 2304 501 2389 Primoque
528 2305 692 2371 ecclesiam
719 2304 874 2389 principis
896 2304 1128 2390 apostolorum,
1158 2314 1271 2387 quam·

97 2422 317 2506 antepartum
341 2419 481 2488 eiusdem
504 2419 592 2487 urbis
614 2420 683 2506 ipse
700 2425 910 2504 exstruxerat,
935 2421 1106 2504 ingressus,
1130 2418 1270 2486 debitum

96 2532 223 2600 Christe
250 2535 450 2621 persolvebat
472 2536 674 2621 obsequium,
700 2536 764 2601 iam
795 2534 922 2620 iamque
951 2534 1127 2621 prestolans
1159 2533 1271 2600 borba-

95 2668 203 2716 rorum
232 2669 396 2717 occursum
425 2671 578 2737 suamque
605 2652 639 2717 in
661 2649 788 2716 Christo
818 2650 1129 2716 consummationem.
1221 2647 1271 2713 llli

95 2784 182 2848 vero,
206 2772 279 2851 post
300 2766 458 2832 modicum
480 2765 674 2832 tumultuoso
688 2764 824 2850 strepitu
848 2765 948 2850 portis
964 2769 1174 2850 erumpentes,
1198 2782 1269 2830 cum

95 2901 205 2948 seruos
220 2880 339 2948 Christi
361 2881 485 2948 divinas
507 2880 617 2948 laudes
639 2879 776 2967 psallere
799 2887 973 2963 comerent,
997 2879 1051 2946 diu
1075 2877 1271 2962 multumque

94 2997 269 3064 hesitantes
284 3002 318 3062 et
338 2996 423 3062 inter
437 3017 472 3063 se
487 2995 637 3081 quidnam
653 3000 785 3080 agerent
800 2994 1006 3078 conterentes,
1029 2993 1167 3077 tandem,
1191 2999 1271 3060 nutu

95 3111 157 3178 Dei
184 3113 297 3178 timore
325 3111 501 3197 perterriti,
534 3112 586 3178 ria
614 3131 678 3195 qua
704 3118 857 3178 venerant
889 3109 1010 3176 confusi
1038 3109 1268 3191 regrediuntur.

95 3225 153 3294 lllo
177 3226 274 3310 igitur
296 3227 347 3292 die
370 3233 403 3294 et
424 3226 569 3310 sequenti
597 3225 729 3292 sabbato
758 3226 792 3291 in
816 3225 925 3290 eadem
956 3224 1088 3292 ecclesia
1110 3243 1180 3290 cum
1204 3223 1270 3290 suis

94 3342 217 3411 theorie
240 3360 356 3408 vacans
379 3341 490 3408 boram
518 3341 676 3427 passionis
705 3339 853 3407 sicienter
876 3339 1063 3426 expectavit
1103 3337 1271 3406 Dominica

95 3462 202 3524 autem
225 3455 441 3540 illucescente,
470 3457 574 3542 prime
604 3475 697 3523 mane
725 3459 799 3540 post
826 3453 982 3540 completa
1010 3455 1179 3521 missarum
1208 3453 1270 3520 sol-

93 3572 237 3658 lempnia
258 3570 332 3638 Otto
355 3591 466 3638 servus
488 3569 565 3653 Dei,
589 3569 761 3656 pontificali
789 3568 956 3635 redimitus
985 3569 1085 3634 infula
1106 3570 1271 3654 crucisque

93 3684 213 3754 uexillo
235 3684 369 3771 prelato,
391 3685 630 3768 euangelizandi
650 3686 756 3768 gratia
777 3685 811 3750 in
831 3684 958 3750 turbam
980 3685 1149 3769 processit;
1172 3683 1270 3751 Udal-

92 3803 197 3870 ricum
228 3800 295 3867 rice
323 3800 447 3868 diaconi
476 3800 645 3868 dalmatica
673 3800 817 3867 indutum
850 3804 882 3866 et
903 3797 1108 3866 Adelbertum
1138 3801 1173 3865 in
1199 3797 1268 3864 loce

93 3914 282 3983 subdiaconi
304 3913 446 3999 aliosque
468 3914 555 3981 verbi
570 3914 631 3982 Dei
654 3920 873 3999 cooperatores
889 3913 949 3980 sibi
966 3931 1138 3982 assumens.
1167 3911 1271 3978 Erant

91 4037 203 4098 autem
230 4029 297 4095 illic
324 4029 497 4115 piramides
521 4049 635 4113 magne
661 4035 694 4096 et
722 4029 756 4094 iu
783 4029 882 4094 altum
907 4047 995 4094 more
1023 4026 1176 4112 paganico
1200 4047 1270 4092 mu·

164 4257 186 4290 a.
209 4255 306 4304 aequans
322 4239 413 4300 solium
433 4238 521 4287 codicis
540 4239 676 4286 Cercinam
694 4247 735 4286 ert
763 4239 850 4299 Recepi
870 4236 943 4298 ἐρίων
959 4251 988 4284 ec
1004 4235 1082 4284 codice
1097 4237 1131 4294 E,
1153 4251 1213 4297 qaue
1232 4250 1269 4284 re·

90 4328 213 4384 quantur.-
228 4324 281 4367 ants
296 4323 385 4380 portam
399 4313 423 4352 ss
436 4333 509 4380 sapas
524 4318 558 4366 ed
571 4318 688 4380 sequanis
699 4317 785 4379 cupitis
801 4315 873 4365 verbu
886 4313 956 4364 bueo:
971 4315 1058 4362 relictis
1073 4315 1098 4362 iu
1109 4315 1176 4362 deme
1193 4329 1267 4363 sacer·

90 4402 196 4456 dotibus,
213 4401 301 4459 messi
317 4399 460 4447 unanimiter.

136 4483 221 4537 ssent.
236 4487 383 4532 nuceam
392 4486 422 4530 v.
1019 4473 1056 4528 to
