3142 4850
295 325 360 389 716
569 342 750 389 nonnosum
772 341 954 389 nunnouns.
990 342 1085 389 nrmn
1110 339 1199 391 1118

295 502 558 569 monasteriorum
581 523 706 569 summa
728 502 868 588 perieoit.
908 500 969 566 Uni
993 501 1140 587 episeopo
1162 500 1241 576 sutis
1262 500 1340 581 lnit3
1366 502 1463 566 immo

295 638 369 683 vero
393 618 494 684 tribus
518 625 573 685 aut
595 625 738 703 quatuor.

387 734 438 798 18.
474 731 537 799 Sed
557 754 664 818 quare,
688 734 827 814 obsooro,
852 738 973 799 tantum
990 732 1153 819 pecuniam
1170 732 1203 797 in
1218 732 1297 799 talia
1312 732 1463 817 proiecit?

295 848 423 914 Certum
447 855 496 914 ost
518 850 613 932 onim,
638 848 720 933 quod
743 868 805 913 non
830 849 898 913 sine
921 848 1044 930 magnis
1067 848 1246 934 sumptibus
1268 850 1331 915 ista
1347 850 1465 914 eonsti-

294 965 399 1030 terint
435 963 499 1029 Sed
521 966 604 1029 sieut
625 984 663 1031 oa
685 960 914 1049 reprehendero
938 982 1000 1027 non
1029 963 1144 1045 audeo,
1179 964 1225 1029 ita
1246 964 1296 1029 vel
1324 964 1463 1046 laudare,

293 1080 356 1145 nisi
380 1078 511 1144 alieuius
534 1079 771 1165 prudentissimi
795 1077 931 1144 bominis
955 1078 993 1144 do
1015 1078 1076 1144 biis
1098 1080 1286 1145 sententiam
1309 1080 1463 1162 audirem,

294 1214 357 1261 non
386 1213 543 1279 prosumo.
586 1197 727 1260 Mundus
757 1198 840 1258 euim
869 1194 1015 1279 inquiunt
1043 1196 1179 1260 cenobiis
1208 1209 1236 1260 et
1264 1200 1464 1263 monasteriis

289 1312 405 1397 plenos
428 1324 481 1375 est.
518 1311 605 1391 Quid
627 1314 726 1395 ipitar
747 1332 870 1374 neeesse
891 1323 945 1389 est,
970 1322 1057 1375 tantu
1072 1311 1150 1393 fieri
1170 1313 1383 1376 monasterio?

385 1424 508 1490 Timo:
544 1425 613 1489 Non
642 1431 678 1490 tu
708 1425 829 1510 primus
859 1425 921 1489 ista
948 1429 1094 1490 seusatus
1123 1444 1173 1505 os;
1204 1426 1299 1491 otiam
1330 1444 1402 1491 eum
1425 1446 1463 1492 oo

294 1540 364 1624 ipso
387 1539 460 1605 talis
483 1540 522 1605 do
545 1539 594 1605 his
616 1560 679 1605 non
702 1539 800 1605 semel
824 1559 843 1604 a
866 1540 932 1604 suis
953 1539 1161 1606 familiaribus
1184 1540 1292 1607 habito
1316 1548 1365 1607 ost
1387 1560 1463 1625 que·

294 1656 365 1720 sliu.
401 1654 464 1721 Sed
478 1656 553 1739 quio
574 1655 657 1721 hune
672 1655 764 1721 valde
784 1654 972 1741 prudentem
988 1654 1085 1721 fuisse
1107 1674 1170 1721 non
1194 1656 1339 1739 ambigis,
1362 1658 1462 1742 ipsius

294 1770 352 1837 libi
375 1770 414 1837 de
436 1770 496 1835 hae
517 1791 553 1836 ro
575 1770 644 1836 dieo
668 1772 869 1855 sententiam,
892 1772 923 1837 si
943 1770 1055 1857 placat.

384 1887 475 1952 Tum
499 1905 583 1968 ego:
608 1885 678 1951 Non
701 1885 781 1951 alius
806 1887 962 1971 inquom
986 1887 1067 1951 sient
1083 1887 1150 1952 eius
1166 1906 1244 1971 eque
1259 1894 1351 1970 grata
1366 1888 1461 1955 miolri

295 2021 390 2087 super
412 2002 512 2086 ipsius
535 2020 633 2087 opera
654 1976 804 2087 umquam
828 2002 945 2087 poterit
968 2021 1036 2067 esse
1059 2003 1224 2068 sententia

384 2116 528 2183 Tiamo:
553 2115 738 2181 Parabolam
761 2118 893 2201 inquit
915 2116 1003 2182 illam
1027 2117 1238 2199 euangelicam
1263 2118 1302 2183 do
1320 2117 1461 2183 Samari-

293 2238 367 2299 tano
395 2238 428 2298 et
455 2232 580 2297 bomine
604 2252 623 2296 a
644 2231 820 2297 latronibus
850 2252 921 2299 seso
951 2238 983 2297 et
1004 2232 1126 2301 stabulo
1156 2238 1249 2317 atquo
1272 2230 1462 2299 stabulario¹

294 2348 334 2413 od
356 2367 447 2413 suam
470 2366 598 2412 oausam
627 2346 822 2430 inflectebat,
858 2348 981 2433 quando
1009 2347 1207 2415 familiariter
1231 2349 1270 2414 ab
1293 2349 1399 2435 aliquo
1422 2350 1465 2416 ds

294 2465 409 2532 talibus
431 2463 579 2550 oporibus
601 2465 856 2531 conveniebatur.
904 2465 1040 2530 Moesius
1073 2465 1119 2530 ait
1146 2469 1202 2530 iste
1228 2477 1308 2530 tous
1336 2467 1465 2532 exilium

293 2593 345 2664 est,
370 2594 398 2646 el
412 2583 562 2669 quamdiu
584 2584 712 2646 uiuimus
733 2585 767 2646 io
789 2581 847 2646 boe
867 2583 978 2661 semele,
998 2585 1238 2667 peregrinamur
1253 2607 1272 2646 o
1292 2579 1465 2666 Domiuo²5

292 2699 374 2762 uode
401 2697 529 2762 stabulis
551 2719 673 2781 epemus
696 2709 788 2784 utque
816 2697 999 2762 diversoriis.
1040 2693 1172 2762 Stabula
1194 2716 1267 2762 vero
1297 2701 1330 2763 et
1359 2697 1466 2763 diver·

293 2810 377 2877 soria
399 2810 494 2877 oellas
517 2810 642 2876 (licebat
663 2817 757 2895 atquo
779 2811 987 2893 monasteria,
1016 2816 1049 2876 et
1070 2831 1109 2877 ea
1136 2831 1198 2878 non
1226 2811 1384 2896 indigenis
1405 2813 1467 2879 sod

292 2927 467 3013 peregrinis
490 2925 589 2992 seonli
611 2947 680 2992 esso
702 2931 866 3012 oportuna.
904 2927 967 3006 Qui
989 2927 1084 2992 multo
1098 2927 1202 3012 inquit
1216 2930 1265 2993 sel
1277 2932 1376 2993 nimio
1400 2953 1468 2996 esse

292 3045 341 3108 uel
365 3045 443 3135 fieri
465 3055 636 3130 querantur
658 3045 842 3123 diversoria,
872 3065 933 3105 ooo
956 3065 988 3106 se
1010 3045 1044 3106 io
1068 3047 1319 3130 perspriuob'ons
1344 3048 1470 3132 potitos

287 3170 402 3246 potant
422 3161 479 3223 sed
498 3162 532 3222 io
549 3159 667 3244 patrio.
713 3158 832 3239 Quodsi
854 3181 874 3221 u
896 3158 1077 3223 latrunculis
1099 3163 1241 3246 occupati
1260 3160 1401 3243 fierint,
1440 3163 1470 3225 si

291 3275 416 3360 spoliati
438 3276 499 3338 eesa'
525 3285 617 3361 atque
641 3274 766 3359 plapats·
788 3273 913 3356 saeviat
940 3285 968 3338 et
991 3276 1034 3338 itu
1062 3277 1199 3340 semivivi
1221 3269 1347 3357 relicti,
1383 3289 1470 3342 eme

292 3390 341 3454 oel
360 3392 448 3454 s'ooib'
469 3391 674 3475 experientur,
698 3411 791 3476 quom
815 3387 922 3452 melios
945 3402 988 3454 est
1008 3393 1096 3454 iustu
1113 3413 1176 3456 esse
1192 3391 1345 3456 stabolum
1369 3413 1469 3478 quum

286 3505 409 3591 proed.
444 3505 519 3569 Com
543 3507 623 3568 euim
645 3505 823 3589 repentinos
849 3509 1024 3590 saperem!
1046 3508 1184 3571 bertericus
1207 3518 1235 3570 st
1257 3507 1470 3571 dolorosas·

293 3621 325 3684 in
346 3630 433 3683 retem
456 3614 619 3699 babentis‘,
642 3623 687 3682 ita
709 3629 744 3682 ot
765 3621 897 3684 madere
918 3643 980 3684 oon
995 3633 1126 3706 sperereb
1151 3623 1304 3709 quomodo
1329 3621 1402 3685 illue
1420 3622 1471 3687 le·

292 3738 371 3818 ouri¹
383 3745 544 3820 poterisne,
573 3736 600 3798 ei
624 3735 737 3821 promel
758 3731 821 3798 esti
859 3735 904 3799 Et
933 3739 961 3800 si
989 3737 1065 3800 eules
1088 3736 1175 3801 molli
1196 3739 1229 3800 io
1252 3737 1326 3800 locis
1350 3737 1470 3818 molti-s,

291 3873 393 3915 suosne
414 3851 536 3929 meliro,
563 3850 686 3915 staffilo
706 3851 805 3914 multu
828 3873 891 3914 esse
913 3873 1007 3938 quom
1024 3849 1154 3938 poseo?
1189 3851 1228 3917 ss·
1249 3855 1330 3916 esim
1355 3877 1471 3939 poiseo

282 3965 416 4049 fuerim,
439 3965 592 4052 quornodo
607 3965 709 4028 multis
729 3967 912 4050 pereprinis,
935 3967 1038 4030 moltis
1052 3967 1209 4057 sufficient
1223 3965 1355 4053 epo-olis?
1384 3969 1471 4034 Pre-

290 4093 375 4145 tereo
396 4077 516 4164 inquit*
538 4081 703 4144 suavissima
725 4079 805 4144 bore
828 4075 886 4144 est⁵
910 4091 939 4144 et
964 4083 1097 4146 memoro
1124 4085 1155 4145 io
1179 4083 1316 4169 malique
1342 4086 1472 4168 positar

363 4269 384 4301 a.
407 4256 473 4302 sicud
489 4256 520 4302 N.
679 4255 701 4300 b.
724 4255 805 4314 inquid
822 4255 851 4301 N.

364 4353 388 4403 1.
406 4351 474 4404 Lus·
488 4352 530 4418 10,
547 4350 674 4404 30-37.
781 4351 807 4404 ⁶2.
827 4347 869 4404 cf.
887 4352 904 4404 2
923 4351 1044 4406 Corinth.
1057 4354 1082 4420 b,
1102 4355 1127 4408 6.
1228 4353 1255 4408 3,
1273 4354 1340 4408 Luo.
1356 4355 1399 4420 lo,
1418 4355 1468 4409 30.

291 4437 318 4488 o.
339 4436 460 4492 russos
473 4441 499 4507 o,
517 4439 544 4490 3.
652 4438 678 4492 o.
698 4436 783 4493 110n.
797 4439 822 4507 a,
837 4439 879 4493 18.
