3142 4850
376 324 500 373 aaoms
522 326 603 373 vrrs
626 324 784 373 orrours.
820 326 884 373 cra.
901 326 940 373 nr
962 322 997 374 ao
1205 308 1269 373 691

100 482 258 568 prohibet,
285 484 437 565 gemitum
462 504 537 550 vero
559 482 690 551 affectus
717 488 899 570 extorquet3
930 484 1044 551 etenim
1072 489 1137 551 tam
1162 489 1359 554 sanctonas

101 603 148 663 est
175 598 214 664 de
247 596 333 664 illins
366 598 468 681 gloria
501 598 654 667 exultatio
688 618 783 686 quam
819 600 890 686 pius
918 600 957 667 ds
985 600 1121 667 transitu
1156 600 1268 666 luctus.

100 712 324 795 lgnoscendum
354 721 404 780 est
430 714 593 798 dentibus,
627 715 851 799 gratulandum
880 715 1103 800 gaudentibus3
1134 717 1208 801 quia
1239 722 1271 783 et

99 828 184 914 pium
213 836 262 895 est
290 830 427 912 gaudere
450 831 614 914 Ottonem,
645 837 676 897 ot
704 832 791 917 pium
826 836 875 897 est
901 830 976 897 flere
1000 831 1163 915 Ottonem,
1194 832 1268 897 dum

98 962 178 1010 unus
194 946 326 1029 quisque
348 956 381 1013 et
403 946 464 1012 sibi
487 952 609 1032 prestat
632 952 667 1012 ut
681 947 797 1031 doleat,
822 953 853 1014 et
876 946 921 1011 illi
945 946 1038 1013 debet
1061 953 1096 1011 nt
1122 946 1267 1030 gaudeat.

116 1146 121 1157 ο
184 1060 372 1128 Venerabile
386 1080 501 1147 corpus
516 1062 594 1146 eius,
618 1063 807 1145 areligiosis
824 1062 900 1129 viris
923 1068 1066 1127 curatum
1091 1066 1123 1127 et
1146 1082 1268 1128 aroma-

98 1177 179 1242 tibus
202 1177 373 1261 oonditum‚
397 1196 455 1262 per
477 1178 601 1260 singula
624 1178 817 1244 monasteria
840 1184 888 1243 est
908 1178 1118 1263 deportatum,
1141 1178 1268 1263 illicqus

98 1292 275 1374 uigiliarum
298 1292 439 1359 excubiis
463 1313 500 1360 ac
520 1294 689 1359 missarum
705 1293 890 1379 solempniis
913 1293 1110 1359 honoratum.
1145 1293 1196 1359 Ad
1213 1313 1268 1359 ex·
1298 1274 1302 1277 ’

97 1412 230 1474 bornum
260 1409 293 1473 in
323 1413 462 1474 montem
493 1409 595 1475 sancti
618 1407 780 1473 Michaelis
811 1408 1006 1491 archangeli,
1037 1408 1182 1494 specialis
1211 1429 1267 1494 pa-

96 1526 178 1589 troni
200 1524 268 1609 sui,
292 1524 433 1591 defertur
455 1525 561 1610 ibique
584 1525 616 1589 in
641 1524 790 1606 ecclesia,
814 1544 907 1608 qnam
931 1526 1000 1609 ipse
1024 1528 1179 1590 vetustate
1203 1524 1267 1590 col-

96 1637 215 1724 lapsam
239 1640 273 1705 in
297 1640 448 1706 maiorem
472 1646 589 1706 statum
614 1660 633 1704 a
654 1640 868 1705 fundamentis
891 1634 1137 1723 reedifioarerat,
1160 1639 1266 1706 debito

96 1772 164 1820 curn
187 1756 306 1822 honore
328 1756 494 1841 excipitur.
585 1755 653 1821 lllic
676 1774 749 1821 vero
772 1756 807 1819 in
831 1754 1014 1839 obsequium
1037 1754 1157 1821 funeris
1181 1754 1267 1821 orodi

94 1889 156 1935 non
178 1876 285 1957 potest
306 1877 425 1956 quanta
444 1872 605 1937 homiuum
620 1869 790 1937 multitudo
806 1869 1000 1937 confluxerit.
1037 1868 1118 1935 Tota
1141 1871 1265 1937 obviam

95 1988 217 2071 corpori
246 1988 358 2053 civitas
392 1988 474 2070 ruit,
509 1986 614 2053 cuncti
641 2004 682 2053 ex
705 1987 790 2069 agris
819 1993 914 2072 utque
938 1987 1013 2053 vicis
1044 1986 1197 2071 multique
1226 2006 1265 2052 ex

95 2100 163 2167 aliis
185 2101 318 2169 urbibus
342 2109 374 2170 et
395 2103 577 2186 regionibns
592 2102 758 2167 affuerunt.
794 2102 972 2187 Oquuntus
989 2102 1092 2167 luctus
1114 2102 1263 2168 omniurn.

94 2214 215 2295 Quanta
239 2219 388 2304 precipue
410 2219 598 2285 merentium
623 2217 761 2283 lamenta
790 2219 1012 2285 monachorum
1037 2222 1068 2285 et
1090 2206 1265 2304 pauperum

94 2332 219 2418 Christi,
244 2334 299 2418 qui
314 2333 401 2399 velut
423 2333 501 2420 pulli
518 2332 576 2399 sub
600 2334 658 2398 alis
681 2334 816 2419 piissimi
841 2335 940 2419 patris
957 2335 1058 2399 securi
1076 2339 1164 2399 tanto
1185 2339 1264 2400 tem-

93 2469 167 2534 pore
191 2452 391 2535 quieverant,
419 2472 515 2536 seque
538 2455 602 2516 tam
628 2449 830 2516 desiderabili
858 2451 1022 2516 nutritoris
1046 2451 1112 2515 sui'
1135 2471 1264 2536 presen-

93 2565 138 2631 tia
157 2566 300 2632 fraudari
323 2586 361 2631 ac
382 2566 563 2633 defensione
586 2567 698 2632 nudari
722 2565 900 2632 cernebant.
948 2566 1098 2649 Quodque
1121 2567 1189 2632 sine
1212 2586 1264 2648 ge·

93 2681 171 2747 mitu
192 2681 312 2748 referre
334 2701 397 2747 non
420 2701 597 2767 possumus,
621 2703 691 2749 cum
715 2681 894 2748 sacerdotes
914 2681 1053 2762 religiosi
1076 2701 1189 2766 corpus
1214 2702 1264 2747 sa-

92 2815 178 2862 crum
201 2797 296 2864 choro
319 2798 420 2864 sancti
436 2795 597 2864 Michaelis
620 2798 773 2864 inferrent
796 2795 999 2880 humandum,
1028 2796 1081 2863 ubi
1105 2796 1144 2862 ad
1167 2795 1263 2862 limen

91 2911 222 2980 interius
245 2919 374 2979 ventum
403 2917 467 2996 est,
496 2919 664 2999 precentor
693 2913 915 2999 antiphonam·
951 2913 1105 2993 Domino,
1141 2917 1263 3000 suscipe

90 3050 147 3108 me,
170 3030 333 3114 imposuit,
357 3033 527 3112 tantusque
550 3029 653 3096 subito
676 3029 818 3115 ploratus
843 3028 983 3094 omnium
1000 3032 1128 3093 exortus
1146 3032 1204 3111 est,
1228 3034 1264 3094 ut

91 3143 151 3228 ipsi
174 3145 270 3210 stiam
295 3143 413 3210 funeris
437 3143 544 3228 baiuli,
568 3145 666 3210 nimio
686 3144 761 3211 lietu
777 3143 930 3227 concussi,
955 3163 1026 3208 cum
1049 3143 1164 3209 feretro
1189 3144 1261 3209 sub-

91 3258 229 3327 siderent
244 3280 282 3325 ac
305 3279 386 3344 pene
410 3264 493 3326 terre
516 3260 767 3346 procumberent.
859 3259 981 3325 Deinde
996 3259 1164 3324 missarum
1182 3259 1262 3326 celo-

91 3373 203 3442 britate
218 3397 238 3441 a
255 3375 427 3441 venerabili
438 3374 909 3458 YmbriconeWirzeburgensib
932 3376 1078 3461 episcopo
1094 3374 1261 3458 celebrata,

90 3489 170 3556 idem
206 3489 315 3576 presul
344 3510 488 3556 sermone
517 3491 706 3556 suavissimo
741 3490 780 3556 ad
817 3490 967 3576 populum
997 3491 1103 3556 habito
1128 3527 1168 3536 -—
1194 3495 1262 3556 erat

91 3606 171 3670 enim
201 3627 353 3689 magnum
381 3607 468 3673 verbi
500 3607 675 3672 tonitruum
705 3644 745 3652 -
777 3607 993 3673 testimonium
1021 3606 1153 3672 Ieremia
1189 3627 1261 3692 pro-

90 3721 181 3804 pheta
203 3723 248 3808 pii
265 3721 390 3788 Ottonis
413 3741 547 3807 persone
571 3723 749 3808 adaptavit:
776 3724 902 3788 Olivam
925 3724 1058 3803 ruderum,
1082 3724 1260 3809 pulchram,

81 3837 287 3924 fructiferam
310 3851 339 3904 st
361 3841 535 3924 speciosam
557 3841 679 3905 vocavit
700 3841 860 3904 Dominus
883 3859 995 3903 nomeu
1018 3851 1105 3903 tuum
1115 3832 1132 3918 ¹,
1158 3841 1261 3903 tunta-

90 3971 148 4036 qne
169 3951 319 4020 melliflue
342 3952 565 4039 predicationis
589 3953 745 4019 suavitate
774 3973 808 4019 se
831 3953 952 4020 cunetis
976 3953 1151 4020 mirabilem
1175 3955 1260 4037 fecit,

89 4073 124 4132 ut
139 4089 210 4135 rere
227 4069 365 4154 Spiritus
389 4073 517 4134 sanctus
540 4089 597 4153 per
621 4090 656 4135 os
679 4069 746 4135 eius
770 4069 917 4136 credatur
935 4090 1004 4136 csse
1025 4068 1158 4135 locutus.
1193 4069 1261 4134 Hos

89 4182 196 4250 ordine
219 4184 325 4285 dilecti
354 4185 456 4271 patris
480 4204 593 4271 corpus
617 4189 690 4250 ante
713 4184 813 4251 altare
836 4185 920 4252 besti
944 4183 1105 4252 Michaelis
1129 4185 1261 4252 archan·

159 4347 180 4380 a.
203 4346 245 4380 suu
264 4332 287 4381 C.
500 4335 523 4382 b.
539 4335 733 4393 wirtzeburgensi
751 4333 775 4382 0.

159 4429 183 4483 1.
202 4427 298 4483 leram.
314 4431 355 4499 ll,
371 4431 413 4485 16.

988 4517 1047 4571 44*
