3142 4850
292 281 337 348 54
523 297 531 304 ·
658 299 826 347 unhnmor
848 299 975 347 oonnx.
1010 294 1101 346 atas

125 479 279 534 roeo-1064
294 461 414 544 antiqui
447 461 605 547 privilegii
639 466 781 526 tenorem
817 457 1004 525 transmisit
1076 457 1177 534 Quam
1204 467 1290 524 rem·
1321 476 1361 522 ne
1394 458 1462 542 quis

293 576 378 662 apud
400 596 465 660 vos,
492 581 527 642 nt
550 582 624 642 sunt
646 575 808 642 bominum
830 575 973 658 ingenia,
1002 572 1137 659 superbe
1159 577 1215 640 ant
1242 571 1463 639 contumeliose

292 691 496 777 interpretari
517 693 628 778 possit,
652 691 767 757 seriem
791 694 823 755 et
845 689 974 756 modum
996 688 1044 755 rei
1059 689 1148 756 vobis
1165 688 1326 755 insinuare
1340 688 1462 769 curavi3

292 811 395 872 cemus
424 807 590 891 nimirum,
626 801 775 891 quicquid
811 825 869 891 pro
904 804 1110 872 ecelesiarum
1143 803 1317 870 stabilitate
1351 804 1463 886 agitur,

292 926 430 987 rechem
452 923 617 990 carihtem
640 923 760 988 sincere
783 919 1006 1004 congratulari.

295 1127 356 1200 28.
381 1131 560 1216 Sipifrddae
576 1134 600 1199 Ι
610 1135 863 1220 archiepiscopus
878 1134 1086 1218 Mopratiaae
1101 1131 1286 1196 Alecardro
1301 1130 1341 1196 ΙΙ
1356 1153 1465 1218 papae

382 1249 420 1312 dc
441 1270 501 1312 sco
515 1249 771 1334 Hierosolymam
785 1249 883 1314 eradi
896 1248 1055 1314 colorare
1069 1245 1235 1334 abactae.
1270 1245 1341 1310 Iam
1363 1246 1464 1312 denuo

297 1427 308 1448 ‚
379 1364 473 1446 petit,
509 1376 545 1429 at
571 1363 759 1428 Barchordo
784 1362 826 1427 ΙΙ
849 1364 996 1448 werpe
1024 1362 1277 1426 Hclbcrctoterei
1303 1359 1405 1446 pollii
1431 1363 1466 1425 ir

382 1477 510 1542 eceterae
533 1481 695 1564 anaeque
716 1480 752 1542 io
775 1479 915 1562 equitata
936 1499 1028 1542 raam
1050 1474 1246 1542 interdicam.
1331 1472 1464 1556 (11128)

206 1617 275 1670 1064
380 1607 581 1674 Alexandro⁰
597 1629 720 1674 summo
735 1607 878 1694 pontifici
900 1613 933 1674 et
947 1607 1119 1682 uniuersali
1136 1627 1239 1694 papae
1254 1605 1467 1690 Sligih'idus)¹

293 1720 495 1804 Mogontinae
518 1723 601 1789 sedis
625 1723 803 1809 speculator
825 1723 951 1790 debitae
973 1722 1175 1790 subieetionis
1197 1721 1409 1789 reverentiam
1436 1726 1468 1788 et

293 1837 490 1904 omnimodae
514 1837 675 1904 servitutis
698 1837 933 1904 exhibitionem.

382 1951 486 2037 Caput
507 1956 649 2018 nostrum
673 1951 760 2040 Iesos
782 1951 926 2020 Christus
948 1953 995 2020 ita
1012 1953 1215 2021 menbrorum
1236 1971 1366 2018 suorum
1381 1971 1468 2018 com·

293 2076 423 2151 pagam·
446 2065 566 2149 glutino
589 2067 730 2134 ueritatis
746 2067 908 2135 coherere*
929 2069 1007 2136 facit
1020 2070 1053 2134 iu
1069 2087 1178 2152 nuum,
1199 2072 1245 2150 nt,
1268 2086 1339 2133 enm
1354 2067 1388 2132 in
1403 2085 1468 2132 nno

294 2199 425 2266 corpore
447 2180 547 2246 multa
562 2181 627 2247 sint
640 2181 773 2248 menbra
788 2201 852 2248 non
866 2183 1001 2249 eundem
1017 2188 1120 2250 actum
1138 2182 1297 2266 babentia,
1319 2183 1354 2247 in
1369 2202 1469 2248 unam

294 2301 401 2361 tamen
424 2295 613 2362 conveniant
635 2297 767 2382 perfecti
790 2299 931 2384 corporis
953 2297 1210 2384 pulcritudinem,
1233 2297 1267 2362 in
1280 2315 1377 2362 unam
1392 2317 1469 2364 oon·

294 2410 433 2477 sentiant
455 2432 548 2479 verae
569 2409 643 2479 fidei
666 2413 845 2479 sanitatem.
879 2411 929 2481 Ea
949 2432 1086 2498 namque
1108 2418 1158 2480 est
1179 2413 1321 2501 eorporis
1336 2411 1470 2497 Christi,

294 2526 379 2610 qnod
406 2531 454 2592 est
477 2526 624 2610 ecclesia,
653 2547 730 2595 vera
757 2529 908 2615 perfectio
937 2536 987 2597 et⁸
1008 2530 1150 2616 perfecta
1171 2529 1366 2615 pulcritudo,
1394 2548 1470 2613 que,

294 2642 493 2725 euangelioae
516 2644 658 2709 veritatis
682 2643 841 2711 soliditate
854 2644 987 2711 fundata
1001 2650 1034 2712 et
1055 2645 1245 2731 apostolicae
1260 2644 1470 2711 commnionis

292 2763 385 2844 petra
413 2758 562 2841 solidate,
592 2760 647 2825 uni
675 2758 744 2827 Deo
766 2760 802 2826 in
825 2760 980 2827 Trinitate
1001 2758 1065 2826 fide
1086 2761 1203 2827 servit⁸
1232 2765 1265 2826 et
1289 2778 1396 2846 opere.
1431 2760 1472 2828 ln

292 2874 352 2939 boc
375 2874 466 2957 ergo*¹
490 2872 607 2940 Christi
629 2894 761 2961 corpore
791 2881 824 2943 et
845 2875 929 2942 inter
950 2876 1029 2942 haee
1056 2876 1172 2943 summi
1197 2876 1311 2962 capitis
1333 2876 1473 2943 menbra

293 3008 510 3074 quemcunque
524 2994 649 3055 teneam
661 2990 775 3074 locum,
788 2991 961 3075 quodlibeti
975 3010 1084 3073 geram
1099 2990 1247 3075 officium,
1263 2991 1471 3077 adventrum,

292 3104 338 3169 mi
361 3103 557 3169 sanctissime
581 3108 706 3188 patrum
730 3109 838 3191 pater,
862 3108 1082 3173 auctoritatem
1104 3108 1217 3176 refero.
1252 3106 1374 3175 Vestris
1398 3110 1474 3195 opi·

292 3218 467 3284 balantibus
489 3218 622 3301 meritis,
644 3218 693 3287 illi
716 3220 1049 3289 000100111001001010ι
1070 3223 1154 3291 inter
1176 3223 1265 3289 vivos
1278 3222 1403 3308 lapides
1417 3224 1473 3291 in-

293 3332 454 3418 corporari
476 3330 607 3399 confido.

381 3446 591 3535 Quapropter,
607 3450 688 3516 siout
702 3450 786 3518 lilius
802 3453 908 3519 omnia
922 3473 982 3519 sua
996 3453 1036 3521 ad
1050 3459 1175 3540 patrem
1189 3454 1339 3539 referens,
1354 3461 1474 3523 notum

291 3563 373 3629 facio
396 3568 521 3630 restrae
544 3565 718 3633 sanctitati:
742 3586 795 3635 me
816 3587 875 3653 pro
898 3569 1038 3637 remedio
1052 3569 1239 3637 delictorum
1262 3576 1295 3638 et
1308 3570 1475 3639 desiderio

293 3698 501 3764 supernorum
524 3685 666 3746 sanatam
690 3682 777 3749 adire
793 3682 1008 3751 lerosolimam
1031 3689 1064 3752 et
1085 3704 1209 3753 samam
1224 3685 1374 3753 dominici
1396 3706 1477 3753 cor·

292 3794 380 3880 poris
407 3794 551 3860 venerari
581 3799 613 3861 et
640 3797 776 3865 osculari
803 3798 884 3866 uelle
912 3797 1135 3886 sepulturam&
1170 3801 1270 3879 Quem
1298 3802 1374 3886 quia
1396 3821 1476 3870 cor·

291 3908 443 3993 puraliter
465 3928 586 3994 nequeo
609 3912 715 3980 uidere
737 3914 770 3980 in
794 3913 869 3982 sede
891 3915 1068 3983 maiestatis
1091 3917 1169 4001 eius,
1192 3917 1304 3984 saltem
1324 3916 1375 3983 uel
1394 3917 1476 3987 boc*

362 4060 383 4094 s.
407 4048 479 4105 Quum
495 4064 542 4098 rem
558 4051 644 4113 serpet
656 4068 703 4113 pro
719 4054 890 4111 Quamobrem
902 4054 991 4103 VZOB.
1051 4055 1076 4102 b.
1098 4070 1128 4103 ec
1140 4056 1164 4103 V
1174 4058 1311 4115 520-63,
1327 4058 1350 4105 Ζ
1360 4074 1385 4120 p.
1398 4063 1480 4108 85-

294 4128 335 4183 86',
357 4127 377 4173 G
395 4130 532 4178 doe-32.
595 4146 614 4179 c.
639 4133 666 4178 A.
680 4133 730 4189 ΡΖ,-
745 4133 874 4182 Alexandro
894 4135 921 4182 0.
984 4136 1007 4182 d.
1030 4138 1150 4183 amere
1170 4136 1264 4198 Glpro
1280 4137 1314 4196 S).
1377 4154 1399 4185 e.
1423 4156 1478 4191 con

297 4204 392 4265 Glpro
408 4207 532 4269 compage).
594 4212 611 4257 t.
636 4210 756 4259 cohercere
776 4212 803 4260 0.
870 4228 892 4272 g.
915 4230 958 4263 ora
971 4214 997 4262 θ.
1065 4214 1090 4261 h.
1112 4230 1204 4277 qaoque
1224 4216 1251 4264 G.
1315 4219 1332 4264 'a
1356 4220 1419 4277 quod
1443 4221 1479 4271 ⁰.

292 4282 315 4331 k.
340 4284 480 4334 Hierusalem
496 4288 522 4335 Ζ.
600 4292 616 4335 1.
640 4290 740 4339 breviter
759 4290 781 4339 G
799 4291 856 4354 (pro
870 4292 933 4352 hoc).

365 4382 389 4434 1.
408 4378 554 4450 sigifridus
572 4390 719 4441 auctumno
738 4387 803 4443 anni
822 4389 891 4445 1064
908 4389 937 4444 in
954 4388 1063 4462 Syriam
1081 4389 1221 4461 profectus
1238 4395 1290 4447 est.
