3142 4850
391 311 568 359 nansoanr
593 310 772 359 nrunocus.
809 314 874 359 mn.
891 314 917 359 n
938 312 974 361 ae
1203 300 1268 364 773

96 468 179 534 ultra
208 488 301 553 quam
325 469 387 553 dici
412 476 507 555 queat
528 470 643 553 gaudio
673 472 815 557 perfusa,
845 472 969 539 cuidam
993 474 1032 539 de
1055 476 1161 559 pueris
1184 477 1265 543 suis:
1287 493 1379 571 1124,

102 585 187 651 Vade
209 584 313 669 inquit
334 590 452 653 nanda
474 589 601 653 domino
624 610 691 653 oceo
716 591 877 674 episcopo,
902 594 978 676 quia
1001 594 1106 676 ipsam
1128 606 1157 657 et
1177 593 1266 675 filice
1313 613 1317 618 ·

93 723 176 767 oreos
200 703 304 767 videre
326 707 426 769 amic.
461 702 542 770 Erat
563 703 645 769 enim
669 707 817 769 matrona
838 724 951 787 magne
972 704 1145 771 honestatis
1162 711 1194 772 et
1209 727 1265 792 po-

93 816 191 881 tentie
213 816 247 881 in
270 816 398 885 civitate
421 818 485 885 illa.
521 818 698 904 Episcopus
722 839 814 902 ergo,
840 820 971 886 audiens
993 820 1082 885 illam
1105 820 1264 906 advenire,

93 930 191 998 desub
213 936 296 999 teoto
320 933 438 1016 exiens,
462 934 494 999 in
518 933 670 1017 graminis
693 934 812 1020 cespite
835 936 989 1001 subdivo
1012 936 1153 1003 consedit
1175 958 1264 1004 suos·
1338 963 1342 973 ¹

93 1068 154 1133 que
176 1054 387 1133 regeneratos,
412 1049 513 1115 adhuc
534 1050 567 1115 in
592 1049 671 1115 albis
697 1049 826 1135 positos,
850 1050 1151 1119 circumsedentibus
1174 1052 1265 1119 cleri*

92 1164 154 1247 eis,
184 1163 223 1229 ad
254 1165 349 1250 pedes
379 1184 453 1231 suos
481 1164 654 1231 collocavit
696 1164 756 1231 Sed
787 1164 841 1231 ubi
866 1172 1000 1232 matrem
1025 1167 1148 1233 eminus
1171 1167 1265 1235 adve-

92 1280 230 1346 nientem
266 1280 479 1366 conspiciunt,
515 1280 656 1345 modeste
685 1288 909 1365 consurgentes
938 1288 970 1348 et
998 1283 1146 1369 episcopo
1176 1284 1264 1369 prius

91 1396 290 1479 inclinantes,
315 1396 398 1481 quod
422 1395 585 1461 advertere
608 1395 772 1481 pulchrum
798 1398 868 1480 fnit,
892 1398 983 1482 quasi
1005 1399 1106 1483 petita
1124 1398 1263 1482 licentia,

91 1511 216 1579 obviam
241 1512 270 1579 ei
286 1512 414 1579 vadunt
450 1511 533 1589 Quos
549 1512 605 1578 illa
619 1511 744 1579 intuens
760 1512 892 1595 albatos,
916 1514 1133 1596 magnitudine
1155 1514 1263 1598 gaudii

91 1628 181 1711 quasi
211 1647 319 1694 amens
349 1632 380 1695 et
407 1628 550 1713 stupida,
580 1626 684 1693 soluta
711 1628 743 1694 in
769 1628 932 1725 lacrimas,
961 1629 1065 1695 subito
1087 1630 1122 1695 in
1144 1636 1263 1697 terram

90 1743 218 1809 corruit
254 1743 401 1809 Accurrit
416 1744 591 1829 episcopus,
616 1750 784 1811 accurrunt
798 1745 916 1828 clerici,
938 1744 1045 1811 lerant
1066 1751 1176 1813 tenent
1189 1764 1263 1812 con·

89 1857 246 1939 solantur3
277 1858 432 1946 putabant
455 1860 549 1942 enim,
577 1859 660 1943 quod
683 1860 847 1927 nimietate
870 1860 985 1925 doloris
1008 1860 1182 1927 defecisset
1217 1860 1264 1926 At

88 1973 162 2057 illo,
191 1978 375 2059 recuperato
404 1972 496 2041 datu:
527 1977 685 2041 Benedico
712 1988 740 2040 oe
762 1975 866 2058 inquit
887 1979 1012 2042 domine
1035 1977 1107 2041 Iera
1130 1976 1259 2058 Circae,

88 2094 189 2157 tocius
212 2094 281 2177 spei
302 2104 330 2156 et
353 2092 574 2156 cormolatc'cnia
598 2105 717 2171 nector,
747 2093 832 2177 quod
850 2092 939 2174 filios
961 2114 1045 2158 mccc
1067 2096 1129 2157 tace
1151 2116 1261 2158 caera·

87 2208 200 2271 mmet
222 2207 346 2272 iubatos
369 2220 479 2293 tueque
491 2208 573 2290 fidei
586 2211 714 2273 canace
729 2210 851 2293 aspicio
866 2208 1048 2273 illactrctoe.
1079 2208 1151 2274 Scia
1167 2209 1259 2288 enim,

86 2324 215 2387 domiue
239 2322 310 2386 lecu
326 2320 455 2403 dietata
480 2326 565 2409 qood
587 2325 641 2389 too
659 2360 698 2368 —
716 2328 889 2407 tenensque
912 2322 1054 2389 osculata
1076 2327 1124 2389 est
1146 2343 1261 2408 pueros
1322 2304 1334 2321 ‘

86 2444 121 2506 ct
144 2437 326 2524 amplexata
341 2473 382 2484 -
399 2443 433 2505 in
456 2454 571 2506 semoto
592 2443 727 2526 pectoris
749 2444 812 2504 mci
833 2454 884 2505 tae
905 2442 1101 2504 manationi
1120 2443 1188 2504 iem
1202 2463 1262 2526 per

85 2556 202 2622 malton
218 2577 318 2620 aanor
341 2557 557 2620 commendare
578 2578 642 2621 oca
658 2559 784 2636 cananei,
809 2569 926 2641 petens,
950 2569 986 2619 at
1000 2555 1057 2620 doc
1072 2558 1116 2620 eia
1130 2555 1259 2640 faceres

86 2673 176 2758 qaod
188 2671 309 2755 saciati.
345 2669 467 2737 Deinde
490 2671 530 2737 ad
554 2670 751 2756 episcopum:
776 2671 964 2735 Benedictus
987 2669 1091 2754 inquit
1112 2673 1258 2736 introitus

85 2801 160 2854 taus
183 2790 218 2852 a'o
241 2787 322 2852 deoc
344 2790 508 2868 civitatem,
534 2789 658 2852 domine
682 2800 709 2852 et
730 2799 823 2872 pater
844 2789 1106 2862 reverentissimm
1127 2787 1260 2852 maltam

85 2906 174 2969 enim
200 2903 354 2988 populum
383 2916 438 2968 tna
461 2905 698 2990 perseuerantia
720 2902 862 2967 Domino
891 2902 942 2966 dic
969 2901 1060 2966 tabet
1086 2906 1258 2987 acquirere.

84 3019 165 3084 Non
189 3031 217 3083 te
243 3019 354 3084 dilatio
375 3019 504 3104 fatiget
546 3019 598 3082 aa
622 3041 677 3103 epo
700 3020 789 3104 ipsa,
819 3039 880 3102 que
902 3038 1008 3082 ceram
1030 3029 1059 3082 te
1081 3029 1165 3096 neto,
1194 3017 1262 3082 Dei

84 3138 307 3220 oemipormcn
336 3136 493 3200 adiumra'o
529 3148 558 3199 et
590 3137 638 3200 tui
666 3147 759 3219 pater
787 3136 927 3197 animata
962 3135 1121 3218 presentia
1147 3134 1203 3198 aed
1231 3145 1259 3197 et

79 3253 255 3337 pipneram
273 3271 412 3314 meorum
425 3250 517 3334 pieta
536 3251 687 3328 subsidio,
711 3248 917 3313 olmetianam
931 3269 980 3312 ure
994 3247 1148 3330 confiteor,
1174 3248 1261 3332 qaod

81 3368 236 3434 tamenne
250 3387 314 3431 oco
330 3367 492 3432 audebam.
529 3362 617 3431 Sicut
633 3362 715 3430 enim
732 3366 907 3448 protestata
929 3366 987 3445 est,
1009 3361 1043 3427 in
1058 3360 1167 3428 diebus
1183 3361 1259 3427 ado·

80 3481 237 3550 lescentie
265 3501 322 3546 sue
350 3481 388 3548 de
416 3485 502 3546 terra
530 3479 771 3546 christianorum
808 3497 866 3563 per
891 3476 1037 3562 rapinam
1066 3474 1171 3542 ablata
1198 3476 1260 3544 luit

82 3603 133 3681 et,
164 3615 233 3662 cum
264 3601 347 3664 esset
375 3595 511 3678 ingenua
535 3599 566 3661 et
588 3593 747 3681 speciosa,
778 3592 888 3675 gentili
910 3592 1029 3657 homini
1053 3591 1167 3657 marito
1189 3611 1257 3676 suo,

81 3712 179 3778 diviti
208 3730 245 3777 ac
271 3711 451 3797 prepotenti
473 3685 556 3793 rire,
585 3709 732 3796 copulata
755 3714 803 3776 est
831 3713 864 3775 et
886 3707 1011 3774 eosdem
1035 3705 1116 3772 filios
1139 3727 1179 3772 ex
1201 3705 1257 3771 illo

80 3827 237 3912 suscepit
272 3825 450 3912 Episcopus
474 3845 558 3908 ergo,
582 3845 677 3911 super
699 3824 749 3889 his
772 3823 918 3890 omnibus
933 3821 1035 3888 Deum
1059 3820 1256 3905 benedicens,

80 3940 248 4010 confitenti
271 3948 303 4010 et
325 3941 491 4008 confidenti
516 3944 659 4006 matrone
674 3939 769 4007 verbe
793 3938 1030 4006 confortationis
1050 3935 1143 4003 fidem
1168 3936 1258 4002 auxit

80 4065 116 4126 et
140 4057 303 4138 fiduciam3
334 4077 452 4142 sueque
473 4053 672 4122 liberalitatis
695 4074 757 4121 non
780 4054 961 4135 immemor,
987 4053 1090 4135 grisee
1112 4050 1258 4137 pellicnle

80 4173 254 4240 clamidem
277 4171 453 4258 preciosam
469 4171 498 4238 ei
514 4170 609 4237 dedit
644 4169 688 4236 Et
705 4168 816 4235 eadem
839 4173 966 4254 petente
981 4173 1075 4252 atone
1089 4185 1161 4234 cnm
1176 4165 1257 4232 fidu·
1323 4217 1326 4222 .

80 4290 135 4356 cia
159 4289 224 4354 iam
248 4285 502 4370 euangelizante,
532 4305 639 4352 omnes
668 4284 735 4352 eius
759 4283 947 4351 domesticos
973 4303 1056 4368 aqua
1082 4282 1179 4349 tinxit
1207 4303 1257 4348 re·

78 4403 307 4488 generationis.
342 4400 465 4468 Deinde
488 4401 583 4468 ntiam
606 4419 715 4468 omnes
730 4387 909 4466 convicinos
933 4399 999 4466 eius
1020 4403 1053 4465 et
1072 4397 1256 4480 familiares,
