3142 4850
381 335 560 382 nunnonnr
584 337 765 397 ernuoous.
801 337 867 384 ana.
883 337 910 383 11
931 334 1023 385 eaeo
1218 320 1283 385 785

109 494 186 559 visci
209 512 266 559 nos
290 494 486 579 rogaverint,
514 495 618 561 dicere
645 516 708 562 nou
731 496 829 562 valeo.
871 495 1024 581 Quicquid
1054 502 1159 563 autem
1182 498 1371 568 susci-1124

107 609 216 695 piendi
239 610 464 676 christianismi
486 611 567 677 ratio
590 611 751 695 exigebat,
775 612 897 678 discere
919 616 953 678 et
974 611 1093 695 iecere,
1121 632 1282 679 assumere

107 724 159 791 vel
181 725 299 793 reicere
322 744 383 791 uon
408 726 628 807 morabantur3
653 728 698 793 ite
716 731 751 793 ut
773 726 900 813 impleri
916 728 1050 811 rideres,
1075 728 1159 813 quod
1181 730 1282 815 serip-

107 846 174 907 tum
207 846 269 907 est:
302 844 374 928 Ipse
402 846 499 923 didit,
532 857 560 908 et
584 844 680 928 saeta
710 840 799 911 cuet¹
826 850 874 911 et:
904 846 1066 931 Populoe,
1096 866 1188 931 quem
1217 868 1281 911 eon

107 962 256 1043 eepnoei,
286 962 413 1025 aereieit
440 961 554 1035 micbi3
583 963 617 1023 in
641 962 752 1025 audite
781 963 870 1026 eorm
894 962 1030 1027 obedivit
1051 957 1173 1026 micbi¹.
1216 960 1282 1027 Hee

106 1074 298 1168 autem‘fuit
321 1075 453 1141 mutatio
475 1075 604 1141 dextere
628 1071 770 1141 excelsi³.
807 1076 887 1141 Nam
912 1096 990 1159 ques
1014 1076 1102 1161 prius
1126 1076 1226 1143 contis
1250 1081 1282 1142 et

105 1188 243 1255 fustibus
266 1211 286 1255 a
309 1191 374 1256 suis
397 1191 542 1257 terminis
565 1191 643 1257 satis
673 1190 878 1257 inclementer
899 1191 1162 1275 exturbaverant,
1194 1198 1281 1277 poet·

105 1304 235 1370 modum
260 1307 348 1390 quasi
374 1306 501 1390 angeles
525 1308 563 1373 de
587 1306 653 1372 cele
677 1308 838 1373 venientes
861 1328 983 1373 summe
1011 1307 1116 1373 studio
1139 1308 1281 1373 uenerati

105 1426 197 1503 sunt3
223 1427 365 1489 sanctum
391 1422 581 1489 arbitrantes
605 1429 699 1507 etque
722 1422 874 1506 divinem,
899 1422 1046 1508 quicquid
1066 1422 1192 1489 euobis
1215 1423 1279 1489 dic·

104 1541 172 1603 tem
188 1537 239 1604 vel
262 1539 379 1605 iactum
403 1544 460 1605 est.
497 1538 558 1605 Sed
575 1539 650 1624 quid
666 1537 796 1604 multis?
831 1538 1039 1618 Tetaeivitas
1062 1544 1094 1605 et
1116 1539 1280 1625 provintie

104 1673 175 1719 eum
201 1654 318 1740 populo
342 1674 398 1720 suo
422 1656 568 1741 apposita
591 1660 639 1721 est
662 1654 702 1721 ad
725 1654 912 1735 Dominum;
942 1661 1094 1739 tantaque
1115 1654 1177 1721 fuit
1197 1655 1279 1721 mul-

102 1769 207 1835 titude
224 1771 363 1837 virerum
388 1777 420 1837 et
434 1771 600 1838 mulierum
626 1776 658 1836 et
680 1770 844 1856 utriusque
867 1790 961 1837 sexus
984 1790 1164 1855 puerorum,
1187 1776 1224 1837 ut
1244 1772 1279 1837 in

103 1885 212 1971 spacio
242 1886 374 1953 duorum
405 1888 576 1970 mensium,
611 1887 755 1971 quemvis
784 1886 854 1952 siue
883 1886 1058 1953 cessatione
1086 1886 1278 1953 instaremus

102 2002 203 2087 operi,
228 2001 280 2067 riu
305 2022 414 2069 omues
437 2002 558 2085 tingere
581 2022 754 2089 possemus.
790 2003 948 2081 Quantum
972 2006 1005 2067 et
1019 2001 1084 2067 illie
1099 2002 1223 2069 sudoris
1246 2008 1280 2070 et

100 2116 221 2183 laberis
249 2125 357 2184 sancte
385 2138 510 2203 semper
534 2118 684 2184 memorie
707 2118 781 2183 Otto
810 2117 966 2203 loquendo
994 2124 1026 2184 et
1051 2117 1217 2185 olemunde
1244 2119 1278 2184 in

100 2233 207 2317 turba,
232 2234 423 2319 baptizando
447 2240 479 2301 et
494 2233 594 2299 muita
615 2232 757 2299 faciende
780 2232 959 2319 pertulerit,
982 2234 1036 2318 qui
1052 2234 1139 2301 videt
1160 2236 1277 2319 emnia,

100 2350 220 2417 viderit
234 2350 330 2416 Deus.
424 2349 485 2415 Sed
509 2350 583 2435 quia
599 2350 711 2415 civitas
735 2348 793 2415 hee
815 2350 849 2415 in
871 2349 1047 2415 meditullio
1070 2349 1134 2416 sita
1156 2355 1204 2417 est
1218 2349 1278 2417 Po·

100 2467 244 2534 meranie
259 2467 405 2552 nivesque
421 2465 593 2533 lubinenses
612 2467 710 2534 fortes
734 2471 767 2531 et
782 2466 860 2531 dure
874 2467 1016 2550 cervicis,
1040 2473 1106 2532 tam
1121 2465 1187 2532 dux
1199 2466 1277 2534 Vra-

98 2583 219 2650 tizlaus
242 2603 336 2667 quam
360 2583 519 2670 principes
543 2588 627 2648 terre
650 2581 755 2648 sedem
781 2580 982 2666 episcopatus
1003 2581 1070 2648 illie
1084 2583 1277 2649 constituen-

97 2700 179 2766 dum
201 2700 268 2766 fore
292 2703 494 2779 oeusuerunt;
524 2699 643 2764 scilieet
671 2703 706 2764 ut
734 2717 811 2780 geue
840 2717 955 2783 aspera
982 2717 1021 2762 ex
1050 2698 1116 2780 iugi
1140 2698 1277 2764 doctoris

97 2815 264 2904 presentia
279 2820 520 2898 mansuesceret,
544 2833 601 2880 nee
625 2813 664 2880 ad
688 2812 839 2900 pristinos
856 2812 974 2878 rediret
989 2831 1122 2896 errores,
1146 2817 1179 2878 et
1193 2812 1276 2895 quod

96 2934 143 3000 de
166 2931 269 2999 medie
293 2931 333 2997 ad
357 2951 464 2996 omnes
488 2931 639 2997 terminos
661 2937 745 2997 terre
768 2929 885 2995 crisma
908 2933 940 2994 et
962 2927 1034 3013 elia,
1061 2948 1122 3013 que
1146 2927 1186 2994 eb
1209 2929 1276 3014 epi·

96 3068 199 3134 scope
222 3047 406 3133 accipienda
431 3052 520 3130 suut,
547 3046 670 3113 facilius
693 3045 852 3132 deportari
882 3050 1024 3130 pessunt.
1065 3043 1175 3128 Itaque
1198 3034 1301 3110 duas'

95 3165 169 3232 illie
192 3163 338 3230 basilicae
362 3163 429 3228 fieri
452 3163 640 3248 precipiens,
665 3162 778 3228 altaria
800 3167 924 3228 tautum
948 3166 980 3228 et
1004 3160 1185 3226 sanctuaria
1201 3179 1275 3226 eon-

95 3280 253 3360 secravit;
278 3279 352 3364 quia
374 3277 496 3362 reliqua
519 3297 593 3364 pars
609 3278 736 3344 interim
752 3277 970 3361 consurgebat,
994 3281 1027 3343 et
1050 3274 1275 3362 perfectionem

94 3400 270 3483 expectere
293 3395 421 3477 lengum
445 3398 514 3460 erat
537 3393 577 3460 ed
599 3393 663 3460 alie
684 3395 857 3461 festinanti.

191 3513 244 3578 38.
280 3509 441 3577 Menenius
465 3515 569 3576 eutem
594 3508 741 3593 elulina,
765 3504 956 3576 Clddouum⁴
979 3507 1139 3588 reuimee3
1162 3506 1363 3573 nichil-1125

92 3649 162 3715 que
179 3626 374 3694 difficultatis
390 3630 444 3692 eut
459 3624 716 3691 centradictionis
739 3625 805 3690 illic
819 3626 1026 3707 inuenientes,
1050 3627 1158 3689 sancte
1173 3623 1274 3688 erucis

89 3743 267 3831 tropheum
291 3742 335 3809 ibi
359 3742 526 3808 ereximus.
564 3740 607 3807 Et
630 3740 705 3824 quia
725 3739 814 3807 loeus
835 3759 1020 3808 nemorosus
1043 3743 1113 3804 erat
1135 3744 1168 3804 et
1189 3757 1274 3804 ume-

90 3881 161 3930 nus
186 3865 217 3926 et
238 3858 326 3942 ligna
348 3858 388 3924 ad
412 3855 618 3924 edificandum
642 3856 863 3942 suppetebant,
886 3856 920 3922 iu
943 3855 1062 3921 bonore
1079 3859 1274 3920 aaueteeru·

88 3979 144 4044 cis
170 3975 328 4059 ingentem
353 3972 516 4040 ecelesiam
540 3972 579 4038 do
602 3970 700 4038 nobili
724 3971 856 4040 artificio
882 3969 1093 4036 fundavimus.
1136 3968 1271 4036 Etcum

87 4091 205 4161 letitie
232 4095 264 4158 et
290 4090 404 4173 gaudie
434 4088 584 4176 populum
613 4087 845 4154 canonizantes
875 4091 908 4152 et
937 4084 1164 4171 baptizantes·,
1199 4085 1273 4168 quia

174 4283 194 4314 a
220 4271 243 4314 et
258 4268 399 4328 baptizantes
415 4281 457 4314 our.
469 4267 496 4314 N
498 4286 506 4322 ;
523 4266 600 4327 recept
615 4281 643 4314 ec
660 4264 713 4313 BR.

174 4364 198 4417 1.
218 4362 263 4418 Pe.
276 4363 337 4432 148,
356 4363 381 4417 5.
462 4363 488 4417 2.
507 4362 551 4416 Pa.
566 4362 608 4430 1⁷,
626 4360 670 4416 45.
754 4361 779 4414 3.
798 4359 900 4429 Pede,
915 4359 956 4413 11.
1037 4358 1064 4412 4.
1082 4372 1163 4427 quem
1182 4358 1272 4413 lecum

87 4450 321 4528 „Dodiueueem“
342 4451 461 4521 appellat
478 4449 539 4505 Ebo
551 4449 577 4504 11
595 4450 704 4519 euplii
723 4463 807 4518 supra
823 4463 851 4516 p.
864 4447 926 4502 646.

140 4546 226 4600 uma.
242 4549 387 4596 stonense
398 4549 427 4593 v,
1024 4535 1061 4590 50
