3142 4850
313 306 380 372 180
709 322 877 372 summor
899 321 1027 370 oonnx.
1062 319 1096 371 aa

225 502 294 556 1099
313 483 422 549 Timor
451 487 557 548 antam
585 501 695 548 eornm
724 487 833 550 tantus
856 486 941 566 erat,
973 481 1064 546 utin
1087 484 1180 566 porta
1202 479 1338 546 civitatis
1361 478 1401 544 sd
1423 477 1477 544 duo

313 597 402 664 milia
424 596 570 664 suffocati
592 598 682 664 sint·.
718 598 768 663 De
790 598 840 664 hie
857 618 940 681 vero,
966 598 1020 681 qui
1043 597 1078 662 in
1099 595 1181 662 mari
1204 595 1401 677 interierunt
1423 613 1480 659 non

314 719 363 780 cst
384 732 543 781 numerus.
580 713 712 798 Spineta
734 712 848 780 etiaml
873 734 912 779 cx
938 712 1018 798 ipsis
1041 711 1157 777 multos
1181 709 1392 777 obtinuerunt.
1426 708 1481 774 Pu-

313 829 432 912 gnabat
454 835 539 896 certe
562 829 647 896 orbis
670 836 828 896 terrarum
850 849 908 915 pro
932 829 1033 912 nobis,
1058 833 1090 893 ct
1111 827 1175 894 nisi
1190 826 1293 912 spolia
1314 829 1481 892 ceruorum

314 944 354 1012 de
380 945 498 1011 nostris
522 945 733 1012 detinuissent
753 945 886 1028 multos,
918 945 1012 1031 pauci
1040 949 1146 1010 essent
1173 943 1212 1009 de
1234 947 1325 1008 tanta
1346 939 1483 1006 multitu

315 1060 389 1126 dine
419 1059 573 1144 bostium,
603 1061 658 1145 qni
685 1062 872 1127 renunciare
901 1059 1079 1146 potuissent
1109 1059 1148 1125 de
1170 1058 1262 1126 bello.
1351 1056 1398 1123 Et
1417 1055 1484 1122 licet

314 1175 444 1258 longum
469 1176 520 1258 sit
544 1181 650 1243 tamen
673 1175 938 1262 praetereundum
961 1195 1025 1241 non
1048 1179 1104 1241 est.
1140 1173 1247 1240 Pridie
1262 1193 1356 1258 quam
1373 1171 1484 1238 bedun

314 1289 421 1375 lieret,
449 1291 668 1358 multamilia
696 1293 888 1360 camelorum
918 1296 950 1358 et
978 1291 1073 1358 boum
1101 1295 1133 1356 ct
1159 1291 1264 1356 ovium
1288 1289 1373 1374 cepit
1403 1307 1485 1354 excr-

315 1406 407 1474 citus.
449 1406 590 1492 Cumque
624 1408 713 1474 iussu
741 1408 922 1494 principum
957 1407 1092 1493 populus
1128 1406 1185 1472 bec
1216 1404 1417 1487 dimisisset,
1450 1402 1486 1470 ad

316 1543 455 1608 pugnam
479 1523 700 1608 progrediens,
723 1523 869 1591 mirabile
892 1523 993 1607 dictu,
1019 1523 1136 1589 multas
1159 1527 1191 1588 ct
1211 1520 1404 1606 multiplices
1426 1524 1487 1585 tur-

317 1659 385 1706 mas
402 1638 514 1705 carneli
528 1639 680 1723 lecerunt,
704 1640 850 1707 similiter
865 1645 898 1706 et
912 1640 1007 1706 boves
1030 1643 1062 1705 et
1079 1659 1162 1705 oves.
1204 1637 1270 1704 Hoc
1293 1641 1402 1702 autem
1424 1634 1487 1701 ani-

316 1754 415 1822 malia
436 1755 670 1822 comitabantur
691 1755 867 1838 nobiscum,
890 1759 926 1822 ut
949 1773 1018 1820 cnm
1043 1753 1198 1821 stantibus
1221 1757 1343 1818 starent
1365 1757 1399 1818 et
1421 1769 1488 1817 cum

317 1871 559 1958 procedentibus
582 1871 790 1957 procederent
812 1877 844 1937 et
866 1891 938 1937 cum
959 1869 1157 1937 currentibus
1179 1873 1350 1936 currerent
1387 1865 1488 1932 Nubes

318 1988 415 2054 etiam
438 1987 477 2054 ab
500 1990 571 2054 estu
592 1987 669 2054 solis
691 2007 749 2054 nos
771 1987 980 2054 defenderunt
1003 1991 1035 2052 et
1056 1982 1311 2069 refrigerabant‘.

406 2101 574 2170 Celebrate
599 2103 708 2188 itaque
730 2103 879 2185 victoria,
908 2122 1053 2168 reversus
1077 2107 1125 2168 est
1148 2099 1304 2168 exercitus
1331 2099 1384 2165 in·
1409 2098 1490 2165 Ieru-

318 2218 427 2284 salem.
467 2217 511 2284 Et
538 2218 648 2284 relicto
676 2219 721 2286 ibi
743 2219 822 2285 duce
844 2217 1030 2301 cocanicus,
1061 2216 1229 2301 Rogimunt
1255 2234 1360 2282 comes
1392 2211 1491 2281 sancti

316 2333 425 2418 Egidii
452 2338 485 2399 st
514 2333 688 2401 Rbbertus⁸
714 2355 819 2402 comes
847 2333 1091 2400 Nortmanninel
1122 2338 1154 2400 et
1181 2331 1355 2399 Rdbertus⁸
1390 2347 1492 2396 comes

317 2450 488 2518 Flandriae
516 2448 699 2518 Laodiciam
733 2455 954 2538 pervenerumt
994 2450 1040 2517 lbi
1076 2450 1209 2517 classem
1237 2448 1429 2515 Pisanorum
1463 2450 1492 2511 et

317 2566 536 2633 Boemundurn
557 2567 756 2634 invenerunt.
796 2567 939 2652 Cumque
967 2564 1220 2653 archiepiscopus
1242 2564 1379 2631 Pisanus
1403 2562 1492 2645 B(oo-

318 2682 484 2764 mnndum)
509 2688 541 2749 et
563 2683 707 2749 dominos
730 2687 855 2750 nostros
878 2682 1068 2749 concordare
1089 2682 1232 2762 lecisset,
1257 2680 1385 2764 regredi
1408 2678 1493 2746 Ieru-

319 2800 418 2867 salem
441 2818 500 2885 pro
521 2797 590 2865 Deo
615 2804 647 2865 et
667 2798 819 2865 iratribus
841 2798 1021 2882 Regimunt³
1045 2797 1210 2883 disposuit

407 2915 508 2998 lgitur
537 2915 578 2981 ad
607 2920 674 2981 tam
707 2914 887 2981 mirabilem
920 2914 1055 2979 fratrum
1089 2918 1269 2979 nostrorum
1297 2909 1494 2978 fortitudinis

319 3032 518 3097 devotionem
552 3034 584 3096 ct
618 3035 684 3097 tam
716 3029 993 3117 concupiscibilem
1028 3034 1060 3096 ot
1093 3034 1158 3095 tam
1191 3027 1361 3113 gloriosam
1393 3025 1495 3094 omni·

319 3145 458 3232 potentis
481 3144 540 3211 Dei
569 3147 810 3213 retributionem
834 3152 865 3211 ct
888 3150 955 3211 tam
978 3144 1190 3232 exoptandam
1220 3144 1359 3211 omnium
1384 3150 1502 3231 peceu'

319 3266 425 3329 torum
448 3265 626 3327 nostrorum
651 3282 706 3348 per
723 3261 784 3327 Dei
807 3262 942 3344 gratiam
965 3261 1182 3329 remissionem
1207 3266 1239 3326 et
1254 3258 1374 3326 Gbristi
1397 3259 1497 3327 eccle-

320 3375 388 3443 siae
409 3382 442 3443 et
463 3376 561 3443 totius
584 3376 686 3459 gentis
709 3376 843 3443 Latinae
871 3378 1041 3443 invitamus
1071 3377 1295 3443 exultationem
1326 3381 1358 3441 et
1387 3394 1498 3443 omnes

322 3493 486 3578 episcopos
509 3497 541 3558 et
563 3492 664 3559 bonae
679 3492 763 3559 vitae
784 3493 915 3560 clericos
937 3492 1169 3577 monachosque
1192 3496 1224 3558 et
1247 3510 1356 3558 ornnes
1380 3492 1497 3572 laicos3

322 3614 358 3673 ut
378 3607 433 3674 ille
448 3628 504 3674 vos
527 3608 567 3673 ad
591 3608 753 3675 dextoram
769 3608 829 3675 Dei
852 3609 1014 3676 considere
1029 3608 1135 3693 iaciat,
1160 3609 1213 3693 qui
1229 3607 1309 3674 vivit
1329 3614 1362 3675 et
1385 3612 1500 3691 regnat

321 3721 426 3790 Deusl
449 3745 506 3811 por
528 3724 635 3790 omnia
658 3724 763 3791 recula
786 3724 973 3793 seculorum.
1006 3724 1119 3791 Amen.

391 3951 412 3982 a.
436 3936 601 3983 suffocarentur
616 3936 642 3982 G.
739 3937 761 3983 b.
786 3951 829 3984 om.
843 3936 870 3984 G.
968 3952 988 3984 c.
1012 3936 1154 3983 dimissatV.
1253 3934 1276 3980 d.
1300 3932 1443 3992 redigebant
1456 3934 1500 3981 Vl

323 4030 342 4061 a.
365 4030 408 4061 ona
423 4016 446 4061 l'.
524 4015 540 4062 l.
564 4016 592 4062 G.
603 4016 670 4061 VZB.
748 4030 770 4074 g.
793 4007 922 4064 Rddbertus
939 4017 964 4063 Ζ.
1047 4016 1071 4063 h.
1096 4014 1247 4063 Normanniua
1261 4012 1310 4060 Vc.
1390 4014 1406 4059 i.
1431 4013 1500 4061 KG.

327 4094 395 4149 Van.
412 4108 452 4141 rex
468 4094 599 4141 Goteirirhs
614 4094 642 4140 G.
733 4095 757 4141 k.
780 4094 844 4142 Deus
859 4120 881 4129 —
896 4098 967 4143 Amen
983 4110 1026 4143 ora.
1037 4094 1105 4142 ΠΒ.
