3142 4850
400 304 578 351 unuaonm
601 302 781 351 nrnnouus.
817 304 881 351 1113.
899 304 937 351 ιιι
958 302 976 351 9
1207 288 1271 352 801

100 463 241 525 omnium
263 462 437 528 debitorum
459 476 584 528 tuorum
607 466 696 550 opud
710 464 816 529 Deum
839 467 1361 535 oertomremeeeiooemcoa·1127

99 580 254 661 sequeris,
284 581 315 642 ei
343 601 447 643 omues
476 579 628 645 debitores
657 593 725 645 tuoe
748 584 783 645 e'o
806 584 872 645 ciue
895 583 1021 645 nomiae
1042 580 1188 645 obeolma
1227 580 1273 646 At

99 689 153 757 ille
177 690 271 758 altius
295 693 519 778 ingemiscens:
545 696 596 761 mr
620 695 723 779 inquit
745 700 779 761 iu
802 700 928 761 tremine
943 698 1066 761 domini
1081 696 1153 761 Iesu
1168 718 1272 763 omues

99 807 238 889 absoluo,
262 824 307 891 at,
331 814 501 877 secuudum
524 812 650 877 uerbum
673 825 760 877 tuum
782 815 922 878 dimasto
942 814 1079 898 peccatis
1102 815 1189 892 mec'a,
1217 815 1271 879 de-

99 924 217 989 dicatio
240 928 303 991 e'eto
326 928 417 991 bodie
439 931 473 991 o'u
497 952 544 992 rue
567 929 769 1014 compleatur.
805 926 848 994 Et
863 946 978 993 vocaus
1002 925 1193 1011 ministrum,
1217 928 1271 1012 qui

97 1057 194 1124 super
209 1040 350 1125 captivos
372 1047 449 1125 erut,
474 1062 581 1109 omnes
598 1043 715 1109 dimitti
738 1042 888 1129 precepit
972 1041 1052 1107 Erat
1068 1047 1171 1109 autem
1189 1044 1271 1110 inter

98 1173 153 1219 ecs
176 1153 357 1223 adolescens
380 1157 512 1241 nobilis,
535 1158 618 1225 lilius
641 1160 804 1225 cuiusdam
828 1158 966 1245 potentis
989 1157 1028 1225 de
1050 1157 1159 1224 Dacia
1198 1158 1270 1245 lete,

97 1269 250 1337 absolutis
279 1271 367 1357 aliis,
396 1274 429 1339 in
461 1292 557 1341 eavea
586 1275 721 1360 quadam
746 1275 954 1342 subterranea
976 1274 1100 1341 vinctus
1122 1275 1215 1361 cippo
1239 1282 1271 1342 et

95 1388 238 1455 cathenis
260 1390 436 1473 tenebatur,
464 1412 500 1457 eo
525 1392 608 1475 quod
631 1397 721 1477 pater
745 1392 823 1475 eins,
853 1390 1094 1476 quingentarum
1116 1389 1269 1458 libramm

96 1504 230 1588 debitor,
254 1505 336 1572 bunc
353 1506 463 1571 vadem
487 1507 653 1592 posuisset
737 1506 880 1592 Cumque
894 1507 934 1573 de
949 1504 1146 1573 absolutione
1169 1508 1269 1593 cepti·

95 1620 242 1704 vitatum,
266 1621 304 1687 de
328 1622 506 1689 obedientia
529 1627 561 1689 et
583 1622 734 1706 religione
757 1622 866 1688 Mizlai
888 1621 1042 1708 principis
1065 1621 1166 1688 multa
1186 1627 1270 1689 esset

95 1741 161 1803 tarn
190 1737 307 1823 populo
331 1758 424 1822 quam
449 1738 597 1825 episcopo
620 1744 653 1805 et
675 1737 820 1805 omnibus
844 1738 898 1823 qui
922 1737 1054 1804 aderant
1075 1738 1110 1803 in
1132 1737 1268 1805 Domino

94 1850 259 1937 exultatio,
283 1857 315 1920 et
337 1854 378 1919 ad
400 1855 702 1921 consummationem
725 1830 932 1921 dedicationis
955 1852 1093 1919 ministri
1113 1873 1150 1919 ac
1166 1873 1268 1921 sacer·

93 1966 185 2035 dotes
200 1968 346 2037 alacriter
361 1970 549 2037 festinarent
564 1976 596 2037 et
610 1971 788 2039 necessaria
803 1975 1021 2056 prepararent,
1036 1968 1154 2035 habitis
1166 1969 1267 2035 omni·

11 2166 14 2175 ¹
94 2083 170 2167 bus,
199 2104 255 2151 vas
278 2104 348 2151 cum
372 2086 545 2169 cineribus,
575 2086 659 2171 quod
682 2087 722 2153 ad
746 2107 832 2153 aram
857 2086 994 2172 positum
1017 2089 1103 2169 erat,
1131 2085 1267 2152 inueniri

91 2219 157 2265 nou
186 2202 299 2287 potuit.
346 2201 487 2286 Cumque
510 2201 664 2285 ministli,
693 2202 949 2268 commixtionem
978 2200 1055 2267 salis
1083 2200 1207 2267 etvini
1236 2205 1269 2267 et

93 2316 233 2383 cinemm
262 2317 376 2384 facturi
384 2314 404 2402 ¹,
434 2317 472 2385 de
495 2338 557 2383 non
582 2318 718 2385 inventis
742 2318 900 2385 cineribus
921 2316 1143 2401 turbarentur,
1170 2316 1267 2383 Udal·

92 2433 177 2498 ricus
202 2434 358 2519 sacerdos,
382 2439 528 2521 correpta
550 2434 696 2518 concba·,
721 2435 841 2501 vicinas
864 2435 975 2501 domos
998 2454 1094 2500 unam
1118 2433 1167 2500 vel
1189 2434 1267 2500 duas

92 2553 268 2634 scrutatus,
292 2550 325 2616 in
348 2550 393 2616 eis
416 2551 553 2617 cinerem
577 2570 641 2616 non
664 2551 795 2617 invenit.
834 2551 957 2617 Deinde
980 2549 1021 2616 ad
1042 2549 1173 2616 terciam
1195 2569 1267 2616 cur·

91 2684 177 2748 rens,
193 2666 327 2752 criptam
344 2666 500 2751 quandam
518 2665 766 2749 subterraneam,
781 2667 816 2730 in
832 2685 895 2750 qua
909 2665 1069 2752 predictus
1084 2664 1265 2732 adolescens

91 2781 124 2846 in
151 2781 298 2848 abditiori
322 2787 412 2868 parte
435 2781 648 2865 claudebatur,
671 2781 811 2847 intravit
848 2780 909 2848 Sed
932 2781 1086 2867 captivus,
1110 2800 1167 2867 per
1180 2780 1266 2847 fene·

89 2903 191 2962 stram
216 2917 311 2964 manu
334 2902 480 2983 porrecta
502 2903 534 2963 et
556 2899 661 2964 sonitu
683 2898 782 2980 facto,
806 2902 983 2964 currentem
1007 2896 1200 2963 sacerdotem
1225 2897 1265 2962 ad

90 3033 126 3078 se
150 3019 256 3094 voeat3
280 3033 406 3096 rogam,
431 3019 466 3079 ut
488 3034 546 3099 pro
569 3015 618 3080 sui
641 3013 828 3080 liberatione
845 3014 992 3099 episcopo
1008 3010 1171 3095 significet
1207 3010 1266 3078 Sa-

80 3128 203 3195 cerdos
219 3147 304 3212 vero,
328 3129 481 3215 correptis
504 3128 672 3213 cineribus,
697 3134 904 3215 properanter
927 3127 966 3193 ud
983 3125 1147 3194 eeclesiam
1171 3126 1265 3192 rediit

89 3249 124 3311 et
147 3245 300 3330 operienti
324 3245 470 3331 episcope
494 3244 628 3329 aliisque
652 3244 804 3310 fratribus
827 3244 866 3310 de
888 3243 943 3309 illc
966 3243 1091 3329 captivo
1114 3242 1262 3308 insinuat

87 3359 267 3446 Episcopus
292 3381 381 3444 vero,
406 3361 550 3444 quamvis
573 3359 789 3426 misericordia
812 3364 1006 3426 moreretur:
1026 3359 1140 3447 Toeto
1161 3358 1265 3442 inquit

84 3478 227 3562 prestitit
254 3478 360 3558 notu,
389 3491 424 3544 ut
451 3477 589 3563 amplias
618 3499 687 3541 eum
710 3478 853 3561 repando
874 3498 1011 3560 procare
1032 3497 1096 3540 uon
1119 3476 1261 3540 audeaut

91 3591 224 3674 Tamen,
249 3615 288 3658 oe
308 3595 462 3679 paediam
477 3595 561 3677 festi
582 3593 674 3656 buius
690 3593 802 3677 aliquo
817 3614 855 3656 eo
874 3604 965 3677 porte
980 3591 1143 3671 claudicet,
1168 3612 1263 3675 caper

85 3709 183 3774 tetes
206 3731 329 3794 quoque
350 3711 480 3774 maome
495 3708 561 3773 Dei
581 3709 832 3772 misericordiam
853 3711 1039 3773 ioooeernaa
1074 3705 1119 3772 Et
1132 3724 1260 3771 conver-

85 3843 144 3889 sus
168 3823 208 3888 ad
231 3823 396 3905 orientem,
420 3843 491 3889 cum
515 3823 668 3890 ministris
692 3823 782 3907 quasi
805 3821 884 3888 bora
905 3841 970 3888 una
991 3840 1101 3908 preces
1123 3820 1206 3886 fudit
1220 3821 1261 3887 ad

84 3937 277 4021 Dominum
307 3939 420 4007 deinde
448 3937 663 4005 sacerdotibus
687 3937 747 4003 ait:
778 3938 928 4004 Seorsum
951 3941 1083 4023 occipite
1105 3939 1262 4003 Mialoom

85 4067 128 4134 et,
154 4075 249 4141 qaam
265 4058 432 4122 modoetiae
446 4058 585 4142 potenteis,
609 4075 704 4141 cuper
718 4052 793 4120 boc*
809 4054 901 4119 verbo
917 4053 1136 4120 eubortcmc'm'.
1171 4050 1261 4128 Quod

84 4187 160 4236 cum
181 4170 330 4253 lacerent,
353 4169 487 4237 Mizlaus
503 4170 562 4236 ait:
588 4170 626 4236 lu
642 4170 699 4235 boc
714 4193 777 4236 auo
794 4171 919 4236 bomine
930 4181 1044 4256 puroet
1058 4167 1156 4234 micbi
1168 4168 1261 4232 verm

162 4333 182 4365 a.
206 4333 276 4368 conca
293 4320 323 4376 Ν,
341 4319 427 4368 concha
442 4319 494 4366 BR.
655 4317 677 4365 b.
701 4333 744 4366 ocra
756 4317 793 4376 N‚·
807 4319 886 4380 recepi
902 4333 931 4366 ea
947 4318 1000 4365 BR.

161 4415 185 4468 1.
205 4413 246 4472 Ol.
266 4429 349 4484 supra
365 4431 393 4484 p.
406 4414 459 4470 666
477 4430 503 4468 n.
519 4415 542 4470 1.

132 4509 212 4562 curt.
227 4513 370 4558 sinuosum
379 4513 408 4556 v.
1012 4502 1046 4555 61
