3142 4850
317 294 381 361 782
590 310 769 359 sennonem
791 311 973 359 omnesne
1007 312 1074 359 un
1090 312 1116 359 11
1136 307 1228 360 snm

229 467 296 523 1124
316 470 400 533 Atque
418 468 481 535 prob
501 466 580 531 dolor,
600 468 665 519 inste
683 468 776 519 lectum
795 478 843 529 est,
860 469 928 533 qnod
945 468 1068 528 hominos,
1086 468 1178 534 ingrati
1195 467 1229 518 sd
1247 468 1323 518 ritem
1342 484 1370 519 ee
1389 468 1486 517 receuti

315 558 399 609 divine
417 557 532 615 bonitati,
551 574 597 623 pro
615 556 681 607 mslo
699 556 856 623 blasphemie
874 573 920 607 sne
938 569 1019 607 morte
1036 556 1142 617 multsti,
1160 557 1303 607 resuscitari
1322 574 1374 607 non
1386 572 1484 606 rneruc·

315 654 386 706 runt;
405 662 461 695 curn
478 655 562 697 temen
582 645 679 697 illorum
692 646 849 697 resuscitetio
860 645 956 696 recenti
968 645 1083 707 ecclesie,
1101 646 1310 711 quemodum
1321 660 1349 695 et
1359 644 1486 703 extinctis,

315 734 384 787 luero
403 735 499 785 luisset.
571 735 621 785 Ast
638 734 680 785 bic
698 733 846 785 Herbordus
863 750 942 799 quere
959 735 994 785 sd
1011 734 1060 785 bec
1076 734 1161 786 omnis
1177 734 1252 785 silet?

405 824 511 889 Egone?
531 824 674 887 inquom:
693 822 761 873 Setis
780 830 897 887 superest
913 822 963 874 illis
981 832 1066 875 satra
1084 823 1117 875 de
1134 823 1231 873 illorum
1248 833 1329 873 morte
1346 822 1486 879 sententia

317 912 362 963 sed
381 920 465 963 tomen
484 912 550 963 circs
567 912 624 972 boc,
646 911 728 976 quod·
747 910 890 961 reuectus
907 928 958 962 non
976 921 1043 971 sunt,
1062 912 1130 975 qnod
1147 912 1229 963 sentio
1246 911 1337 970 dicem,
1354 911 1378 961 si
1395 909 1485 975 plecet.

316 1000 346 1051 ln
364 1000 474 1051 historiis
492 1000 606 1051 omnibus
625 1008 677 1050 tem
695 998 787 1050 veteris
805 1014 880 1063 quem
897 999 956 1049 nori
973 1000 1127 1061 testamenti,
1144 1002 1187 1050 ubi
1204 1019 1221 1049 a
1232 999 1364 1065 prophetis
1379 1008 1406 1048 et
1423 1015 1484 1063 epo·

317 1088 388 1141 stolis
406 1089 446 1140 vel
470 1090 502 1139 sb
524 1089 580 1153 ipso
599 1088 706 1139 Domino
728 1088 820 1137 mortui
841 1087 984 1137 resuscitati
1004 1086 1123 1153 leguntur
1129 1126 1138 1150 ,
1159 1100 1205 1139 sut
1225 1090 1277 1140 fide
1294 1096 1339 1138 snt
1361 1086 1485 1152 peticione

317 1176 512 1244 propinquorum
536 1176 563 1227 id
585 1176 701 1227 effectum
725 1174 864 1227 considero.
901 1174 944 1227 Sic
960 1175 1080 1227 lleliseus
1101 1176 1152 1227 lide
1175 1178 1261 1229 metris
1282 1195 1390 1243 puerum
1406 1178 1484 1227 susci·

317 1268 404 1326 tsriffl,
429 1266 465 1316 sic
487 1265 578 1315 Petrus
600 1263 760 1325 thabitam&
785 1263 822 1315 sic
845 1272 871 1314 ct
888 1263 1010 1315 Dominus
1028 1266 1150 1317 chsrnm
1173 1286 1189 1316 o
1210 1267 1313 1317 mortuis
1334 1265 1485 1317 revoc-rifi⁸

317 1355 406 1415 Unde,
425 1354 446 1405 si
464 1352 528 1405 fides
546 1362 590 1404 snt
608 1352 695 1419 petitio
713 1352 882 1418 proximorum
899 1370 946 1417 pro
964 1353 1003 1403 his
1021 1354 1216 1419 interpellasset,
1234 1356 1354 1421 episcopo
1371 1358 1486 1407 virtutem

316 1445 366 1495 Dei
384 1444 417 1494 nd
435 1441 580 1493 miroculum
597 1458 648 1492 non
666 1440 785 1502 defuisse,
804 1441 867 1492 bont
884 1441 987 1492 dubium
1002 1452 1052 1492 est.
1080 1443 1142 1503 Quis
1159 1444 1269 1494 sanctior
1281 1444 1398 1496 Christo?
1416 1445 1485 1495 etde

317 1534 372 1599 ipso
395 1530 555 1598 euangelists
577 1530 661 1581 dicore
684 1546 734 1603 non
757 1538 901 1581 cunctetur:
927 1530 1000 1594 ,Non
1023 1538 1124 1596 poterut
1145 1542 1231 1583 mrtem
1252 1533 1324 1585 Iesus
1347 1534 1385 1584 ibi
1403 1534 1485 1585 fecere

317 1622 448 1688 quicquam
473 1628 576 1686 propter
599 1618 697 1668 illorum
719 1618 963 1669 incredulitstom“⁴.
1000 1620 1067 1671 llinc
1089 1620 1249 1671 menifestum
1271 1632 1327 1684 est,
1352 1623 1485 1673 virentium

317 1710 393 1761 fidem
411 1709 578 1761 necessariam
597 1724 653 1758 esse
672 1707 705 1756 nd
722 1718 877 1758 mortuorum
894 1708 1117 1759 resuscitationem.
1153 1710 1486 1776 &deperditionem

318 1816 363 1866 per
386 1798 485 1864 teguloe
509 1796 642 1863 propinqui
665 1796 835 1847 submiserunt
856 1804 917 1846 ento
934 1796 1031 1858 Iesum,
1056 1797 1126 1857 vide,
1150 1798 1211 1862 quid
1228 1798 1298 1849 dicut
1315 1800 1484 1863 euangelium

320 1889 368 1953 ,Et
391 1887 479 1937 ridens
503 1886 574 1938 Iesus
597 1885 673 1935 fidem
696 1884 809 1946 illomm,
831 1884 895 1935 dixit
916 1884 1060 1951 paralitico:
1087 1885 1190 1950 „Tolle
1211 1886 1304 1937 lectum
1321 1888 1445 1939 tnum⁸“‘
1461 1899 1485 1937 et

317 1985 410 2027 cetere.
482 1974 535 2025 Sed
553 1973 638 2025 cudite
653 1990 730 2038 queso
743 1972 834 2023 adhuc.
861 1973 936 2025 Dono
947 1973 997 2025 Dei
1008 1973 1108 2025 diverso
1120 1992 1185 2035 esse,
1204 1975 1259 2040 quis
1270 1975 1385 2027 nesciet?
1412 1976 1486 2027 Petro

317 2065 404 2115 dntum
421 2071 473 2115 eet:
495 2071 605 2113 mortuos
624 2061 753 2121 suscitare,
771 2061 883 2113 infirmos
902 2078 998 2123 curere,
1017 2062 1137 2113 demones
1154 2064 1273 2129 effugare,
1292 2063 1394 2129 alisque
1410 2065 1486 2115 muln

317 2154 343 2203 in
361 2153 428 2203 bunc
445 2150 546 2203 modurn
565 2148 705 2216 corporalis
721 2149 846 2201 beneficis
864 2160 978 2216 prestere
996 2151 1181 2216 permittens,
1200 2152 1289 2217 quibus
1301 2152 1334 2202 ad
1347 2152 1486 2218 spiritualia

317 2242 384 2293 bono
406 2258 465 2293 suos
488 2238 601 2291 alliceret
625 2238 751 2289 auditores
758 2257 766 2299 ;
790 2248 923 2303 argentum
945 2248 1030 2290 sutem
1047 2249 1074 2291 ct
1091 2258 1193 2303 surum,
1216 2240 1283 2307 quod
1302 2241 1391 2307 egenti
1407 2242 1487 2299 dnret,

317 2347 367 2381 non
386 2330 510 2388 habebnt,
535 2326 599 2377 sicut
617 2328 672 2392 ipse
691 2327 797 2393 pauperi
814 2326 904 2378 claudo
922 2329 1013 2394 stipem
1030 2330 1145 2396 poscenti
1162 2329 1304 2395 respondit:
1331 2332 1486 2396 ,Argentum

317 2430 344 2472 ot
361 2437 448 2471 surum
465 2435 516 2469 non
534 2426 575 2468 cst
591 2414 680 2477 michi;
700 2416 767 2481 quod
785 2426 870 2468 sutem
887 2416 979 2480 beben,
996 2418 1045 2470 boc
1061 2418 1106 2469 tibi
1118 2419 1194 2470 do“⁰.
1220 2418 1272 2470 Sed
1284 2419 1318 2469 ab
1329 2436 1371 2479 eo,
1390 2421 1434 2486 qni
1446 2419 1487 2470 dut

317 2509 360 2560 nni
378 2507 467 2574 cuique
485 2515 560 2573 prout
577 2505 657 2567 vult⁷,
676 2504 763 2557 Ottoni
783 2504 870 2556 dutum
887 2516 939 2556 est:
957 2507 1050 2558 multss
1067 2525 1129 2573 opes
1147 2508 1241 2560 bebere
1259 2525 1316 2558 cum
1333 2509 1450 2560 bonitate
1462 2525 1487 2558 es

317 2599 435 2665 lergitste
453 2595 601 2648 admirabili.
629 2594 704 2646 Petro
723 2594 800 2659 igitur
818 2603 920 2657 orente,
939 2596 1052 2647 Christus
1068 2597 1202 2662 lnngnidos
1219 2606 1246 2647 ot
1264 2596 1363 2647 debiles
1380 2599 1487 2657 cererin

318 2689 412 2740 Ottonc
435 2695 519 2738 sutem
542 2683 679 2750 largiente,
704 2683 817 2734 Christus
836 2683 936 2736 vinculo
953 2694 980 2735 ct
996 2686 1154 2751 captivitates
1172 2684 1288 2737 absolvit.
1318 2686 1392 2736 Petri
1410 2687 1486 2738 oratio

317 2784 344 2827 et
367 2775 468 2828 Ottonis
493 2772 593 2839 lsrgitio
616 2773 642 2822 in
666 2771 772 2823 solutenr
797 2771 884 2837 populi
906 2773 938 2824 nb
962 2791 1012 2825 uno
1037 2775 1134 2826 Christo
1160 2775 1381 2840 dispensebsntur.
1418 2774 1488 2825 Alter

318 2865 465 2924 sonctitcte,
484 2862 548 2914 alter
566 2861 716 2912 liberalitem
735 2859 861 2925 pollebst3
882 2861 925 2911 illo
942 2862 1120 2929 prodigaliter,
1138 2864 1186 2914 iste
1204 2863 1343 2914 liberaliter
1360 2864 1487 2914 bersellus

317 2963 386 3015 cret;
404 2963 509 3017 uterque
528 2965 641 3002 carceres
660 2950 773 3016 operuit,
791 2946 907 3000 vinculob
925 2951 1013 3013 solvit,
1031 2953 1077 3003 sed
1094 2952 1136 3003 illc
1154 2968 1243 3018 prece,
1262 2952 1311 3002 iste
1328 2953 1430 3017 precio;
1446 2952 1487 3002 ille

317 3052 427 3095 mortuos
449 3039 591 3100 suscitarit,
614 3038 677 3100 iste,
701 3055 733 3089 ne
751 3047 908 3090 morerentur
926 3039 1052 3102 homines,
1074 3043 1174 3092 morbos
1192 3041 1297 3106 ingerit
1335 3041 1406 3102 Quid
1422 3040 1486 3091 enirn

317 3132 396 3182 semes
414 3130 468 3181 sitis
486 3128 545 3195 gelu
564 3136 590 3178 et
608 3125 658 3178 olis
675 3126 834 3178 incommoda
852 3127 902 3178 rito
920 3136 1006 3180 nostre
1023 3129 1072 3180 nisi
1089 3130 1169 3180 morbi
1187 3133 1263 3180 sunt?
1292 3129 1342 3190 Qui
1360 3129 1411 3179 nisi
1426 3145 1485 3180 con·

317 3220 385 3284 gruis
404 3219 545 3284 effugentur
563 3216 702 3277 medicinis,
721 3216 833 3282 profecto
852 3217 1002 3283 extinguunt
1018 3217 1152 3269 bominem.
1188 3218 1246 3270 Non
1264 3226 1350 3269 temen
1369 3217 1486 3269 Ottonem

316 3308 393 3359 Petro
411 3324 450 3358 me
468 3307 599 3373 quisquam
616 3313 689 3371 putet
701 3303 765 3355 vello
776 3305 917 3370 sdeqnsro;
936 3306 983 3357 nisi
1002 3307 1066 3358 forte
1085 3316 1113 3357 ut
1124 3307 1255 3358 Mantuam
1266 3307 1358 3368 Rome,
1375 3317 1405 3358 nt
1416 3307 1487 3357 blare

316 3396 426 3462 quedem
443 3394 612 3462 proportionis
630 3394 727 3445 ratione
745 3409 786 3444 res
805 3393 908 3459 equulos
926 3395 1008 3460 lingit,
1026 3395 1125 3447 dicens:

532 3483 590 3548 ,Sic
607 3481 711 3534 crnibus
730 3480 835 3543 catulos,
853 3483 890 3532 sic
906 3482 1005 3549 msgnis
1023 3485 1143 3536 matribus
1161 3484 1284 3545 bedos²⁸,

317 3571 455 3625 assimilent
461 3591 469 3633 ;
492 3581 582 3624 nntnre
600 3571 695 3624 scilicet
714 3587 744 3622 cc
761 3570 841 3621 forme
859 3572 1036 3637 proportione,
1053 3589 1105 3624 non
1123 3572 1296 3639 magnitudine
1313 3573 1429 3638 eorporis
1443 3583 1486 3623 ut

317 3662 465 3728 quontitate·
536 3661 589 3712 Sed
607 3670 643 3722 tu,
661 3660 730 3726 quod
748 3659 846 3725 cepisti,
865 3659 960 3711 evolso.

406 3763 458 3826 36.
495 3759 694 3826 Selridus:
723 3761 902 3828 Destmotis
923 3761 1021 3844 igitur
1042 3761 1135 3843 lenis,
1158 3759 1275 3826 collisis
1298 3759 1485 3840 simulacris,

317 3876 449 3942 multato
465 3876 615 3940 divinitus
638 3875 810 3960 sacerdote,
834 3877 966 3942 victorin
981 3877 1080 3943 erucis
1098 3877 1239 3960 erigitur,
1262 3883 1487 3942 construuntur

317 3993 517 4078 baptisteria3
541 3991 625 4056 dolia
646 3991 741 4058 humo
757 3992 962 4076 infodiuntur,
985 3993 1115 4058 cortinis
1130 3992 1284 4058 velentur.
1317 3991 1486 4057 Omnibus-

389 4165 409 4198 ιι
433 4165 476 4197 orn.
488 4149 524 4204 N,-
539 4149 618 4210 recepi
634 4165 662 4196 ec
679 4149 707 4196 B.
816 4151 839 4197 b.
862 4151 952 4197 uincula
968 4151 1036 4196 solvit
1052 4165 1094 4197 ont
1106 4151 1142 4205 N,·
1157 4150 1236 4210 recepi
1251 4164 1280 4196 ec
1296 4151 1327 4196 B.

389 4241 413 4292 1.
432 4237 530 4305 4Reg.
543 4237 569 4304 5,
587 4235 632 4291 34.
708 4239 734 4291 2.
753 4237 816 4292 Act
829 4252 873 4305 ep.
886 4238 911 4306 9,
929 4238 975 4291 40.
1052 4239 1078 4292 3.
1096 4236 1153 4293 lob.
1167 4237 1210 4305 ll,
1228 4237 1273 4291 43.
1343 4237 1370 4290 4.
1389 4235 1484 4291 listtb.

318 4325 359 4394 13,
378 4327 422 4379 58.
506 4325 531 4380 5.
550 4324 646 4378 Mattb.
660 4326 685 4393 9,
704 4327 729 4380 2.
743 4328 768 4379 6.
850 4325 876 4379 6.
895 4324 958 4380 Act
972 4341 1017 4395 ep.
1029 4326 1055 4395 3,
1073 4327 1099 4380 6.
1181 4325 1207 4379 l.
1226 4321 1268 4380 Cf.
1283 4325 1371 4380 chr.
1388 4326 1484 4393 1211.

316 4413 341 4466 8.
362 4411 403 4468 Ol.
416 4413 493 4482 Virg.
506 4413 581 4467 Eccl.
595 4413 619 4481 1,
639 4413 682 4467 23.
1568 4416 1569 4419 ’
