3142 4850
287 338 352 403 844
705 358 813 405 666666
836 356 1078 407 6666666666

285 594 351 649 Ρ661
369 594 433 648 Bari
451 596 605 664 captionem
643 635 648 647 .
687 636 692 646 .
732 634 737 647 .

285 684 352 739 Post
369 686 448 754 parvi
465 685 596 754 temporis
641 724 647 734 .
686 724 691 736 .
730 724 736 736 .
774 724 780 736 .

284 772 432 843 Postquam
452 773 615 844 disponente
634 774 694 828 Deo
732 815 736 824 .
776 812 781 825 .

284 862 433 931 Postquam
452 862 569 919 domnus
587 863 735 931 imperator

285 950 405 1006 Primum
424 951 544 1021 quidem,
562 950 691 1007 domine.
731 992 735 1002 .
775 991 780 1001 .

284 1038 416 1109 Princeps
433 1040 582 1094 clarissime
600 1044 648 1095 ct.
687 1080 691 1091 .
731 1080 736 1091 .
774 1078 780 1092 .

284 1128 337 1184 Pto
355 1130 461 1185 clericis
479 1129 617 1184 Paduanis
643 1172 647 1179 .
687 1170 691 1179 .
731 1170 735 1179 .

284 1217 338 1273 Pro
356 1218 489 1273 ecciesiae
508 1234 540 1272 ac
558 1220 648 1286 regni.
688 1258 693 1269 .
731 1256 736 1269 .

284 1308 467 1363 Promissione
485 1306 577 1361 domni
595 1320 684 1375 papae
732 1347 737 1357 .

284 1396 400 1465 Propter
416 1396 523 1450 instans
541 1398 570 1449 et
586 1395 668 1450 valde
688 1436 693 1446 .
732 1436 736 1445 .
775 1435 781 1446 .

284 1484 398 1555 Propter
416 1485 549 1539 unitatem
599 1525 780 1536 .....

285 1574 338 1630 Pro
356 1574 495 1643 religionis
513 1580 646 1629 6661666.
686 1614 691 1625 .
730 1614 735 1624 .
774 1613 779 1623 .

285 1664 435 1736 Quaedam
454 1664 647 1718 monasteria.
688 1704 691 1712 .
731 1702 736 1713 .
774 1701 779 1713 .

285 1752 346 1819 Qua
363 1752 451 1808 torma
468 1751 578 1807 domino
600 1791 780 1803 .....

285 1842 407 1909 Qualiter
423 1843 451 1896 in
470 1840 687 1896 Halberstatensi
731 1881 736 1891 .

285 1931 372 1997 Quam
392 1930 491 1986 festiva
508 1935 617 1985 vestrae
643 1974 647 1981 .
685 1970 691 1982 .
730 1971 735 1981 .
775 1970 779 1981 .

285 2020 416 2087 Quamvis
435 2019 647 2075 misericordie.
687 2059 691 2069 .
731 2060 736 2069 .

284 2108 408 2175 Quantae
430 2108 581 2164 affectionis
600 2106 693 2162 debito
729 2148 734 2158 .
774 2146 779 2159 .

283 2199 407 2264 Quantae
426 2204 455 2253 ct
472 2214 554 2268 quam
573 2196 735 2267 pestilerae.
773 2237 777 2246 .

283 2288 393 2353 Quanta
409 2286 465 2342 lide
483 2292 511 2340 et
529 2285 732 2340 benivolentia.
772 2325 777 2337 .

283 2376 405 2443 (1666166
423 2380 451 2432 61
468 2377 563 2446 quales
581 2377 689 2431 valeo.
729 2416 733 2426 .
773 2414 777 2420 .

283 2465 406 2531 Quantas
423 2480 474 2535 pro
492 2464 645 2520 Gauirido.
684 2505 689 2516 .
729 2507 733 2516 .
773 2506 778 2518 .

283 2554 406 2620 Quantas
424 2554 645 2610 tribulationum.
684 2596 689 2605 .
728 2595 733 2606 .
772 2593 778 2606 .

283 2645 398 2711 Quantis
416 2649 445 2700 et
462 2658 543 2713 quam
562 2643 698 2698 dinturnis
730 2683 735 2694 .
773 2683 779 2695 .

283 2734 391 2800 Quanto
409 2732 546 2788 desiderio
562 2731 663 2801 iugiter
685 2773 689 2782 .
728 2772 733 2782 .
772 2772 777 2782 .

282 2821 390 2888 Quanto
409 2828 436 2876 te
455 2822 571 2890 amplius
598 2861 603 2872 .
640 2859 645 2872 .
684 2861 689 2872 .
729 2861 733 2871 .
761 2862 777 2902 ὅ

282 2910 418 2976 Quantum
438 2925 455 2964 a
473 2925 522 2965 sue
541 2909 744 2965 constitutionis
772 2950 777 2962 .

234 2991 248 3038 l
283 2999 419 3065 Quantum
439 2998 599 3052 clementiae
617 3003 726 3054 vostrae

283 3089 419 3154 Quantum
438 3088 540 3142 crimen
553 3125 776 3139 ......

283 3179 419 3244 Quantum
439 3189 492 3245 ego
510 3176 574 3230 6661
595 3217 776 3228 .....

283 3266 423 3333 Quasdam
441 3265 580 3320 sanctitati
598 3270 706 3319 vostrae
729 3309 732 3316 .

282 3353 517 3421 Quemadmodum
535 3353 614 3408 nobis
640 3395 645 3405 .
684 3394 689 3406 .
727 3393 733 3406 .
771 3394 777 3406 .

282 3443 351 3509 Quia
368 3443 403 3498 de
421 3442 584 3513 requirendo
596 3483 778 3496 .....

282 3533 352 3599 Quia
369 3533 398 3587 16
415 3530 541 3610 custodia
552 3571 778 3584 ......

282 3621 352 3687 Quia
369 3622 397 3675 in
415 3619 512 3675 diebus
530 3621 680 3675 iuventutis
727 3661 732 3672 .

281 3709 351 3776 Quia
368 3707 598 3779 magnificentiam
616 3713 736 3764 66616666
772 3749 777 3764 .

281 3797 352 3865 Quia
370 3797 572 3852 mansuetudini
591 3803 701 3853 nostrae
727 3840 732 3851 .
770 3839 775 3852 .

281 3887 351 3954 Quia
369 3901 474 3941 morum
492 3892 601 3940 tuorum
638 3927 643 3938 .
682 3927 687 3938 .
727 3928 732 3938 .
770 3928 775 3938 .

281 3976 351 4042 Quia
367 3974 487 4044 1666666,
507 3974 643 4030 Domino.
683 4014 688 4027 .
727 4017 732 4027 .
771 4017 775 4026 .

281 4063 350 4131 Quia
367 4064 492 4119 timorem
510 4063 563 4118 Dei
594 4103 776 4116 .....

281 4153 352 4220 Quia
369 4152 453 4207 totius
471 4152 687 4207 ecclesiastice.
726 4194 732 4209 .
771 4195 775 4206 .

281 4241 352 4307 Quia
368 4241 476 4296 6166666
493 4240 688 4296 christianae.
727 4282 732 4294 .
770 4282 776 4295 .

281 4329 385 4392 Quibus
403 4333 432 4382 et
450 4329 559 4398 quantis
578 4328 733 4385 devotionis
770 4370 776 4383 .

282 4413 352 4476 Quid
370 4429 469 4469 causac
487 4416 640 4471 intercedat
682 4457 687 4468 .
725 4458 731 4470 .
770 4457 775 4468 .

282 4497 425 4570 Quiddam‚
443 4502 518 4571 quod
535 4504 572 4558 ad
590 4507 732 4560 66616661.
769 4545 775 4556 .

775 634 781 647 .
816 531 872 649 bib
907 595 1042 662 Quociens
1060 594 1180 651 16661666
1197 594 1313 651 66661116
1353 634 1360 645 .
1399 634 1408 646 .

775 862 871 915 ,396
907 861 1314 930 oncologatostnostanac.
1354 900 1407 911 ..

775 1171 780 1180 .
817 1128 872 1182 282
907 1127 985 1193 Quod
1003 1128 1128 1198 speratis,
1146 1131 1380 1196 superventurum
1401 1169 1407 1178 .

776 1256 780 1267 .
818 1218 870 1271 241
907 1216 986 1282 Quod
1005 1222 1097 1271 restra
1114 1216 1267 1285 dignatio.
1306 1256 1313 1267 .
1352 1256 1359 1267 .
1399 1256 1406 1267 .

776 1344 781 1357 .
818 1305 872 1359 316
907 1305 986 1370 Quod
1003 1322 1055 1361 666
1073 1305 1220 1373 diligamus
1262 1344 1268 1355 .
1305 1342 1313 1356 .
1353 1343 1359 1354 .
1399 1345 1406 1355 .

773 3307 776 3316 .
815 3265 868 3321 294
903 3261 977 3318 66116
995 3263 1087 3318 mirari
1104 3263 1265 3331 nequimus.
1302 3304 1309 3315 .
1347 3303 1354 3316 .
1394 3305 1402 3317 .

771 3662 776 3672 .
814 3622 867 3676 159
902 3619 1010 3676 Scimus
1028 3619 1147 3689 quidem,
1166 3619 1253 3673 selum
1302 3659 1308 3671 .
1346 3659 1353 3672 .
1393 3659 1401 3673 .

1441 530 1498 737 §.QZ

817 684 872 739 219
907 684 987 750 Quod
1004 690 1100 739 666166
1117 685 1271 740 acclesiae.
1308 725 1315 737 .
1354 722 1360 734 .
1399 720 1407 734 .

818 772 872 827 422
907 771 986 838 Quod
1003 772 1032 827 in
1050 777 1127 827 tants
1144 787 1235 829 rerum
1263 814 1269 824 .
1308 812 1315 825 .
1354 812 1361 824 .
1399 812 1407 822 .

1445 772 1500 1092 &333

817 950 870 1004 521
907 949 984 1015 Quod
1002 950 1176 1020 paternitatis
1194 954 1315 1004 vestae.
1354 988 1361 999 .
1399 987 1409 1002 .

817 1040 870 1094 241
907 1039 985 1106 Quod
1002 1040 1126 1109 proximo
1144 1037 1261 1092 domnus
1307 1076 1315 1089 .
1354 1076 1361 1089 .
1399 1076 1408 1089 .

1445 1128 1479 1181 ΕΞ

1481 1127 1498 1180 ..a

1443 1216 1499 1358 ξε

817 1394 871 1448 436
906 1394 1040 1460 Quoniam
1058 1394 1192 1448 ecclesiae
1207 1393 1408 1448 incremento.

818 1482 871 1537 416
906 1482 1039 1549 Quoniam
1057 1483 1174 1537 ccclesia
1190 1483 1219 1537 in
1237 1481 1359 1536 multis.
1398 1521 1407 1533 .

817 1571 871 1625 253
906 1571 1039 1637 Quoniam
1056 1569 1219 1626 excedentia
1235 1569 1408 1625 nobilitatis.

818 1661 871 1715 512
906 1661 1039 1726 Quoniam
1057 1659 1130 1715 tibae
1147 1674 1267 1715 snmus.
1305 1700 1311 1711 .
1351 1701 1358 1711 .

818 1750 870 1803 536
905 1749 1039 1815 Quoniam
1058 1749 1168 1804 honoris
1184 1748 1270 1803 666161
1306 1789 1311 1799 .
1352 1789 1359 1801 .
1398 1790 1405 1800 .

775 1880 780 1891 .
818 1839 871 1893 163
906 1839 1039 1905 Quoniam
1058 1837 1113 1894 hnc
1129 1854 1216 1909 usquc
1233 1838 1268 1892 ad
1305 1878 1311 1888 .
1350 1876 1357 1889 .
1397 1878 1404 1889 .

820 1928 871 1984 133
905 1927 1039 1993 Quoniam
1057 1928 1162 1999 placuit
1178 1932 1311 1982 6661666.
1350 1965 1357 1978 .
1397 1967 1404 1977 .

774 2058 780 2070 .
817 2018 870 2073 599
905 2016 1038 2082 Quoniam
1057 2017 1155 2071 6616116
1172 2021 1311 2071 auctorem
1350 2056 1358 2066 .
1397 2056 1403 2065 .

817 2108 870 2161 250
905 2106 1038 2171 Quoniam
1057 2120 1166 2175 semper
1183 2104 1262 2160 nobis
1279 2103 1357 2159 161611
1396 2143 1404 2155 .

818 2196 869 2251 145
904 2194 1037 2260 Quoniam
1056 2200 1085 2248 16
1102 2209 1211 2264 semper
1228 2193 1307 2249 nobis
1349 2232 1356 2247 .
1396 2233 1403 2244 .

817 2286 869 2339 138
904 2281 1046 2353 Quoniam,
1063 2288 1096 2337 61
1113 2298 1208 2338 verum
1225 2280 1313 2337 fatear
1349 2321 1357 2334 .
1396 2323 1403 2332 .

815 2375 869 2429 432
904 2372 1037 2438 Quoniam
1055 2375 1165 2428 vestrae
1182 2371 1355 2440 legationis.
1395 2411 1402 2424 .

817 2465 868 2519 151
903 2461 1063 2517 1161666616
1080 2460 1356 2517 6666666111166166.
1395 2499 1404 2512 .

816 2555 869 2609 123
903 2551 991 2620 Regni
1009 2553 1095 2607 nostri
1112 2551 1310 2621 perturbatio.
1348 2588 1356 2600 .
1395 2589 1403 2602 .

815 2643 868 2697 399
904 2641 1028 2708 Regnum
1047 2645 1169 2696 66616666
1187 2645 1299 2695 6666166
1349 2679 1355 2691 .
1395 2680 1403 2692 .
1438 2652 1448 2668 “

816 2733 868 2787 265
903 2729 1033 2798 Religiosi
1051 2730 1111 2798 viri,
1129 2730 1217 2784 nuntii
1259 2770 1264 2779 .
1302 2769 1310 2784 .
1349 2769 1356 2781 .
1395 2771 1402 2781 .

815 2822 869 2876 519
902 2819 1071 2885 Rogarimus
1089 2817 1173 2872 lilium
1189 2823 1310 2873 nostrum
1349 2861 1355 2870 .
1395 2859 1403 2870 .

815 2911 868 2964 249
903 2907 1094 2962 3666666161
1110 2907 1199 2962 nuntii
1214 2946 1402 2961 .....

772 3039 778 3050 .
815 2999 868 3053 283
903 2997 1026 3051 Sanctae
1044 2996 1212 3051 venerationi
1229 3002 1354 3051 6661666.
1395 3038 1403 3047 .
1477 2997 1490 3010 ’

814 3088 865 3142 321
903 3085 1063 3140 6666111666
1081 3085 1312 3140 666166611116666
1348 3125 1356 3137 .
1394 3126 1401 3137 .

815 3178 867 3232 241
903 3173 1063 3230 sanctitatis
1080 3178 1191 3229 6661666
1208 3174 1312 3230 monim
1349 3213 1355 3225 .
1394 3213 1402 3227 .

815 3355 868 3409 349
903 3351 1106 3408 Scaihnsenses
1123 3350 1222 3407 iratres
1259 3393 1263 3402 .
1301 3393 1308 3404 .
1348 3393 1354 3404 .
1394 3393 1401 3405 .

814 3445 868 3498 312
902 3441 1035 3512 66166166,
1054 3455 1104 3496 666
1122 3443 1150 3496 16
1168 3441 1308 3496 eecloeia.
1346 3481 1353 3494 .
1393 3483 1400 3493 .

815 3534 867 3586 192
902 3530 1019 3600 Scimus,
1037 3530 1102 3599 qnia
1117 3528 1300 3599 legationibus
1347 3572 1353 3580 .
1394 3572 1401 3584 .

815 3712 866 3766 113
902 3707 965 3765 6616
983 3708 1169 3763 indubitanter
1185 3715 1215 3762 et
1257 3747 1264 3761 .
1301 3748 1309 3760 .
1347 3749 1353 3760 .
1392 3749 1400 3761 .

814 3802 865 3855 111
901 3795 978 3853 Scire
996 3797 1063 3852 velit
1078 3794 1264 3851 fraternitas.
1302 3839 1308 3847 .
1346 3839 1352 3848 .
1392 3838 1400 3850 .

813 3889 866 3943 226
902 3883 1039 3955 Scriptum
1057 3889 1113 3939 est:
1132 3883 1162 3940 Si
1179 3885 1275 3941 666166
1301 3925 1309 3937 .
1347 3927 1352 3937 .
1392 3927 1400 3940 .

813 3979 867 4032 239
902 3973 1017 4044 Semper
1033 3972 1145 4043 quidem
1162 3973 1297 4029 desidmb
1346 4014 1353 4027 .
1391 4014 1399 4028 .

813 4067 867 4121 393
901 4063 980 4118 61661
996 4063 1199 4118 ecclesiasticae
1215 4063 1308 4132 pacis.
1345 4104 1353 4115 .
1391 4104 1398 4115 .

813 4155 866 4210 833
901 4151 980 4207 61661
995 4152 1024 4207 16
1042 4151 1170 4207 omnibus
1186 4152 1307 4207 vestris.
1345 4191 1352 4205 .
1390 4193 1398 4206 .

814 4243 866 4299 112
901 4239 980 4296 Sicut
995 4241 1098 4296 1661661
1116 4244 1158 4295 est
1176 4253 1227 4295 nos
1258 4280 1263 4291 .
1301 4279 1308 4292 .
1344 4279 1351 4293 .
1391 4283 1398 4295 .

813 4332 866 4386 226
900 4327 979 4385 Sicut
996 4330 1185 4384 nonnullorum
1204 4328 1353 4384 66166666.
1391 4369 1398 4382 .

830 4419 866 4473 88
900 4415 979 4473 61661
995 4431 1046 4488 per
1061 4417 1166 4473 litteras
1183 4421 1213 4472 et
1257 4458 1265 4471 .
1301 4457 1308 4470 .
1345 4457 1352 4469 .
1390 4457 1398 4470 .

814 4505 866 4561 116
900 4503 930 4561 61
948 4521 982 4562 es
999 4520 1050 4561 nos
1067 4505 1161 4562 debita
1177 4511 1206 4562 et
1257 4545 1264 4559 .
1300 4547 1307 4558 .
1343 4544 1353 4558 .
1390 4547 1398 4560 .

1435 3265 1492 4564 ffigffiffigffiaeffiffiffissffizffi}
