3142 4850
299 301 345 366 40
693 315 859 364 66666666
881 313 1009 364 connx.
1043 313 1079 364 ac

215 483 333 548 105161
356 478 439 563 qnod
461 478 510 544 bis
533 478 661 560 gravius
685 481 734 542 est
756 479 790 542 et
811 473 1034 561 periculosius,
1055 495 1098 541 ne
1120 475 1260 542 divinem
1283 476 1342 542 tibi
1365 477 1469 563 parias

301 593 462 678 offensam,
487 613 640 660 veremur.
679 592 723 659 Et
745 597 782 657 ut
803 595 911 658 cetera
924 591 1117 675 omittamus,
1141 591 1385 658 animamillam
1400 592 1471 659 bea·

301 711 456 777 1166166666
491 708 658 790 Η16166161)
694 706 949 774 christianissimi
980 707 1197 792 imperatoris,
1236 707 1409 774 conditoris
1442 714 1470 774 st

301 825 437 891 auctoris
460 824 572 907 nostri,
595 823 685 889 cuius
707 822 894 889 memoriam
917 823 1020 888 omnis
1044 828 1140 907 aetas,
1163 824 1271 889 omnia
1291 823 1400 889 secula
1419 823 1470 889 be-

300 941 457 1024 nedicent,
480 939 567 1004 illam
591 937 721 1024 inquam
744 958 784 1004 ne
807 939 841 1003 in
864 940 1095 1005 accusationem
1119 942 1165 1022 st,
1191 939 1276 1023 quod
1297 939 1385 1006 dictu
1407 939 1470 1004 166-

301 1061 426 1122 1666666
452 1059 510 1138 est,
533 1073 574 1120 ns
596 1054 630 1120 in
654 1053 913 1141 dampnationem
935 1053 983 1119 tui
1005 1073 1168 1139 provocas,
1194 1054 1286 1120 valde
1308 1055 1470 1121 horremus

301 1177 334 1238 et
356 1169 636 1238 contremiscimus.
729 1167 888 1236 Salaciam
912 1169 1012 1253 enim,
1042 1188 1104 1254 quo
1126 1170 1181 1236 ille
1202 1171 1252 1236 616
1272 1170 1473 1238 beatissimus

302 1287 440 1372 reliquas
468 1285 635 1352 facultates
664 1289 791 1351 nostras
819 1286 853 1350 in
879 1285 1059 1352 libertatem
1088 1286 1246 1371 quandam
1276 1306 1295 1352 6
1323 1305 1473 1372 procura·

302 1403 422 1470 toribus
445 1402 562 1468 nostris
585 1399 835 1484 vendicaverat,
858 1421 919 1486 quo
942 1399 996 1466 ille
1018 1401 1110 1467 nobis
1132 1406 1242 1468 contra
1262 1406 1474 1487 proventuum

303 1519 488 1586 6661616166
505 1516 715 1600 consuluerat,
740 1534 802 1601 quo
824 1515 879 1583 ille
899 1516 992 1582 nobis
1014 1517 1218 1584 intercalares
1240 1516 1474 1584 benedictiones

302 1634 493 1719 instituerat,
517 1653 579 1717 quo
602 1631 656 1699 ille
679 1632 813 1698 diversis
828 1637 1005 1718 temporum
1030 1633 1262 1700 calamitatibus
1284 1639 1475 1715 occurrerat

302 1749 381 1817 illud
396 1750 541 1834 denique,
560 1767 621 1832 quo
637 1747 691 1814 ille
706 1747 798 1814 nobis
814 1753 847 1814 et
862 1748 1095 1815 habundantius
1110 1754 1237 1816 nostrae
1253 1753 1476 1814 ornamentum

303 1871 335 1933 61
357 1867 484 1952 inopiae
507 1863 666 1947 singulare
689 1864 863 1950 remedium
885 1864 1079 1950 providerat,
1102 1866 1161 1932 sub
1182 1871 1225 1949 te,
1248 1863 1477 1948 1611666616-

303 1981 406 2065 mino,
435 1985 563 2066 pastore
592 1979 780 2062 domestico,
810 1986 919 2046 contra
947 2000 1068 2046 morem
1097 1986 1208 2048 eontra
1234 1979 1338 2063 legem
1365 1985 1478 2045 666166

303 2097 410 2162 omnia
425 2095 533 2161 divina
552 2100 584 2161 et
598 2094 738 2162 bumana
751 2096 824 2161 1666
838 2096 1011 2161 amisimus.
1079 2096 1198 2175 Quodsi
1215 2096 1292 2162 ordo
1306 2101 1478 2181 textusque

303 2231 416 2280 causae
444 2211 644 2299 prudentiam
673 2215 761 2276 tuam
790 2211 938 2295 fugisset,
968 2211 1027 2278 166
1055 2217 1104 2278 est
1132 2213 1160 2278 ei
1187 2214 1385 2296 ignorasset,
1417 2211 1490 2280 boc.

302 2328 409 2414 ipsum
436 2327 618 2414 praedium,
651 2345 721 2393 6666
751 2326 911 2409 quondam
937 2347 996 2412 per
1024 2327 1194 2394 violentam
1229 2327 1478 2394 dominationem

303 2451 447 2530 ereptum
459 2443 599 2528 luissetl,
615 2448 732 2527 quanto
748 2442 863 2509 sudore
873 2463 967 2527 quam
981 2444 1169 2510 examinatis
1181 2444 1480 2530 probatissimorum

303 2560 438 2627 fratrum
462 2557 670 2626 sacramentis
693 2563 724 2625 et
740 2559 930 2625 testimoniis
944 2560 978 2625 in
993 2561 1043 2625 ius
1061 2561 1351 2646 proprietatemque
1368 2560 1482 2626 Sancti

303 2674 392 2743 Petri
406 2674 503 2742 inerit
516 2680 708 2757 6666661666,
724 2675 865 2760 protecto
879 2695 938 2761 per
952 2675 1115 2742 obtentum
1127 2677 1325 2759 ignorantiae
1339 2682 1373 2742 te
1386 2676 1481 2743 nobis

305 2810 457 2858 excusare
478 2810 652 2877 possemus.
688 2789 798 2876 Neque
821 2810 896 2857 6666
917 2792 1081 2875 iacturam,
1105 2811 1200 2876 quam
1223 2792 1373 2878 patimur,
1395 2796 1482 2858 tam·

305 2907 365 2975 etsi
389 2908 442 2973 vix
466 2906 594 2974 tolerari
618 2926 711 2993 posse
734 2906 894 2989 videatur,
923 2910 1089 2993 tantopere
1116 2927 1301 2991 gravamur3
1329 2907 1482 2975 11661666

304 3022 388 3090 enim
412 3022 582 3108 plurimam
598 3042 656 3108 per
670 3021 784 3089 merita
807 3021 893 3088 beati
906 3019 993 3087 Petri
1007 3022 1160 3089 habemus
1175 3024 1214 3090 de
1228 3024 1481 3111 recuperatione.

303 3136 422 3203 Verum
451 3142 555 3221 tuam,
578 3137 703 3203 domine
725 3138 885 3223 piissime,
915 3138 1015 3205 616666
1045 3160 1104 3225 pro
1127 3139 1235 3206 debita
1256 3140 1316 3207 tibi
1344 3140 1484 3207 66611616

304 3252 517 3339 deploramus,
541 3254 568 3318 si
591 3253 710 3318 161616
733 3272 801 3336 nos,
826 3253 909 3338 quod
933 3253 1202 3340 661161166661,
1225 3256 1350 3322 iniuriis
1373 3254 1484 3322 locum

305 3370 339 3434 61
359 3368 555 3434 occasionem
578 3366 690 3434 alienis
713 3369 820 3454 parias
845 3368 1014 3435 beneflciis.

394 3481 495 3560 Quam
519 3483 559 3549 cb
583 3503 649 3549 rem
671 3482 806 3568 pedibus
827 3484 891 3550 tuis
914 3505 980 3551 una
1001 3486 1167 3553 devotione
1189 3486 1358 3573 provoluti,
1384 3486 1486 3554 unice

305 3598 554 3666 misericordiam
570 3605 658 3665 16666
674 3599 875 3667 obsecramus
890 3604 923 3667 et
937 3601 1147 3669 obtestamur:
1165 3609 1201 3669 61
1211 3623 1326 3669 666666
1339 3608 1485 3688 nostrae,

305 3716 357 3781 cui
379 3713 466 3781 Deus
493 3715 797 3800 166616116611616,
827 3716 955 3802 pietatis
978 3719 1165 3784 1666616666
1188 3718 1299 3787 616666
1321 3719 1486 3803 dignetur,
1509 3803 1516 3817 ι

305 3851 435 3917 remque
464 3836 605 3897 nostram
627 3832 661 3896 in
690 3831 861 3917 pristinum
889 3836 1008 3898 statum
1036 3836 1204 3902 restituere
1233 3854 1299 3901 uon
1325 3834 1485 3917 graveris.

305 3946 372 4014 Hoc
394 3948 534 4034 profecto
558 3947 610 4012 616
632 3952 689 4031 est
713 3958 792 4033 666ο
816 3947 857 4013 61
879 3946 1018 4014 divinam
1035 3952 1180 4036 proxime
1196 3951 1344 4018 accedere
1358 3950 1486 4037 poteris

305 4064 582 4151 propiciationem
607 4063 664 4130 hec
686 4064 768 4130 ratio
792 4069 850 4147 661,
873 4084 936 4150 qua
958 4065 992 4131 in
1006 4067 1248 4150 congregatione
1264 4067 1487 4133 deditissima⁴

306 4186 339 4245 et
360 4180 566 4246 devotissima
593 4184 626 4245 et
653 4180 777 4246 animae
805 4185 879 4246 tuae
905 4186 1049 4247 eternum
1076 4184 1270 4268 praesidium
1300 4188 1333 4249 et
1357 4183 1488 4251 nomini

306 4299 361 4360 tuo
384 4303 537 4381 perenne·
560 4296 758 4380 comparabis
780 4296 1019 4363 monimentum.

377 4449 397 4482 ι.
420 4436 576 4483 ductitaverat
587 4434 612 4481 Ζ.
654 4434 677 4482 b.
698 4436 829 4495 1661666117,
868 4450 888 4484 6.
910 4436 991 4497 quel.
1030 4438 1054 4484 1.
1075 4440 1210 4485 dedltsslme
1219 4439 1243 4486 V.
1290 4454 1310 4485 e.
1330 4438 1487 4499 perbenneV.
