3142 4850
342 323 409 388 452
685 340 851 389 uuaumcr
873 339 1000 389 conax.
1035 336 1177 390 sos-noo

249 514 316 567 1133
344 499 445 564 salute
468 497 536 565 sinc
566 499 742 584 penitentia
770 505 804 567 et
828 501 915 566 omni
942 499 1155 567 ecclesiastica
1181 498 1409 586 compositione
1429 516 1513 564 com-

233 587 326 632 Μ
343 613 426 700 pulit
449 613 620 680 absolvere.

255 743 324 797 1134
432 729 513 807 Quid
536 728 678 795 dicemus
701 729 857 816 amplius?
897 729 970 815 ipsa
992 731 1056 795 iam
1084 729 1390 815 archiepiscoporum
1418 728 1516 815 pallia

344 845 382 910 de
406 845 494 910 curia
517 851 590 910 sunt
613 844 799 930 expetenda·
834 844 924 922 Quod
945 843 1148 910 manifestum
1172 849 1221 910 est
1240 844 1276 910 in
1294 843 1409 910 domno
1423 843 1516 910 Golo-

344 955 480 1042 niensi¹3
505 961 559 1044 qni
582 960 652 1026 ideo
670 960 772 1026 adhuc
797 959 893 1046 pallio
909 964 1005 1042 caret,
1029 959 1112 1044 quod
1127 959 1206 1025 illud
1221 966 1332 1026 contm
1348 959 1518 1026 canonicae

344 1075 524 1160 religionis·
547 1076 776 1143 institutionem
800 1076 834 1140 in
857 1076 944 1141 curia
966 1073 1107 1161 recipere
1128 1074 1239 1142 noluit

434 1191 495 1256 Pro
519 1190 568 1257 his
591 1195 623 1256 et
646 1190 717 1256 aliis
740 1191 886 1278 pluribus
908 1189 1063 1276 petimus,
1090 1196 1127 1255 ut
1148 1189 1371 1256 consolationis
1392 1193 1518 1255 restrae

344 1307 470 1392 litteris,
495 1307 570 1392 quid
586 1305 653 1373 lieri
675 1307 833 1392 expediat,
856 1305 1073 1372 informemur.
1109 1305 1190 1384 Quia
1204 1280 1347 1372 samsona
1361 1304 1520 1390 quaelibet

346 1425 469 1510 perpeti
492 1424 591 1490 satius
615 1427 678 1505 est,
708 1440 802 1504 quam
825 1419 921 1487 talem
945 1440 983 1486 ac
1004 1428 1071 1488 tam
1093 1421 1335 1504 ignominiosam
1358 1420 1466 1488 videre
1490 1427 1521 1487 st

346 1540 501 1606 sustinere
525 1536 675 1605 ecclesiae
697 1537 850 1603 iniuriam
872 1541 905 1602 ot
926 1536 1160 1604 contricionem.

349 1749 438 1821 265.
459 1750 656 1816 Comedus!
666 1750 920 1836 archiepiscopos
937 1750 1178 1837 Solzbarpsnsa's
1193 1751 1345 1816 Lotbosio
1358 1749 1410 1814 m
1417 1751 1517 1836 impe·

457 1869 561 1933 sotori
582 1887 614 1930 oe
637 1863 793 1932 coruscat
1385 1862 1425 1942 (F.
1441 1863 1517 1943 sot)

181 2017 332 2074 1133-1137
438 1998 575 2064 Domino
591 2017 647 2064 suo
663 1995 841 2080 Ltothario)
852 1997 1064 2066 Romanorum
1080 1997 1266 2084 imperatori
1282 2003 1414 2081 angono
1430 2016 1519 2063 suae

348 2133 409 2199 que
432 2114 598 2181 contectali
614 2115 840 2199 imperatoriae
857 2114 1020 2196 dignitatis
1037 2111 1194 2180 consorti'
1209 2112 1410 2195 G(onradus),
1433 2111 1518 2177 Sala-

349 2229 513 2312 burgensis
537 2228 687 2296 ecclcsiae
709 2229 768 2295 Dei
792 2230 897 2312 gratia
918 2230 946 2294 si
969 2229 1044 2314 quid
1067 2234 1126 2313 est,
1155 2229 1305 2296 orationis
1326 2228 1517 2309 instantiam,

350 2345 472 2412 servitii
495 2343 701 2427 diligentiam.

439 2459 528 2540 Quod
544 2480 599 2526 ros
623 2459 793 2544 diligamus
816 2466 848 2526 et
869 2459 964 2527 fidem
987 2461 1045 2527 sub
1068 2462 1182 2527 timore
1197 2460 1258 2527 Dei
1279 2460 1420 2527 debitam
1437 2459 1519 2526 vobis

351 2596 522 2659 servemus,
546 2596 617 2641 eum
641 2581 754 2642 testem
776 2578 970 2661 invocamus,
999 2577 1057 2643 sub
1080 2578 1169 2643 cuius
1191 2576 1319 2642 mentiri
1341 2575 1518 2642 testimonio

349 2695 526 2761 iudicamus
555 2692 674 2758 crimen
708 2691 903 2777 equipollens
934 2692 1108 2777 sacrilegio.
1152 2692 1333 2778 Eapropter
1366 2692 1520 2774 ambigere

352 2812 548 2876 maiestatem
568 2812 705 2873 vestram
729 2807 885 2892 nolumus,
910 2809 986 2893 quin
1009 2809 1049 2874 ad
1073 2810 1257 2893 petitionem
1281 2826 1319 2874 ac
1340 2807 1520 2874 mandatam

352 2931 492 2991 vestrum
514 2922 661 2987 voluntas
684 2928 793 2989 nostra
819 2930 968 3009 prompta
988 2924 1093 2990 fuerit.
1135 2923 1199 2992 Sed
1221 2930 1348 2991 matura
1369 2923 1452 2989 aonii
1471 2920 1521 2986 de·

354 3039 459 3106 bilitas
483 3044 515 3103 et
537 3038 657 3120 gravis,
691 3058 754 3121 qua
782 3038 968 3124 plerumque
990 3058 1159 3122 vexamur,
1192 3038 1363 3105 infirmitas
1394 3036 1520 3105 obstat

355 3154 478 3235 Cetera,
502 3172 583 3237 quae
605 3152 654 3218 his
671 3153 812 3238 apicibus
827 3154 968 3220 inserere
983 3154 1153 3237 noluimus,
1176 3154 1261 3220 fideli
1276 3160 1384 3221 vestm
1405 3158 1521 3220 nostro

356 3288 416 3355 que
440 3266 502 3333 .N.⁶
525 3268 705 3353 praeposito
728 3268 817 3334 vobis
842 3269 1019 3335 intimanda
1041 3270 1265 3337 commisimus.

358 3482 447 3552 266.
467 3484 510 3549 H.
536 3485 667 3569 quidam
688 3481 721 3547 C.
747 3484 893 3569 episcopo
915 3506 949 3549 sc
973 3483 1091 3569 offerat
1395 3480 1436 3562 (E
1451 3479 1522 3557 246]

446 3614 605 3698 Singulari
619 3612 747 3679 domino
763 3634 820 3681 suo
831 3614 867 3681 G.
878 3616 1026 3701 episcopo
1038 3615 1077 3680 H.
1088 3634 1162 3681 rere
1177 3634 1263 3697 suns,
1280 3614 1433 3700 quicquid
1444 3630 1521 3678 auus

446 3729 611 3812 Quoniam,
623 3732 659 3795 ut
669 3749 778 3796 verum
789 3731 902 3813 fatear,
914 3736 1010 3816 prout
1021 3730 1129 3815 debeo,
1142 3728 1348 3814 singulariter
1354 3750 1411 3797 ros
1421 3728 1524 3810 diligo,

357 3845 450 3931 qnid‘
472 3850 579 3912 tantae
602 3844 762 3911 dilectioni
785 3846 915 3929 dignum
939 3844 1084 3930 offeram,
1111 3866 1175 3911 non
1197 3846 1334 3912 invenio.
1371 3845 1433 3912 Sed
1456 3842 1524 3928 quis

357 3962 501 4047 meipso
529 3959 607 4026 nihil
638 3961 741 4026 carius
768 3961 930 4047 possideo,
961 3962 1143 4047 meipsum
1171 3962 1298 4028 caritati
1321 3968 1447 4027 restrae
1472 3974 1524 4043 ptr

359 4076 466 4142 omnia
488 4075 623 4157 subici03
646 4076 772 4141 utimini
795 4093 857 4158 me,
879 4082 916 4142 ut
937 4074 1024 4143 libet
1060 4076 1164 4143 Niobil
1181 4082 1231 4144 cst
1244 4082 1342 4162 certe,
1366 4075 1449 4162 quod
1464 4072 1524 4139 via

430 4264 451 4297 a.
473 4252 638 4309 relligiouiaV.
731 4251 754 4297 b.
777 4266 808 4297 sa
823 4252 845 4296 V
859 4253 936 4309 ldis,
955 4253 978 4300 Ζ
990 4255 1087 4314 psas.
1179 4268 1200 4300 c
1224 4256 1300 4300 vestm
1316 4254 1353 4300 .N.
1368 4244 1521 4310 metroque?-

361 4328 384 4374 d
408 4340 438 4375 cn
454 4330 474 4375 V
488 4330 560 4385 ldis,
577 4329 637 4390 Zp.
649 4332 707 4385 282,
727 4328 821 4386 05³0,
838 4332 862 4377 B
877 4332 936 4379 400.
1030 4348 1051 4379 e.
1074 4334 1151 4379 autem
1165 4331 1221 4379 odd.
1234 4331 1283 4380 GB.

435 4434 459 4486 1.
478 4432 650 4502 Brunonell,
672 4435 855 4489 mal-1137.
933 4438 959 4489 2.
978 4435 1126 4491 Riohiuaae
1143 4435 1319 4506 imperatrici.
