3142 4850
152 539 222 594 1118

114 615 168 673 post
177 612 218 659 lul.
227 614 257 660 28

155 4119 225 4174 1118

118 4192 261 4253 perflatus

274 343 340 409 326
619 357 784 406 unnumcr
806 356 934 405 oonnx.
972 353 1030 407 188.
1044 352 1096 404 rso

275 520 368 603 datis,
393 517 475 604 quod
497 538 596 602 genus
619 517 790 584 humanum
809 516 878 584 Deo
900 537 958 602 per
980 515 1193 582 obedientiam
1215 512 1446 596 reconciliatur,
1564 473 1566 550 l

275 655 378 720 aquo
401 635 435 700 in
463 634 566 719 primo
596 639 726 720 parente
752 653 810 720 per
831 632 1078 700 inobedientiam
1107 631 1253 712 recessit3
1282 635 1315 697 et
1336 634 1373 695 ιιι
1394 629 1448 694 de-
1564 679 1566 710 3

276 755 416 819 struatur
437 770 568 833 regnum
592 749 773 836 cupiditatis
797 753 830 814 et
852 746 1027 814 edifficetur
1047 768 1180 831 regnum
1205 746 1358 812 cantatis.

364 866 416 932 nd
437 865 510 949 heo,
540 866 614 950 quia
640 864 738 950 aliqui
760 868 901 932 vestrum
929 864 1093 950 proniores
1121 883 1191 930 esse
1219 861 1334 929 detecti
1365 865 1449 944 suut,

276 1003 371 1068 quam
394 1001 470 1048 suae
492 980 659 1047 conveniat
680 979 886 1066 professioni,
913 980 1146 1047 communicare
1168 976 1450 1044 excommunicatis

276 1103 308 1165 et
335 1097 501 1167 defendere
525 1115 578 1162 eos
595 1135 636 1148 —-
660 1095 744 1182 quod
772 1095 882 1162 dolens
909 1095 979 1161 dico
996 1133 1038 1144 -
1059 1115 1140 1181 peno
1167 1093 1324 1160 incidistis
1352 1110 1450 1176 graus

276 1220 309 1280 ιι
322 1210 519 1279 intolerabile
535 1210 718 1297 periculum.
748 1211 841 1295 Nam,
857 1217 894 1278 ιιι
907 1209 1069 1277 testificari
1085 1216 1191 1297 potest
1206 1208 1339 1276 domnus
1351 1207 1451 1274 Heiu-
1564 1231 1566 1246 ·

276 1330 360 1396 ricus
382 1328 481 1394 frater
496 1334 610 1412 vester,
634 1328 687 1413 qui
710 1327 856 1394 interfuit
871 1326 1002 1394 concilio
1017 1321 1237 1393 Fridislariae¹
1256 1324 1365 1391 domni
1381 1343 1452 1389 car·

276 1443 391 1512 dinalis
407 1443 583 1528 G(unonis),
606 1443 668 1509 nisi
690 1449 799 1510 noster
818 1463 876 1530 pro
892 1443 981 1510 robis
995 1443 1192 1509 interventus
1207 1441 1450 1522 intercessisset

276 1560 466 1628 sententiam
487 1559 821 1626 excommunicationis
843 1559 1066 1626 iucurrissetis.
1154 1557 1254 1635 Quam
1277 1575 1318 1622 ue
1341 1574 1451 1620 coram
1564 1611 1566 1618 .

276 1676 453 1762 inspectore
476 1675 616 1742 cordium
639 1675 819 1759 incurratis,
842 1681 908 1742 tam
932 1694 1044 1741 moneo
1059 1693 1115 1741 vos
1138 1692 1233 1758 quam
1249 1669 1358 1754 diligo,
1381 1690 1451 1753 ros,
1564 1671 1566 1730 ἶ

277 1791 331 1877 qui
354 1812 394 1858 ex
416 1790 610 1876 professione
632 1789 722 1856 laicis
745 1789 866 1858 debetis
890 1811 958 1857 esse
969 1789 1137 1876 speculum
1152 1794 1183 1855 ιι
1200 1788 1369 1870 fenestrae,
1393 1807 1452 1873 per

277 1927 355 1992 quas
378 1907 453 1972 solis
471 1907 539 1972 veri
560 1905 642 1972 radii
664 1905 783 1972 inmitti
806 1906 922 1973 debent
943 1904 1094 1972 ecclesiae
1115 1909 1252 1970 sauctae.
1287 1902 1341 1969 Ad
1363 1923 1452 1968 sum·

277 2043 363 2088 mam
386 2021 657 2106 nullusvestrum,
680 2021 748 2088 Deo
764 2027 856 2106 teste,
881 2021 1033 2088 sincerius
1057 2027 1089 2088 et
1111 2018 1272 2087 ardentius
1294 2017 1402 2102 diligit
1420 2023 1452 2085 et

274 2137 408 2222 inquirit
431 2157 478 2219 ea,
503 2158 583 2223 quae
606 2139 693 2224 pacis
716 2143 800 2222 sunt,
825 2157 919 2222 quam
943 2158 1017 2221 ego;
1041 2142 1073 2204 ιι
1095 2141 1272 2221 sequentes,
1295 2134 1382 2220 quod
1396 2154 1452 2200 ex·

276 2253 365 2340 pedit
387 2253 442 2337 eis,
467 2275 542 2338 erga
560 2254 661 2322 Deum
686 2260 718 2321 et
739 2253 909 2337 bominem,
933 2274 1065 2320 veneror
1088 2260 1120 2319 et
1143 2251 1325 2339 amplector.
1361 2250 1452 2316 Alio-

277 2369 354 2455 quin
377 2388 435 2437 nec
457 2389 515 2455 ego
538 2389 597 2439 uec
619 2369 751 2457 quilibet
774 2391 851 2439 sane
873 2370 1011 2458 sapiens,
1034 2373 1213 2456 contempto
1230 2387 1306 2452 rege
1328 2388 1452 2453 regum,

278 2486 462 2571 obsequium
486 2487 536 2553 vel
558 2488 758 2555 dilectionem
782 2488 929 2573 cuiquam
952 2487 1101 2553 debemus
1122 2486 1316 2572 impendere.

365 2600 509 2688 Denique
525 2602 780 2671 commonitorias
795 2603 853 2669 has
868 2604 1172 2690 inpraesentiarum·
1188 2602 1313 2669 caritati
1325 2608 1454 2670 restrae

277 2717 450 2785 direximus
479 2719 618 2803 litteras,
647 2718 781 2785 multum
811 2718 1003 2787 confidentes
1030 2720 1069 2786 de
1093 2723 1217 2785 rostrae
1246 2719 1454 2786 correctionis

277 2834 504 2901 melioratione.
541 2832 737 2919 sinautem,
761 2835 845 2919 quod
867 2835 960 2921 absit,
983 2856 1037 2903 cor
1054 2841 1087 2903 et
1101 2856 1193 2901 aures
1209 2834 1454 2921 obduraveritis,

276 2954 314 3015 ut
334 2950 432 3017 nichil
454 2951 489 3017 in
504 2970 559 3017 vos
582 2949 692 3017 durius
715 2952 829 3036 dicam,
853 2952 970 3019 carebo
985 2950 1128 3037 ulterius,
1152 2972 1209 3038 per
1225 2950 1455 3019 dissimulatio-

277 3086 349 3163 nem
373 3086 436 3133 nou
464 3066 580 3133 bonam
609 3068 842 3135 communicare
869 3068 1007 3155 peccatis
1035 3068 1155 3135 alienis
1246 3067 1334 3133 Deus
1362 3068 1454 3154 pacis

278 3188 311 3251 et
332 3182 474 3249 cantatis
502 3184 644 3249 omnium
666 3184 762 3250 corda
784 3188 926 3250 vestrum
954 3186 987 3251 in
1011 3184 1061 3251 sui
1084 3184 1202 3251 amoris
1230 3182 1377 3251 allectum
1401 3204 1454 3252 ac

278 3298 400 3365 condat.

756 3388 969 3399 --——.-.-

283 3508 369 3581 189.
390 3511 575 3577 Adelbertua
598 3512 622 3576 I
646 3512 900 3600 archiepiscopus
928 3514 1137 3601 Mopuntinns
1166 3516 1454 3601 conseparata

390 3628 563 3713 siginificat,
592 3641 761 3716 propterea
784 3632 870 3714 quod
892 3630 996 3717 aliqui
1017 3654 1123 3696 coenem
1146 3654 1216 3697 cum
1240 3635 1453 3698 excommoni-

390 3747 467 3809 catis
496 3747 736 3824 communicent,
768 3745 843 3809 urbi
869 3746 1097 3833 Bambcrpenes'
1123 3751 1223 3813 ιαιιίι
1252 3750 1455 3813 interdictum

391 3882 464 3941 esse,
481 3862 578 3925 donec
593 3858 664 3925 Otto
677 3859 701 3924 I
711 3864 887 3947 episcopua,
901 3864 970 3949 ipse
985 3862 1089 3946 officio
1102 3864 1207 3952 sunpi
1220 3869 1342 3945 onina,
1358 3868 1453 3931 sotie-

385 3974 530 4061 secedet
1317 3979 1358 4060 (E
1375 3982 1454 4062 290)

368 4108 502 4175 Sanctae
516 4107 788 4192 Babenbergensis
812 4107 962 4176 ecclesiae
984 4110 1068 4179 clero
1091 4111 1252 4197 prioribus
1267 4117 1299 4179 et
1318 4114 1454 4181 subditis

348 4299 368 4330 a.
392 4286 603 4345 impraesentiarum
620 4286 646 4333 Z.
739 4286 761 4333 b.
785 4288 1028 4345 &Vm-mo,
1049 4289 1452 4353 zp.2sr-262.·1teuspi·

280 4363 356 4411 stola
380 4366 463 4411 cuius
487 4378 574 4425 supra
597 4365 632 4411 ed
655 4366 919 4427 Babsubergeusos
942 4370 1114 4417 canonicos.

351 4470 375 4523 1.
395 4468 439 4521 die
458 4470 493 4522 28
510 4468 561 4524 lul.
577 4470 646 4525 1118
664 4475 736 4525 acto.
