3142 4850
460 333 627 382 ιιιιιιιιιιιοι
648 333 775 382 consu.
812 332 848 383 ss
1175 321 1239 386 173

75 487 225 570 mansisti3
252 493 305 572 ιιι,
327 491 446 557 nostris
468 491 623 558 inimicis·
646 492 814 576 resistens,
842 497 932 560 tuum
956 495 1157 563 commodum
1180 516 1239 583 pro
1259 511 1328 564 1096

74 603 180 670 nichilo
195 609 393 690 computans,
416 605 635 673 tautummodo
658 611 694 672 nt
714 612 856 674 nostram
872 628 1001 676 causam
1025 612 1238 695 promovendo

76 718 242 786 adiuueres.
333 721 415 799 Quid
438 722 536 806 igitur
557 725 673 805 restet,
702 723 764 788 uisi
787 721 851 807 utl,
875 725 1030 790 maximas
1053 724 1112 790 tibi
1134 731 1239 808 gretes

73 835 238 902 referentes
262 837 344 902 sicut
365 841 474 904 nostro
498 840 617 926 optimo
640 837 735 923 fideli,
763 839 846 905 votis
868 838 1013 906 omnibus
1035 846 1238 925 exoptemus:

74 968 137 1016 ιιιιι
158 951 251 1018 uobis
275 951 346 1018 deri
368 953 575 1038 occasionem,
600 973 662 1040 que
684 953 743 1020 tibi
759 953 977 1021 amantissime
990 955 1240 1024 uicissitudinem

73 1067 210 1133 meritam
235 1067 467 1154 rependamus?

154 1181 199 1249 Et
224 1183 305 1250 sicut
325 1183 359 1250 in
383 1204 440 1249 uos
464 1183 545 1250 bono
568 1204 644 1251 usus
668 1205 701 1252 es
722 1183 889 1270 principio,
911 1184 957 1251 itu
971 1204 1119 1268 rogamus
1135 1184 1240 1252 dulce·

73 1297 171 1364 dinem
194 1303 272 1364 tuae
295 1297 483 1382 dilectionis,
506 1304 542 1364 ut
565 1319 763 1390 perseverem
788 1304 821 1365 et
838 1298 944 1367 deleas
959 1304 992 1366 et
1005 1299 1169 1367 conculces
1184 1301 1240 1368 cd·

24 1495 28 1506 ,
72 1414 223 1480 consotios
251 1420 392 1496 nostros3
421 1434 485 1480 non
513 1435 625 1500 percus
654 1417 715 1498 cis,
747 1415 848 1482 donec
874 1436 915 1481 ex
936 1421 1004 1481 toto
1026 1421 1238 1483 conterentur.

71 1527 144 1595 Nam
169 1549 230 1596 nos
254 1531 351 1596 simili
374 1530 485 1613 modo,
513 1530 595 1612 sicut
617 1535 688 1598 tuos
712 1531 830 1598 emices
853 1530 1089 1616 amplectimur,
1110 1532 1158 1597 ite
1177 1531 1240 1598 ini-

71 1645 154 1712 micis
177 1647 244 1712 tuis
268 1646 384 1713 crimm
409 1645 606 1713 infestissimi
628 1647 758 1714 inimici.
793 1644 837 1712 Et
857 1645 959 1729 ledus,
983 1645 1066 1730 quod
1089 1665 1160 1712 cum
1183 1666 1240 1733 pe·

70 1765 136 1827 truo
157 1757 234 1828 tuo¹
256 1761 417 1845 inivimus,
445 1761 484 1828 nb
507 1761 567 1828 hee
589 1762 640 1828 die
663 1762 697 1828 in
719 1767 814 1830 onten
835 1760 980 1829 volumus
1002 1761 1061 1828 tibi
1082 1762 1240 1829 illibatum

71 1894 191 1944 seruere
216 1855 304 1942 omni
326 1880 469 1963 tempore
491 1877 576 1943 vitoe
596 1881 732 1944 nostres.

154 1991 316 2076 Rogemus
340 1991 435 2058 etiem
459 1997 506 2076 te,
533 1991 716 2060 karissime:
746 1996 796 2075 ut,
819 1998 853 2058 te
874 1991 1120 2076 interveniente,
1141 1991 1241 2060 freter

71 2101 156 2172 tuus'
178 2107 289 2174 futuro
312 2127 409 2193 opere
431 2106 587 2192 emendet,
613 2107 641 2174 si
665 2105 740 2192 quid
763 2106 914 2174 haetenus
936 2112 1066 2193 propter
1089 2127 1163 2172 suus
1185 2127 1241 2173 ue·
1343 2112 1350 2123 '

72 2223 230 2289 cessitates
259 2221 292 2288 in
322 2242 417 2290 ceusu
443 2229 553 2290 nostre
580 2223 791 2308 negligentius
821 2224 900 2306 egit3
935 2227 981 2306 et,
1016 2221 1092 2308 quie
1118 2221 1241 2288 victrici

73 2335 197 2404 dextere
226 2357 301 2404 suas
331 2333 511 2422 angusties⁸
538 2339 752 2426 recuperavit,
783 2337 823 2404 nd
851 2342 977 2404 nostres
1002 2336 1136 2404 miuries
1159 2337 1242 2404 sicut

73 2450 165 2520 idelis
196 2454 318 2521 amicus
346 2456 506 2541 respiciet
551 2454 634 2522 Nem
663 2455 799 2540 quisse
827 2474 898 2520 cum
926 2453 1086 2540 praesidio
1112 2452 1147 2521 in
1168 2452 1241 2519 illus

73 2574 171 2653 partes
194 2569 347 2651 contulit,
375 2569 429 2637 ubi
451 2570 572 2637 inimici
593 2571 694 2637 nostri
719 2564 899 2667 morantur‘
921 2573 954 2635 et
975 2568 1058 2636 bone
1080 2569 1241 2655 ipsorum·

72 2683 128 2751 site
149 2692 245 2769 eunt,
272 2704 344 2753 ecce
365 2685 469 2769 locus,
491 2704 562 2753 eccs
585 2686 722 2769 occasio,
746 2705 809 2771 que
831 2684 1022 2759 etinimicis
1045 2684 1162 2760 ιιοιιιίι
1184 2704 1241 2751 no·

72 2817 136 2867 cere
170 2804 203 2867 et
232 2800 294 2867 sibi
322 2820 380 2867 uos
408 2800 526 2887 poterit
555 2800 763 2869 amicissimos
793 2818 988 2885 comparere.
1079 2798 1127 2865 Tu
1154 2819 1240 2883 ergo,

71 2914 282 2999 dilectissime,
304 2916 337 2981 id
353 2916 455 2983 modis
470 2915 627 3001 omnibus,
651 2916 764 3001 quibus
780 2914 876 2998 vales,
897 2914 990 2981 fratri
1005 2919 1059 2979 tuo
1075 2912 1239 2999 persuade,

72 3036 103 3096 ut
122 3028 174 3098 N!
198 3051 264 3098 non
287 3032 398 3097 ducem
420 3032 476 3099 sed
499 3032 683 3099 indicimiod
707 3030 818 3097 ordine
840 3030 1052 3097 abiudicotum
1070 3048 1240 3118 perseque-

18 3176 21 3179 ·
70 3148 127 3229 tur,
151 3146 241 3213 etin
265 3147 410 3213 omnibns
434 3148 463 3215 ei
486 3148 670 3215 edvermtur
693 3148 774 3215 sicut
796 3147 1001 3215 infestimimo
1021 3146 1104 3213 hosti
1120 3150 1239 3213 nostro.

153 3261 340 3346 Quicunque
364 3267 469 3329 eutem
493 3262 531 3329 de
553 3262 676 3329 familie
690 3261 931 3346 salzburgensis
948 3257 1193 3347 archiepiscopi⁶
1209 3264 1242 3327 et

71 3374 202 3443 edorum
223 3378 364 3445 fidelium
378 3382 558 3445 nostrorum
574 3377 661 3447 ducti
676 3382 750 3447 sunt
764 3378 882 3464 captivi
888 3373 910 3463 ⁷,
932 3396 1081 3461 rogemus
1096 3380 1132 3441 ut
1146 3394 1242 3442 ceusu

70 3498 195 3559 nostroe
218 3492 395 3561 dilectionis
417 3493 516 3561 iacies
537 3494 637 3561 reddi.

135 3665 157 3697 ι.
180 3653 268 3699 nostris
282 3651 369 3699 iterun
383 3651 451 3700 addit
466 3654 489 3700 V.
591 3652 613 3698 Ιι.
636 3666 679 3699 om.
693 3650 740 3699 013.
842 3662 863 3698 c.
886 3664 965 3698 corum
983 3648 1031 3698 ΟΒ.
1134 3648 1158 3695 ιι.
1180 3648 1241 3697 iudi·

71 3730 127 3775 curio
141 3730 187 3777 Vt.

139 3826 164 3879 1.
184 3824 314 3880 Lsdislco
331 3824 344 3880 1
362 3839 427 3894 rege
445 3824 583 3893 Ungen'ee
605 3829 730 3889 (mortuo
748 3840 773 3879 e.
788 3825 883 3890 1095).
961 3825 987 3878 2.
1009 3822 1242 3879 colomannum

70 3909 217 3981 Unguriee.
300 3914 326 3968 3.
351 3914 583 3981 scrucesignetis
603 3917 761 3983 occupatos.
844 3913 870 3966 4.
888 3912 924 3967 V.
944 3912 1066 3967 Auneles
1084 3908 1242 3978 Augustani

69 3998 155 4063 (llum
169 3999 263 4056 Germ.
277 3998 326 4055 SS.
338 4000 378 4055 111
397 4000 464 4067 134)
484 4002 567 4056 loces
593 4000 682 4071 „Nem
702 4000 805 4069 Ungurl
829 3998 870 4054 de
892 4000 1072 4070 provintie
1093 3996 1241 4067 egressi,

70 4085 189 4141 ιὶιιοιοι
207 4088 266 4144 illos
281 4118 310 4128 -
325 4088 385 4144 loce
397 4088 551 4145 ediscendo
563 4087 740 4143 devastentur
752 4092 781 4143 et
792 4088 934 4158 proposito
946 4103 997 4143 sno
1010 4085 1147 4142 contrarie
1159 4099 1242 4154 egen·

70 4176 111 4227 tec
124 4202 156 4213 -
169 4174 359 4231 invaserunt&
440 4178 467 4233 5.
485 4174 639 4233 welfonem
658 4176 718 4247 (IV)
737 4175 750 4230 1
769 4174 867 4231 ducem
885 4176 1029 4231 Bormiae.
1116 4175 1143 4229 6.
1161 4172 1242 4229 Thio·

71 4264 166 4319 monis.
259 4264 285 4320 1.
303 4280 331 4319 ι.
348 4279 431 4337 cupre
448 4270 504 4323 not
517 4264 544 4320 4.

551 4390 762 4401 ...—..--—-
