3142 4850
314 316 380 382 780
575 336 752 384 urseceni
776 337 956 384 omnocus.
992 337 1057 383 nus.
1074 338 1099 384 11
1120 286 1226 385 ds-as

226 512 295 565 1124
313 501 423 561 mutuo
451 500 624 581 sperarent
716 496 759 563 Et
786 497 870 581 quod
898 496 986 563 omni
1013 496 1208 565 immanitate
1230 496 1387 563 crudelius
1412 503 1481 562 erat

313 612 464 677 femineos
494 617 602 697 partus
632 632 778 696 enecare,
813 634 854 679 ne
882 612 968 678 ultra
994 611 1099 694 lieret,
1130 610 1276 677 muheres
1302 610 1483 677 collaudare

314 728 470 795 monebat
517 728 596 793 Nam
627 748 725 813 usque
753 728 794 794 ad
821 728 881 795 hec
902 734 1064 813 tempora,
1093 728 1121 792 si
1143 726 1249 813 plures
1270 725 1352 793 filias
1375 726 1483 811 aliqua

312 844 482 928 genuisset,
508 850 542 909 ut
565 844 677 910 ceteris
700 844 824 910 facilius
848 844 1061 930 providerent
1083 842 1206 927 aliquas
1229 862 1268 907 cx
1291 842 1336 907 eis
1358 840 1483 925 iugula·

314 958 399 1042 bant,
424 980 480 1045 pro
505 959 620 1053 nichilo
643 959 793 1026 ducentes
816 959 1031 1046 parricidium.

404 1076 456 1139 34.
492 1073 672 1140 Emendate
702 1075 801 1157 igitur
827 1076 955 1141 civitam
983 1074 1023 1140 ab
1051 1075 1248 1139 immanitate
1273 1073 1428 1139 scelerum
1452 1080 1483 1139 et

314 1189 548 1275 spurcitiarum,
573 1190 717 1257 abdicata
739 1191 836 1257 etiam
858 1192 1025 1274 coniugum
1046 1188 1237 1275 pluralitate,
1260 1188 1482 1256 adiuvantibus

314 1310 346 1371 et
374 1306 701 1389 coenangelizantibua
728 1306 791 1371 illis
814 1307 868 1390 qui
892 1312 965 1373 anta
987 1304 1196 1371 universalem
1218 1304 1329 1391 populi
1351 1325 1482 1373 consen·

313 1440 383 1486 sum
408 1420 499 1487 fidem
524 1421 613 1505 quasi
636 1422 784 1506 privatim
810 1427 1004 1508 acceperant,
1027 1420 1107 1486 liunt
1120 1421 1303 1487 cathecismi
1324 1442 1383 1507 per
1398 1424 1481 1487 viros

314 1541 346 1603 et
373 1537 478 1622 capita
504 1536 695 1623 platearum,
726 1537 804 1604 tuba
826 1538 953 1603 insonat
974 1535 1146 1619 euangelii3
1176 1556 1283 1603 cruces
1306 1537 1480 1619 eriguntur,

314 1650 480 1718 crucifixus
504 1653 668 1731 adoratur3
693 1654 796 1718 omnis
811 1659 889 1735 etas,
913 1653 1015 1718 omnis
1030 1652 1139 1735 lingna
1151 1651 1312 1717 Christum
1328 1653 1480 1735 nominat,

314 1767 472 1834 Christum
497 1768 645 1850 ruminat
669 1768 827 1855 verbaque
848 1767 922 1835 fidei
945 1775 1000 1835 aut
1022 1768 1147 1833 diseunt
1163 1787 1271 1844 omnes
1288 1773 1346 1832 aut
1359 1768 1478 1834 docent

313 1882 349 1949 ln
378 1888 442 1949 tam
473 1884 592 1967 ingenti
622 1889 725 1949 autem
755 1884 898 1968 civitate,
927 1904 988 1969 que
1015 1889 1189 1966 nongentos
1215 1889 1322 1968 patres
1344 1882 1480 1949 familias

314 1998 431 2089 absque
454 2000 594 2086 parvulis
618 2005 650 2066 et
672 2000 857 2077 mulieribus
879 2000 1055 2083 etreliqua
1077 1998 1278 2065 multitudiue
1300 2006 1480 2066 numeratos

315 2113 466 2198 habebat,
491 2136 554 2181 non
577 2122 625 2181 est
646 2116 775 2181 inventa
799 2136 948 2201 persons,
972 2136 1033 2199 quc
1056 2121 1128 2201 post
1148 2115 1327 2197 generalem
1352 2135 1481 2182 consen·

313 2249 381 2295 sum
411 2228 452 2295 ab
481 2230 635 2313 euangelii
658 2232 793 2297 veritate
820 2252 854 2297 sc
881 2231 1043 2296 retrahere
1068 2232 1236 2311 niteretur3
1266 2231 1328 2296 uisi
1357 2236 1479 2298 notum

314 2345 398 2411 solus
433 2345 486 2412 ille
521 2348 683 2431 sacerdos,
719 2347 772 2432 qui
808 2347 922 2434 prelati
953 2346 1066 2413 caballi
1094 2346 1230 2413 habebat
1256 2366 1377 2414 curam.
1424 2347 1480 2412 llic

313 2467 429 2547 autem,
453 2483 523 2530 cum
548 2463 655 2529 multis
678 2465 971 2550 importunitatibus
993 2465 1141 2547 fatigaret
1155 2465 1339 2550 episcopum
1354 2471 1388 2531 et
1402 2466 1479 2532 bono

312 2579 424 2646 semini
449 2579 572 2644 zizania
595 2581 809 2666 superieceret
825 2617 865 2626 —
881 2579 933 2645 die
949 2579 1083 2663 quadam
1100 2599 1182 2662 cum,
1205 2579 1306 2644 multa
1327 2599 1424 2666 prece
1442 2580 1480 2646 ab

313 2694 458 2761 omuibus
481 2701 610 2779 regatus
634 2701 666 2764 et
689 2697 728 2762 ab
752 2698 900 2782 episcopo
923 2694 1031 2761 multis
1051 2696 1226 2762 rationibus
1241 2701 1423 2781 superatus,
1443 2716 1478 2762 ex

313 2804 524 2877 obstinetie'ne
547 2811 632 2878 nullo
656 2811 749 2878 modo
769 2810 864 2878 vellet
880 2813 1077 2896 acquiescere
1093 2811 1218 2878 veritati
1235 2847 1275 2857 -
1292 2817 1387 2878 nocte
1402 2812 1479 2898 ipss,

312 2925 419 2992 divine
447 2926 567 2994 ultione
594 2947 777 3014 percussus,
806 2931 929 2993 tumme
953 2928 1070 2993 ventris
1099 2947 1136 2993 ac
1164 2927 1270 2994 dolore
1298 2928 1425 3013 crepuit
1450 2934 1481 2993 et

312 3049 454 3109 mortuus
484 3049 541 3110 est.
589 3043 676 3121 Quod
704 3044 823 3110 factum
851 3044 997 3109 universe
1024 3043 1145 3110 civitati
1173 3063 1322 3128 magnum
1350 3044 1481 3110 incussit

311 3165 480 3242 terrorem,
510 3178 679 3242 omnesque
702 3159 862 3225 Christum
891 3157 1071 3241 laudantes,
1101 3158 1214 3226 fertem
1237 3159 1342 3226 Deum
1364 3180 1480 3246 sueque

311 3273 389 3358 legis
413 3273 615 3340 emulatorem
641 3275 830 3341 vocitabant

400 3389 453 3455 35.
488 3405 588 3458 Timo:
612 3405 702 3467 Miror,
727 3406 795 3470 quod
817 3414 889 3456 tante
912 3406 1014 3471 pietatis
1036 3405 1110 3457 homo
1134 3421 1217 3472 usqum
1238 3405 1307 3457 hunc
1324 3407 1480 3461 meloten

311 3511 392 3561 neque
412 3494 512 3546 uiduam
530 3494 605 3558 illam,
624 3511 698 3560 quam
716 3495 793 3546 etism
810 3495 939 3560 superius¹
960 3513 976 3546 s
987 3493 1042 3546 Deo
1060 3510 1206 3560 percussam
1216 3494 1362 3556 meminisci,
1380 3504 1411 3547 ut
1420 3513 1478 3548 eou-

311 3584 510 3648 compescant,
530 3602 545 3634 a
562 3593 642 3635 morte
661 3583 798 3634 suscitarit.
833 3582 899 3634 Nam
917 3582 949 3633 de
967 3581 1116 3648 quibusdum
1134 3591 1278 3634 sanctorum
1294 3583 1404 3649 legitur,
1421 3601 1479 3650 per-

310 3681 438 3723 secutores
457 3689 515 3722 suos
533 3672 696 3738 hominesque
714 3672 805 3737 hupins
823 3671 991 3722 conversionis
1009 3671 1092 3736 gratis
1108 3688 1240 3722 revocasse
1258 3671 1293 3721 ad
1310 3672 1398 3724 vitam.

398 3759 560 3811 Selridus:
579 3759 674 3811 Iudicis
685 3759 785 3811 Domini
804 3759 903 3810 abissus
920 3757 1024 3811 mults¹.
1051 3760 1085 3810 Et
1101 3759 1137 3810 illi
1148 3760 1258 3824 quidem,
1277 3760 1337 3825 qruia
1354 3761 1480 3827 pmdesti·

310 3847 363 3900 nati
381 3857 454 3900 erant
471 3847 504 3898 ad
523 3848 598 3898 uitam
616 3857 737 3910 eternum,
757 3848 849 3900 idcirco
866 3847 925 3898 huic
942 3849 993 3898 rite
1010 3847 1103 3899 redditi
1121 3859 1187 3909 sune,
1205 3857 1234 3899 ut
1251 3849 1364 3901 conuerti
1377 3859 1482 3915 possem

310 3945 337 3986 et
360 3935 459 3988 salvari.
496 3936 541 3986 Isti
564 3944 660 3997 antem,
685 3936 742 4002 quia
766 3936 933 4002 predestinati
954 3953 1006 3987 non
1024 3944 1110 3997 erant,
1133 3953 1181 3988 nec
1198 3937 1340 3989 meritati
1358 3948 1418 3988 suut
1434 3953 1479 3988 nee

311 4023 414 4084 sulvatiJ
438 4025 483 4075 sed
505 4032 607 4090 propter
630 4024 811 4089 blasphemiam
835 4026 861 4075 iu
879 4025 962 4075 Deum
980 4043 996 4076 a
1013 4023 1069 4075 Deo
1093 4025 1158 4076 iuste
1179 4025 1326 4090 dampnari·
1343 4035 1411 4077 suut.
1448 4025 1479 4076 Et

311 4112 537 4178 condempnatione
555 4113 659 4162 istorum
678 4112 720 4163 elii
737 4113 805 4164 docti
823 4122 881 4164 sunt
899 4123 975 4180 sque
993 4113 1106 4164 correcti.

398 4199 496 4251 Timo:
516 4200 550 4251 Ut
562 4201 644 4261 video,
663 4200 721 4266 quia
733 4201 890 4267 blasphemia
901 4200 1010 4268 Spiritus
1022 4201 1104 4253 uncti
1117 4199 1293 4254 irremissibilis
1312 4211 1359 4262 est,
1378 4200 1477 4259 idirco,

382 4356 402 4387 n.
427 4341 520 4402 dapnati
536 4341 566 4388 N.

384 4437 408 4489 1.
426 4451 454 4505 p.
468 4436 529 4505 ree,
548 4435 617 4490 nu
635 4451 659 4492 ο.
672 4438 715 4492 aa.
929 4439 955 4493 a.
975 4435 1017 4492 cf.
1029 4437 1074 4492 Pr.
1086 4437 1131 4507 ae,
1143 4437 1169 4491 r.
