3142 4850
473 297 639 347 numeror
660 297 789 348 conum
824 295 860 348 se
1199 265 1262 350 1'61

91 459 183 524 ritate
211 457 441 544 praecipimus:
477 463 514 524 nt
542 457 583 524 sd
611 457 782 544 synodum,
819 474 915 543 qnam
947 459 983 526 in
1014 458 1148 527 ecclesia
1179 459 1266 530 head
1284 476 1354 532 lota

91 571 175 642 Petri
197 572 268 640 Deo
291 573 465 642 auxiliante
486 573 694 659 celebramus,
716 575 821 640 securi
843 575 970 661 penitus
991 575 1142 658 renistis;
1167 579 1205 643 nt
1225 575 1266 646 de

92 709 139 774 so,
163 689 251 774 qnod
272 695 415 758 sanctam
437 689 602 758 ecclesiam
624 689 850 776 perturbastis,
874 690 957 758 sicut
977 691 1085 775 decet,
1108 691 1264 760 rationem

90 802 260 872 reddatis“.

177 920 296 988 Verum
318 920 400 1006 ipsi,
431 940 490 988 nec
512 920 616 986 Deum
638 920 788 988 timentes
809 939 868 988 neo
890 919 1052 988 hominem
1072 927 1264 1008 reverentes,

90 1035 208 1120 legatos
244 1041 277 1104 et
310 1036 433 1104 litteras
468 1041 594 1104 nostras
627 1055 685 1104 nec
713 1035 823 1104 audire
853 1057 914 1104 nec
947 1037 1055 1104 videre
1087 1037 1264 1106 voluerunt

91 1151 177 1219 Unde
200 1153 235 1218 in
251 1151 410 1219 erroribus
433 1153 499 1218 suis
521 1151 742 1239 perdurantes,
766 1173 806 1218 ex
822 1152 963 1237 latebris,
987 1173 1066 1240 quas
1082 1155 1265 1241 serpentino

90 1287 174 1334 more
197 1267 356 1352 incolunt,
385 1268 426 1334 ad
449 1267 650 1353 decipiendos
672 1267 816 1334 incantos
843 1273 876 1336 et
897 1267 1057 1355 simplices
1079 1269 1150 1336 dira
1171 1269 1265 1336 sibila

91 1383 252 1467 emittunt,
277 1388 424 1451 acuentes
447 1383 572 1467 linguas
595 1403 669 1450 suas
691 1385 774 1451 sicut
797 1389 975 1470 serpentes,
1000 1405 1157 1452 venenum
1179 1385 1265 1472 aspi·

90 1498 162 1564 dum
192 1498 251 1566 snb
278 1499 372 1566 labiis
402 1520 526 1582 eorum3
561 1499 683 1568 veloces
711 1499 809 1587 pedes
836 1519 945 1566 eorum
973 1500 1014 1566 ad
1040 1499 1264 1568 effundendum

90 1615 275 1699 sanguinem
284 1611 302 1681 ¹.
337 1614 479 1693 Quantae
502 1615 587 1682 enim
609 1616 740 1682 hnmani
762 1615 926 1700 sanguinis
948 1615 1115 1684 effusiones
1137 1617 1172 1683 in
1185 1615 1264 1684 Yta·

89 1730 145 1798 lico
174 1737 208 1798 et
237 1731 409 1798 Teutonico
437 1751 533 1815 regno
562 1732 724 1799 occasione
752 1731 998 1817 praedicationis
1025 1752 1133 1800 eornm
1160 1733 1264 1800 factae

90 1847 160 1932 sint,
184 1852 323 1932 quantae
346 1847 549 1914 ecclesiarum
572 1845 811 1931 destructiones,
835 1848 946 1935 quanti
967 1847 1134 1914 viduarum
1157 1854 1190 1916 et
1211 1867 1263 1914 or·

89 1963 266 2050 phunornm
295 1963 446 2047 gemitus,
480 1967 641 2050 postremo
675 1969 813 2048 quantae
844 1964 986 2032 universi
1017 1984 1100 2052 pene
1127 1963 1263 2031 Romani

89 2079 176 2162 regni
205 2078 485 2166 depopulationes,
508 2077 643 2144 lucidius
666 2098 706 2144 ex
728 2098 836 2146 eornm
859 2079 1046 2166 gemitibus,
1075 2079 1129 2167 qui
1155 2079 1263 2167 ohpri·

89 2199 226 2280 muntnr,
250 2215 347 2282 quum
369 2200 478 2262 nostra
499 2193 653 2261 relatione
675 2196 908 2282 comprobatur.

173 2310 326 2378 Preterea
352 2310 473 2398 placuit
501 2312 610 2377 sancto
633 2312 817 2378 conventui:
846 2317 883 2378 nt
907 2311 942 2379 in
962 2311 1178 2399 symoniacos,
1207 2311 1263 2398 qui

90 2427 251 2497 ecelesiam
275 2426 337 2495 Dei
363 2427 521 2495 latronum
551 2425 734 2513 speluncam
758 2426 905 2513 iaciunt,
934 2428 1042 2496 debita
1063 2428 1263 2497 animadver-

90 2544 174 2611 sione
197 2544 429 2629 inveheremur,
452 2547 485 2610 et
506 2541 682 2609 redivivum
706 2550 802 2629 caput
822 2542 909 2611 illius
924 2543 1081 2627 hereseos,
1102 2530 1219 2611 totiens
1242 2564 1263 2611 a

90 2662 204 2727 sanctis
238 2659 383 2747 patribus
417 2658 592 2742 abscisum,
632 2656 738 2743 gladio
753 2670 758 2677 '
772 2658 857 2726 beati
890 2657 977 2726 Petri
1013 2664 1261 2747 amputaremus.

89 2774 177 2843 Unde
198 2775 370 2843 eorundem
393 2778 521 2861 patrum
544 2778 726 2841 sanctorum
741 2774 929 2843 documenta
944 2780 1111 2859 sectantes,
1135 2780 1262 2863 aposto·

89 2890 148 2959 lica
169 2892 358 2959 auctoritate
385 2890 612 2977 praecipimus:
641 2894 678 2957 ut
703 2889 810 2957 nullus
839 2890 987 2979 deinceps
1015 2890 1109 2957 alicui
1131 2911 1262 2959 manum

89 3014 270 3095 praesumat
304 3007 466 3093 imponere
502 3025 561 3091 pro
595 3006 779 3091 cuiusquam
814 3006 947 3094 pessimi
980 3007 1157 3074 commertii
1186 3026 1261 3073 oon·

90 3125 243 3191 ventione.
280 3122 314 3189 Si
343 3142 434 3206 vero,
465 3120 548 3207 qnod
572 3120 670 3207 absit,
699 3121 758 3189 hoo
785 3123 905 3209 crimen
927 3122 960 3189 in
984 3122 1088 3207 aliquo
1111 3122 1261 3210 deinceps

88 3246 248 3327 repertum
279 3238 390 3323 inerit,
425 3242 457 3305 et
490 3236 671 3305 ordinatorb
705 3239 836 3326 propria
865 3239 901 3305 in
932 3243 1122 3325 perpetuum
1155 3244 1263 3307 careat

90 3354 252 3441 dignitate,
275 3360 308 3423 et
329 3353 493 3421 ordinatus
515 3352 613 3421 nichil
629 3373 668 3421 ex
691 3373 738 3439 ea,
761 3372 844 3438 quae
860 3373 917 3441 per
932 3354 1154 3421 commercium
1176 3354 1262 3421 laets

90 3478 145 3557 at,
166 3471 314 3560 proiciat
335 3470 541 3539 ordinatione.

174 3588 326 3655 Preterea
339 3586 423 3673 qnod
445 3584 571 3653 silentio
593 3583 891 3673 pretermittendum
905 3602 970 3651 non
985 3583 1055 3669 fuit,
1078 3586 1154 3671 quia
1174 3605 1261 3653 mur·

90 3724 158 3771 mur
187 3704 297 3791 populi
326 3703 477 3769 adversm
499 3702 760 3771 incontinentiam
789 3700 978 3769 clericorum
1005 3702 1126 3788 passim
1147 3701 1262 3769 crescit

91 3838 126 3889 ac
146 3820 308 3904 dilatatur,
332 3817 410 3887 utile
432 3818 536 3887 risum
558 3818 634 3884 init:
663 3820 700 3885 ut
723 3836 761 3883 ea
783 3835 846 3901 qna
868 3816 991 3885 debetis
1014 3818 1179 3903 diligentia
1199 3818 1261 3885 mi·

90 3936 205 4003 nistros
237 3936 347 4003 altaris
376 3934 547 4003 secundum
575 3938 694 4001 statuta
721 3954 879 4001 canonum
907 3934 1015 4001 vivere
1047 3939 1142 4021 atque
1167 3954 1261 4001 mun·

91 4050 205 4119 dioiam
236 4052 408 4134 castitatis,
444 4051 512 4119 sine
547 4071 609 4137 que
643 4054 724 4119 teste
758 4049 901 4136 apostolo
936 4050 1064 4137 placere
1094 4048 1163 4117 Deo
1194 4068 1260 4116 non

91 4174 230 4253 possunt,
251 4166 575 4254 irreprehensibiliter.
594 4166 751 4233 custodire
774 4166 1016 4247 commoneatis3
1045 4171 1198 4250 quatenns
1220 4164 1260 4233 ds

159 4332 179 4365 a
204 4318 304 4365 lecerunt
320 4332 383 4365 corr.
399 4317 424 4365 ic
439 4318 526 4365 faciunt
541 4318 570 4373 V,·
586 4318 672 4364 iaciunt
687 4318 713 4364 Z.
807 4317 830 4363 h.
854 4316 944 4363 ordinat
957 4316 979 4363 V.

161 4413 348 4483 Lfflffid
