3142 4850
253 264 263 281 '
364 283 553 332 sennocae
574 282 855 334 communesne.
890 282 933 335 eo.
946 282 979 336 er
1192 266 1256 335 527

93 440 189 507 mum
211 441 280 527 spei
302 446 410 510 uostm
433 447 560 529 portum
583 444 816 529 confugientes,
842 445 1019 513 sanctitatis
1042 448 1147 511 vestm
1169 444 1347 531 pedi-1135

94 556 145 623 bus
167 576 275 623 omnes
297 558 331 624 in
354 579 510 627 conmune
530 565 598 627 mm
621 560 767 627 absentes
791 580 885 645 quem
913 565 1076 647 presentes
1099 560 1258 647 provolvi·
1288 532 1338 579 ⁰⁰²

92 683 185 756 mur·,
203 674 354 741 domnum
369 672 608 743 cancellarium¹
626 678 658 741 et
673 696 798 743 omnem
814 676 987 743 Romanam
1004 677 1122 743 cunam
1140 682 1258 761 quanta

91 808 253 876 mosomus
274 790 379 857 cordis
402 790 571 858 devocione
593 796 626 858 et
646 812 775 879 precum
800 792 957 859 instancia
973 792 1012 857 ed
1028 790 1256 859 condolendum

92 912 121 972 et
140 905 386 973 subveniendum
409 907 500 973 nobis
521 908 694 974 invitamus
714 912 747 974 et
761 908 952 990 excitamus3
977 914 1131 993 quatenus
1147 927 1257 975 seeun-

90 1021 158 1087 dnm
182 1022 290 1089 ᾶιίιιιιι
313 1022 403 1089 vobis
426 1042 446 1088 a
467 1021 536 1089 Deo
561 1022 752 1110 sapientiem
776 1024 809 1089 in
833 1023 974 1110 presenti
997 1026 1141 1108 negocio,
1171 1024 1258 1109 quie-

90 1137 160 1223 quid
188 1137 316 1205 iusticia
337 1136 519 1222 domuerit,
546 1138 725 1205 decernatis
752 1144 800 1223 et,
830 1140 970 1207 adhibito
998 1140 1105 1222 magni
1134 1140 1257 1207 consilii

88 1253 214 1339 sngelo,
242 1260 347 1323 vetto
369 1254 482 1321 bonosi
505 1258 537 1321 et
559 1259 666 1320 nostre
689 1256 871 1323 necessitati
894 1254 1106 1340 consulentes,
1137 1262 1258 1323 certum

88 1369 224 1455 aliquem
255 1368 353 1437 linem
385 1371 503 1436 nostris
536 1368 771 1437 calamitatibus
803 1371 966 1457 imponere
999 1388 1062 1436 nou
1093 1369 1256 1438 differatis.

86 1484 149 1552 Noe
170 1506 263 1570 vero,
289 1486 345 1571 qui
373 1486 432 1553 sub
455 1485 635 1553 obedientia
656 1492 763 1553 vestm
792 1485 931 1572 quelibet
959 1492 1102 1553 exbeme
1130 1488 1198 1573 pati
1227 1493 1259 1554 et
1389 1524 1395 1531 ·

85 1600 187 1688 ipsam
211 1608 347 1669 mortem
369 1601 476 1669 subire
498 1604 602 1689 parati
625 1622 744 1686 sumus,
767 1603 850 1669 sieut
871 1602 973 1669 fessus
994 1602 1137 1669 umbram
1161 1606 1193 1669 et
1214 1604 1258 1669 si·

84 1720 170 1785 dens
198 1719 320 1786 iontem
341 1718 388 1785 ite
409 1723 516 1785 vestre
542 1718 710 1805 prudentie
737 1718 887 1785 solacium
911 1738 968 1803 spe
990 1737 1054 1784 non
1084 1717 1180 1784 dubia
1203 1738 1258 1785 eu·

83 1840 258 1921 poemat.

84 2134 145 2205 31.
173 2138 421 2224 Bomberpcnaee
461 2138 501 2203 ab
536 2138 704 2203 Adelberto
733 2137 757 2201 I
797 2138 1033 2225 archiepiscopo
1068 2138 1257 2224 Mequotino

169 2256 371 2341 praesidium
390 2252 529 2341 petuat'.

170 2412 372 2496 A(delberto)
396 2417 524 2480 sanctae
547 2410 750 2496 bioguutinae
773 2410 857 2478 sedis
882 2410 1118 2498 archiepiscopo
1142 2417 1173 2479 et
1194 2410 1257 2478 Ro·
1274 2431 1298 2473 e.
1312 2417 1416 2473 1120-

78 2549 197 2598 manee
221 2529 305 2596 sedis
327 2529 431 2612 legato
455 2534 582 2596 sanotae
598 2528 867 2611 Babenbergensis
892 2528 1061 2594 aecclesiae
1083 2527 1184 2596 clerus
1207 2547 1257 2594 re·
1312 2490 1381 2544 1137

78 2647 260 2714 verentium
282 2667 353 2712 cum
376 2645 544 2712 dilectione
566 2650 599 2712 et
620 2644 832 2712 obedientiam
856 2663 925 2710 curn
950 2643 1137 2709 bumilitate.

167 2762 316 2829 Primum
339 2761 477 2846 quidem,
501 2761 637 2844 domine,
660 2761 833 2844 gratiarum
850 2757 988 2826 actiones
1003 2765 1128 2825 vestrae
1150 2763 1256 2846 peter-

75 2878 174 2946 nitati
198 2878 367 2944 referimus
390 2882 423 2945 et
439 2899 459 2945 a
473 2877 542 2945 Deo
563 2876 803 2944 retributionem
819 2875 908 2942 robis
932 2874 1137 2961 postulemus,
1162 2873 1255 2959 quod,

75 2994 109 3060 in
137 2994 244 3061 tande
272 2993 410 3077 negociis
438 2994 530 3077 regni
558 2997 746 3079 occupatus,
774 3011 883 3058 aurem
912 2996 1050 3057 vestram
1077 2989 1257 3056 solamore

74 3118 189 3178 nostm
213 3129 279 3177 non
301 3109 478 3194 evertistis,
501 3109 556 3176 sed
579 3108 731 3176 auxilium
754 3113 896 3174 vestrum
919 3107 953 3172 in
973 3105 1178 3173 tribulatione
1199 3125 1256 3171 no·

75 3231 144 3294 stre
166 3225 266 3293 nobis
289 3223 385 3293 affore
409 3224 610 3312 promisistis.
650 3223 737 3302 Quae
760 3222 988 3307 benivolentia,
1016 3221 1111 3288 nullis
1134 3221 1256 3288 meritis

73 3343 197 3409 noenia
222 3341 423 3426 exigentibus
445 3340 537 3407 nobis
560 3338 716 3422 exhibita,
743 3359 801 3404 nos
824 3337 902 3405 adeo
925 3337 1110 3424 paternitati
1132 3343 1257 3404 rosnae

73 3457 236 3543 alligavit,
261 3463 299 3523 ut
318 3477 480 3541 nunquam
503 3455 642 3522 eiusdem
665 3453 895 3521 benivolentiae
918 3453 1060 3520 oblivisci
1082 3451 1257 3520 decreveri-

72 3593 155 3640 mus.
196 3572 252 3639 Ex
275 3572 485 3659 promissione
506 3571 614 3657 itaque
629 3575 744 3654 vestre,
767 3589 861 3655 quam
884 3589 942 3657 per
956 3569 1094 3654 legatum
1112 3574 1256 3634 nostrum

72 3690 273 3772 audivimus,
295 3688 330 3754 in
351 3707 442 3774 spem
464 3687 602 3772 adducti,
629 3687 745 3754 iterum
767 3689 862 3770 atque
884 3685 1000 3752 iterum
1023 3683 1138 3750 ostium
1162 3685 1256 3751 mise-

70 3806 240 3874 ricordiae
261 3809 387 3871 vetrae
408 3803 572 3890 pulsemus
594 3808 627 3870 et
648 3802 782 3890 pedibus
802 3801 915 3867 vestris
937 3799 1095 3886 provoluti
1118 3817 1256 3883 oremus,

71 3928 108 3988 ut
129 3941 270 3989 causam
293 3924 450 4004 nostram,
477 3939 572 4004 quem
595 3917 793 3985 tractandam
817 3936 875 4002 pro
898 3915 1001 3998 gratia
1023 3920 1130 3982 vestra
1151 3933 1256 3980 susce·

69 4037 179 4123 pistis,
206 4035 294 4102 siem
314 4035 405 4103 uobis
427 4034 525 4101 moris
547 4040 607 4118 est,
630 4053 688 4119 pro
711 4032 830 4098 bonore
849 4035 965 4113 vestro,
988 4035 1056 4096 tum
1079 4049 1137 4115 pro
1160 4028 1256 4096 dilec-

140 4230 164 4263 n.
189 4209 337 4275 provolvim’
350 4225 371 4260 e.
494 4211 518 4257 b.
541 4209 665 4272 Descripsi
683 4225 714 4257 aa
733 4207 783 4257 cod
799 4205 853 4256 bibl
868 4221 995 4255 caesum
1008 4204 1190 4254 lindoboecnsis
1209 4207 1256 4252 611

70 4293 122 4352 (ists
137 4309 197 4343 eus.
209 4290 277 4351 130)
293 4290 388 4339 mbr.
402 4305 464 4338 soce.
475 4290 525 4338 XII
535 4288 584 4351 sol
595 4290 722 4338 loe-71.

144 4399 172 4456 1.
192 4396 376 4466 amaneum
387 4395 528 4451 Romnae
539 4394 672 4450 molestae
680 4393 827 4450 diaeoum
836 4389 1002 4446 cardinalem
1015 4393 1044 4445 et
1054 4387 1255 4445 cancelarium.
