<?xml version="1.0" encoding="UTF-8"?>
<!DOCTYPE html PUBLIC "-//W3C//DTD XHTML 1.0 Transitional//EN"
    "http://www.w3.org/TR/xhtml1/DTD/xhtml1-transitional.dtd">
<html xmlns="http://www.w3.org/1999/xhtml" xml:lang="en" lang="en">
 <head>
  <title>
</title>
<meta http-equiv="Content-Type" content="text/html;charset=utf-8" />
  <meta name='ocr-system' content='tesseract 3.04.00' />
  <meta name='ocr-capabilities' content='ocr_page ocr_carea ocr_par ocr_line ocrx_word'/>
</head>
<body>
  <div class='ocr_page' id='page_1' title='image "./bibliothecareru06jaffgoog_0679.png"; bbox 0 0 3142 4850; ppageno 0'>
   <div class='ocr_carea' id='block_1_1' title="bbox 310 277 1229 374">
    <p class='ocr_par' dir='ltr' id='par_1_1' title="bbox 310 277 1229 374">
     <span class='ocr_line' id='line_1_1' title="bbox 310 277 1229 374; baseline -0.003 0"><span class='ocrx_word' id='word_1_1' title='bbox 310 309 376 374; x_wconf 88' lang='grc'><strong>664</strong></span> <span class='ocrx_word' id='word_1_2' title='bbox 559 325 682 374; x_wconf 82' lang='lat' dir='ltr'><strong>rnours</strong></span> <span class='ocrx_word' id='word_1_3' title='bbox 705 326 785 372; x_wconf 79' lang='lat' dir='ltr'><strong>vrrs</strong></span> <span class='ocrx_word' id='word_1_4' title='bbox 809 323 965 374; x_wconf 80' lang='lat' dir='ltr'><strong>orrours.</strong></span> <span class='ocrx_word' id='word_1_5' title='bbox 1001 326 1067 373; x_wconf 83' lang='lat' dir='ltr'><strong>um.</strong></span> <span class='ocrx_word' id='word_1_6' title='bbox 1083 325 1122 372; x_wconf 91' lang='lat'><strong>111</strong></span> <span class='ocrx_word' id='word_1_7' title='bbox 1143 277 1229 372; x_wconf 39' lang='lat'>9-&#39;11</span> 
     </span>
    </p>
   </div>
   <div class='ocr_carea' id='block_1_2' title="bbox 222 481 1569 4266">
    <p class='ocr_par' dir='ltr' id='par_1_2' title="bbox 222 481 1569 1029">
     <span class='ocr_line' id='line_1_2' title="bbox 222 481 1569 571; baseline -0.004 -17"><span class='ocrx_word' id='word_1_8' title='bbox 222 499 291 554; x_wconf 79' lang='lat'>1127</span> <span class='ocrx_word' id='word_1_9' title='bbox 311 483 421 568; x_wconf 83' lang='lat' dir='ltr'><strong>Saba&#39;,</strong></span> <span class='ocrx_word' id='word_1_10' title='bbox 451 484 591 551; x_wconf 88' lang='lat' dir='ltr'><strong>diversas</strong></span> <span class='ocrx_word' id='word_1_11' title='bbox 619 503 784 550; x_wconf 89' lang='lat' dir='ltr'><strong>munerum</strong></span> <span class='ocrx_word' id='word_1_12' title='bbox 814 486 935 571; x_wconf 89' lang='lat' dir='ltr'><strong>speeies</strong></span> <span class='ocrx_word' id='word_1_13' title='bbox 957 483 1117 568; x_wconf 77' lang='lat' dir='ltr'><strong>offerenti,</strong></span> <span class='ocrx_word' id='word_1_14' title='bbox 1144 482 1244 550; x_wconf 89' lang='lat' dir='ltr'><strong>multo</strong></span> <span class='ocrx_word' id='word_1_15' title='bbox 1269 482 1364 569; x_wconf 89' lang='lat' dir='ltr'><strong>plura</strong></span> <span class='ocrx_word' id='word_1_16' title='bbox 1384 481 1479 564; x_wconf 78' lang='lat' dir='ltr'><strong>dedit,</strong></span> <span class='ocrx_word' id='word_1_17' title='bbox 1568 524 1569 527; x_wconf 58' lang='lat'><em>=</em></span> 
     </span>
     <span class='ocr_line' id='line_1_3' title="bbox 311 596 1479 686; baseline -0.002 -21"><span class='ocrx_word' id='word_1_18' title='bbox 311 619 406 684; x_wconf 89' lang='lat' dir='ltr'><strong>quam</strong></span> <span class='ocrx_word' id='word_1_19' title='bbox 428 599 468 665; x_wconf 89' lang='lat' dir='ltr'><strong>ab</strong></span> <span class='ocrx_word' id='word_1_20' title='bbox 492 619 529 666; x_wconf 90' lang='lat' dir='ltr'><strong>ea</strong></span> <span class='ocrx_word' id='word_1_21' title='bbox 544 605 728 666; x_wconf 89' lang='lat' dir='ltr'><strong>consecutus</strong></span> <span class='ocrx_word' id='word_1_22' title='bbox 750 600 863 668; x_wconf 84' lang='lat' dir='ltr'><strong>fnisset</strong></span> <span class='ocrx_word' id='word_1_23' title='bbox 871 596 889 665; x_wconf 85' lang='lat'><strong>¹.</strong></span> <span class='ocrx_word' id='word_1_24' title='bbox 979 599 1070 666; x_wconf 89' lang='lat' dir='ltr'><strong>Unde</strong></span> <span class='ocrx_word' id='word_1_25' title='bbox 1084 601 1181 666; x_wconf 88' lang='lat' dir='ltr'><strong>etiam</strong></span> <span class='ocrx_word' id='word_1_26' title='bbox 1199 603 1290 686; x_wconf 88' lang='lat' dir='ltr'><strong>pater</strong></span> <span class='ocrx_word' id='word_1_27' title='bbox 1303 598 1357 664; x_wconf 88' lang='lat' dir='ltr'><strong>bio</strong></span> <span class='ocrx_word' id='word_1_28' title='bbox 1370 597 1479 664; x_wconf 83' lang='lat' dir='ltr'><strong>beatus</strong></span> 
     </span>
     <span class='ocr_line' id='line_1_4' title="bbox 310 701 1480 799; baseline -0.002 -19"><span class='ocrx_word' id='word_1_29' title='bbox 310 713 518 781; x_wconf 89' lang='lat' dir='ltr'><strong>libentissime</strong></span> <span class='ocrx_word' id='word_1_30' title='bbox 540 713 579 780; x_wconf 90' lang='lat' dir='ltr'><strong>ab</strong></span> <span class='ocrx_word' id='word_1_31' title='bbox 596 714 741 780; x_wconf 89' lang='lat' dir='ltr'><strong>omnibus</strong></span> <span class='ocrx_word' id='word_1_32' title='bbox 757 701 957 796; x_wconf 83' lang='lat' dir='ltr'><strong>audiebatur3</strong></span> <span class='ocrx_word' id='word_1_33' title='bbox 981 715 1056 799; x_wconf 91' lang='lat' dir='ltr'><strong>quia</strong></span> <span class='ocrx_word' id='word_1_34' title='bbox 1070 714 1254 780; x_wconf 82' lang='lat' dir='ltr'><strong>cernebant:</strong></span> <span class='ocrx_word' id='word_1_35' title='bbox 1279 733 1361 796; x_wconf 79' lang='lat' dir='ltr'><strong>eum,</strong></span> <span class='ocrx_word' id='word_1_36' title='bbox 1385 713 1480 778; x_wconf 71' lang='lat' dir='ltr'><strong>mutis</strong></span> 
     </span>
     <span class='ocr_line' id='line_1_5' title="bbox 311 827 1481 914; baseline 0 -20"><span class='ocrx_word' id='word_1_37' title='bbox 311 828 537 895; x_wconf 81' lang='lat' dir='ltr'><strong>redundantem</strong></span> <span class='ocrx_word' id='word_1_38' title='bbox 564 827 769 894; x_wconf 84' lang='lat' dir='ltr'>mundialium</span> <span class='ocrx_word' id='word_1_39' title='bbox 797 847 902 895; x_wconf 92' lang='lat' dir='ltr'><strong>rerum</strong></span> <span class='ocrx_word' id='word_1_40' title='bbox 926 829 1042 914; x_wconf 91' lang='lat' dir='ltr'><strong>copiis,</strong></span> <span class='ocrx_word' id='word_1_41' title='bbox 1071 848 1128 914; x_wconf 91' lang='lat' dir='ltr'><strong>pro</strong></span> <span class='ocrx_word' id='word_1_42' title='bbox 1156 828 1223 894; x_wconf 88' lang='lat' dir='ltr'><strong>sola</strong></span> <span class='ocrx_word' id='word_1_43' title='bbox 1246 827 1365 894; x_wconf 76' lang='lat' dir='ltr'><strong>Christi</strong></span> <span class='ocrx_word' id='word_1_44' title='bbox 1387 827 1481 894; x_wconf 88' lang='lat' dir='ltr'><strong>dilec-</strong></span> 
     </span>
     <span class='ocr_line' id='line_1_6' title="bbox 310 942 1480 1029; baseline -0.003 -19"><span class='ocrx_word' id='word_1_45' title='bbox 310 943 406 1027; x_wconf 78' lang='lat' dir='ltr'><strong>eone,</strong></span> <span class='ocrx_word' id='word_1_46' title='bbox 430 963 494 1009; x_wconf 91' lang='lat' dir='ltr'><strong>uon</strong></span> <span class='ocrx_word' id='word_1_47' title='bbox 508 944 589 1009; x_wconf 88' lang='lat' dir='ltr'><strong>lucri</strong></span> <span class='ocrx_word' id='word_1_48' title='bbox 605 943 736 1010; x_wconf 87' lang='lat' dir='ltr'><strong>alicuius</strong></span> <span class='ocrx_word' id='word_1_49' title='bbox 758 945 872 1028; x_wconf 60' lang='lat' dir='ltr'><strong>matta,</strong></span> <span class='ocrx_word' id='word_1_50' title='bbox 895 942 1034 1009; x_wconf 88' lang='lat' dir='ltr'><strong>officium</strong></span> <span class='ocrx_word' id='word_1_51' title='bbox 1054 943 1278 1029; x_wconf 71' lang='lat' dir='ltr'><strong>predicationis</strong></span> <span class='ocrx_word' id='word_1_52' title='bbox 1298 943 1480 1028; x_wconf 78' lang='lat' dir='ltr'><strong>arripuisse„</strong></span> 
     </span>
    </p>

    <p class='ocr_par' dir='ltr' id='par_1_3' title="bbox 311 1057 1486 2643">
     <span class='ocr_line' id='line_1_7' title="bbox 403 1057 1482 1144; baseline -0.002 -20"><span class='ocrx_word' id='word_1_53' title='bbox 403 1060 454 1124; x_wconf 90' lang='grc'><strong>10.</strong></span> <span class='ocrx_word' id='word_1_54' title='bbox 488 1057 536 1124; x_wconf 90' lang='lat' dir='ltr'><strong>Eo</strong></span> <span class='ocrx_word' id='word_1_55' title='bbox 565 1058 661 1141; x_wconf 91' lang='lat' dir='ltr'><strong>igitur</strong></span> <span class='ocrx_word' id='word_1_56' title='bbox 687 1062 845 1144; x_wconf 86' lang='lat' dir='ltr'><strong>tempore,</strong></span> <span class='ocrx_word' id='word_1_57' title='bbox 873 1079 935 1142; x_wconf 87' lang='lat' dir='ltr'><strong>quo</strong></span> <span class='ocrx_word' id='word_1_58' title='bbox 962 1059 1038 1124; x_wconf 84' lang='lat' dir='ltr'><strong>fana</strong></span> <span class='ocrx_word' id='word_1_59' title='bbox 1063 1058 1123 1124; x_wconf 93' lang='lat' dir='ltr'><strong>bec</strong></span> <span class='ocrx_word' id='word_1_60' title='bbox 1150 1057 1286 1125; x_wconf 89' lang='lat' dir='ltr'><strong>mirandi</strong></span> <span class='ocrx_word' id='word_1_61' title='bbox 1314 1058 1422 1143; x_wconf 88' lang='lat' dir='ltr'><strong>operis</strong></span> <span class='ocrx_word' id='word_1_62' title='bbox 1449 1058 1482 1123; x_wconf 93' lang='lat' dir='ltr'><strong>in</strong></span> 
     </span>
     <span class='ocr_line' id='line_1_8' title="bbox 311 1172 1482 1257; baseline -0.002 -17"><span class='ocrx_word' id='word_1_63' title='bbox 311 1173 388 1240; x_wconf 88' lang='lat' dir='ltr'><strong>urbe</strong></span> <span class='ocrx_word' id='word_1_64' title='bbox 409 1172 605 1256; x_wconf 87' lang='lat' dir='ltr'><strong>Cbozegowa</strong></span> <span class='ocrx_word' id='word_1_65' title='bbox 627 1172 819 1257; x_wconf 77' lang='lat' dir='ltr'><strong>destruebat,</strong></span> <span class='ocrx_word' id='word_1_66' title='bbox 840 1173 937 1256; x_wconf 87' lang='lat' dir='ltr'><strong>legati</strong></span> <span class='ocrx_word' id='word_1_67' title='bbox 959 1173 1156 1240; x_wconf 76' lang='lat' dir='ltr'><strong>honorabiles</strong></span> <span class='ocrx_word' id='word_1_68' title='bbox 1178 1172 1370 1240; x_wconf 87' lang='lat' dir='ltr'><strong>marchionis</strong></span> <span class='ocrx_word' id='word_1_69' title='bbox 1384 1172 1482 1238; x_wconf 81' lang='lat' dir='ltr'><strong>Adai·</strong></span> 
     </span>
     <span class='ocr_line' id='line_1_9' title="bbox 311 1287 1483 1372; baseline -0.001 -18"><span class='ocrx_word' id='word_1_70' title='bbox 311 1287 403 1372; x_wconf 91' lang='lat' dir='ltr'><strong>berti,</strong></span> <span class='ocrx_word' id='word_1_71' title='bbox 431 1293 549 1354; x_wconf 90' lang='lat' dir='ltr'><strong>statum</strong></span> <span class='ocrx_word' id='word_1_72' title='bbox 573 1289 641 1354; x_wconf 91' lang='lat' dir='ltr'><strong>eius</strong></span> <span class='ocrx_word' id='word_1_73' title='bbox 664 1289 786 1354; x_wconf 89' lang='lat' dir='ltr'><strong>curiose</strong></span> <span class='ocrx_word' id='word_1_74' title='bbox 807 1289 1044 1372; x_wconf 78' lang='lat' dir='ltr'><strong>investigantes,</strong></span> <span class='ocrx_word' id='word_1_75' title='bbox 1073 1288 1128 1355; x_wconf 85' lang='lat' dir='ltr'><strong>sed</strong></span> <span class='ocrx_word' id='word_1_76' title='bbox 1154 1294 1188 1355; x_wconf 89' lang='lat' dir='ltr'><strong>et</strong></span> <span class='ocrx_word' id='word_1_77' title='bbox 1208 1289 1316 1356; x_wconf 89' lang='lat' dir='ltr'><strong>nuncii</strong></span> <span class='ocrx_word' id='word_1_78' title='bbox 1337 1288 1379 1354; x_wconf 90' lang='lat' dir='ltr'><strong>do</strong></span> <span class='ocrx_word' id='word_1_79' title='bbox 1399 1287 1483 1353; x_wconf 77' lang='lat' dir='ltr'><strong>villis</strong></span> 
     </span>
     <span class='ocr_line' id='line_1_10' title="bbox 311 1387 1484 1489; baseline 0 -20"><span class='ocrx_word' id='word_1_80' title='bbox 311 1401 377 1469; x_wconf 87' lang='lat' dir='ltr'><strong>suis</strong></span> <span class='ocrx_word' id='word_1_81' title='bbox 400 1387 564 1470; x_wconf 65' lang='lat' dir='ltr'><strong>Mdcbelnt</strong></span> <span class='ocrx_word' id='word_1_82' title='bbox 588 1409 621 1469; x_wconf 90' lang='lat' dir='ltr'><strong>ct</strong></span> <span class='ocrx_word' id='word_1_83' title='bbox 643 1402 826 1487; x_wconf 87' lang='lat' dir='ltr'><strong>Scidingeu,</strong></span> <span class='ocrx_word' id='word_1_84' title='bbox 856 1404 947 1470; x_wconf 82' lang='lat' dir='ltr'><strong>iuxta</strong></span> <span class='ocrx_word' id='word_1_85' title='bbox 968 1403 1146 1470; x_wconf 90' lang='lat' dir='ltr'><strong>condictum</strong></span> <span class='ocrx_word' id='word_1_86' title='bbox 1170 1409 1326 1489; x_wconf 88' lang='lat' dir='ltr'><strong>oportuna</strong></span> <span class='ocrx_word' id='word_1_87' title='bbox 1354 1403 1385 1470; x_wconf 92' lang='lat' dir='ltr'><strong>ei</strong></span> <span class='ocrx_word' id='word_1_88' title='bbox 1411 1403 1484 1469; x_wconf 91' lang='lat' dir='ltr'><strong>sub-</strong></span> 
     </span>
     <span class='ocr_line' id='line_1_11' title="bbox 311 1517 1484 1604; baseline 0 -20"><span class='ocrx_word' id='word_1_89' title='bbox 311 1518 394 1584; x_wconf 88' lang='lat' dir='ltr'><strong>sidia</strong></span> <span class='ocrx_word' id='word_1_90' title='bbox 416 1518 607 1601; x_wconf 85' lang='lat' dir='ltr'><strong>deierantes,</strong></span> <span class='ocrx_word' id='word_1_91' title='bbox 632 1538 850 1604; x_wconf 83' lang='lat' dir='ltr'><strong>supervenere.</strong></span> <span class='ocrx_word' id='word_1_92' title='bbox 886 1518 929 1584; x_wconf 88' lang='lat' dir='ltr'><strong>Et</strong></span> <span class='ocrx_word' id='word_1_93' title='bbox 959 1519 1116 1602; x_wconf 88' lang='lat' dir='ltr'><strong>videntes,</strong></span> <span class='ocrx_word' id='word_1_94' title='bbox 1145 1519 1279 1602; x_wconf 82' lang='lat' dir='ltr'><strong>gratiam</strong></span> <span class='ocrx_word' id='word_1_95' title='bbox 1303 1517 1365 1586; x_wconf 88' lang='lat' dir='ltr'><strong>Dei</strong></span> <span class='ocrx_word' id='word_1_96' title='bbox 1387 1517 1484 1586; x_wconf 87' lang='lat' dir='ltr'><strong>ecclc·</strong></span> 
     </span>
     <span class='ocr_line' id='line_1_12' title="bbox 311 1633 1484 1719; baseline 0 -19"><span class='ocrx_word' id='word_1_97' title='bbox 311 1633 455 1718; x_wconf 89' lang='lat' dir='ltr'><strong>siamquc</strong></span> <span class='ocrx_word' id='word_1_98' title='bbox 477 1633 543 1700; x_wconf 91' lang='lat' dir='ltr'><strong>illio</strong></span> <span class='ocrx_word' id='word_1_99' title='bbox 565 1653 706 1700; x_wconf 88' lang='lat' dir='ltr'><strong>crescere</strong></span> <span class='ocrx_word' id='word_1_100' title='bbox 729 1639 761 1700; x_wconf 93' lang='lat' dir='ltr'><strong>et</strong></span> <span class='ocrx_word' id='word_1_101' title='bbox 782 1635 970 1718; x_wconf 82' lang='lat' dir='ltr'><strong>confortari,</strong></span> <span class='ocrx_word' id='word_1_102' title='bbox 998 1634 1113 1719; x_wconf 88' lang='lat' dir='ltr'><strong>gaudio</strong></span> <span class='ocrx_word' id='word_1_103' title='bbox 1143 1653 1258 1718; x_wconf 85' lang='lat' dir='ltr'><strong>magno</strong></span> <span class='ocrx_word' id='word_1_104' title='bbox 1286 1638 1320 1700; x_wconf 88' lang='lat' dir='ltr'><strong>et</strong></span> <span class='ocrx_word' id='word_1_105' title='bbox 1341 1633 1484 1700; x_wconf 77' lang='lat' dir='ltr'><strong>consola-</strong></span> 
     </span>
     <span class='ocr_line' id='line_1_13' title="bbox 312 1747 1485 1834; baseline -0.001 -19"><span class='ocrx_word' id='word_1_106' title='bbox 312 1747 398 1815; x_wconf 92' lang='lat' dir='ltr'><strong>tione</strong></span> <span class='ocrx_word' id='word_1_107' title='bbox 421 1750 522 1815; x_wconf 89' lang='lat' dir='ltr'><strong>sancti</strong></span> <span class='ocrx_word' id='word_1_108' title='bbox 540 1747 678 1834; x_wconf 84' lang='lat' dir='ltr'><strong>Spiritus</strong></span> <span class='ocrx_word' id='word_1_109' title='bbox 699 1747 914 1834; x_wconf 83' lang='lat' dir='ltr'><strong>replebantur.</strong></span> <span class='ocrx_word' id='word_1_110' title='bbox 1004 1750 1048 1815; x_wconf 86' lang='lat' dir='ltr'><strong>Et</strong></span> <span class='ocrx_word' id='word_1_111' title='bbox 1067 1770 1103 1815; x_wconf 90' lang='lat' dir='ltr'><strong>re</strong></span> <span class='ocrx_word' id='word_1_112' title='bbox 1126 1770 1200 1815; x_wconf 81' lang='lat' dir='ltr'><strong>vera</strong></span> <span class='ocrx_word' id='word_1_113' title='bbox 1221 1749 1394 1815; x_wconf 89' lang='lat' dir='ltr'><strong>iocundum</strong></span> <span class='ocrx_word' id='word_1_114' title='bbox 1418 1755 1485 1814; x_wconf 84' lang='lat' dir='ltr'><strong>erat</strong></span> 
     </span>
     <span class='ocr_line' id='line_1_14' title="bbox 312 1863 1484 1950; baseline 0.001 -20"><span class='ocrx_word' id='word_1_115' title='bbox 312 1864 544 1948; x_wconf 82' lang='lat' dir='ltr'><strong>spectaculum,</strong></span> <span class='ocrx_word' id='word_1_116' title='bbox 576 1884 648 1930; x_wconf 91' lang='lat' dir='ltr'><strong>cnm</strong></span> <span class='ocrx_word' id='word_1_117' title='bbox 671 1863 842 1931; x_wconf 88' lang='lat' dir='ltr'><strong>simulacra</strong></span> <span class='ocrx_word' id='word_1_118' title='bbox 869 1865 950 1932; x_wconf 90' lang='lat' dir='ltr'><strong>mire</strong></span> <span class='ocrx_word' id='word_1_119' title='bbox 979 1866 1206 1948; x_wconf 80' lang='lat' dir='ltr'><strong>magnitudinis</strong></span> <span class='ocrx_word' id='word_1_120' title='bbox 1234 1870 1268 1930; x_wconf 91' lang='lat' dir='ltr'><strong>et</strong></span> <span class='ocrx_word' id='word_1_121' title='bbox 1295 1864 1484 1950; x_wconf 85' lang='lat' dir='ltr'><strong>sculptoria‘</strong></span> 
     </span>
     <span class='ocr_line' id='line_1_15' title="bbox 313 1978 1485 2066; baseline 0 -20"><span class='ocrx_word' id='word_1_122' title='bbox 313 1983 381 2046; x_wconf 88' lang='lat' dir='ltr'><strong>arto</strong></span> <span class='ocrx_word' id='word_1_123' title='bbox 405 1979 581 2046; x_wconf 84' lang='lat' dir='ltr'><strong>incredibili</strong></span> <span class='ocrx_word' id='word_1_124' title='bbox 604 1978 839 2065; x_wconf 89' lang='lat' dir='ltr'><strong>pulchritudine</strong></span> <span class='ocrx_word' id='word_1_125' title='bbox 861 1980 972 2065; x_wconf 80' lang='lat' dir='ltr'><strong>colata,</strong></span> <span class='ocrx_word' id='word_1_126' title='bbox 996 2001 1058 2065; x_wconf 90' lang='lat' dir='ltr'><strong>que</strong></span> <span class='ocrx_word' id='word_1_127' title='bbox 1079 1981 1180 2047; x_wconf 86' lang='lat' dir='ltr'><strong>multa</strong></span> <span class='ocrx_word' id='word_1_128' title='bbox 1201 1981 1295 2047; x_wconf 91' lang='lat' dir='ltr'><strong>boum</strong></span> <span class='ocrx_word' id='word_1_129' title='bbox 1317 1981 1412 2066; x_wconf 89' lang='lat' dir='ltr'><strong>paria</strong></span> <span class='ocrx_word' id='word_1_130' title='bbox 1433 1981 1485 2046; x_wconf 78' lang='lat' dir='ltr'><strong>riu</strong></span> 
     </span>
     <span class='ocr_line' id='line_1_16' title="bbox 312 2093 1485 2182; baseline 0.002 -22"><span class='ocrx_word' id='word_1_131' title='bbox 312 2114 439 2160; x_wconf 89' lang='lat' dir='ltr'><strong>movere</strong></span> <span class='ocrx_word' id='word_1_132' title='bbox 468 2098 628 2180; x_wconf 88' lang='lat' dir='ltr'><strong>poterant,</strong></span> <span class='ocrx_word' id='word_1_133' title='bbox 658 2094 791 2162; x_wconf 86' lang='lat' dir='ltr'><strong>abscisis</strong></span> <span class='ocrx_word' id='word_1_134' title='bbox 819 2096 966 2162; x_wconf 88' lang='lat' dir='ltr'><strong>manibus</strong></span> <span class='ocrx_word' id='word_1_135' title='bbox 995 2101 1026 2162; x_wconf 93' lang='lat' dir='ltr'><strong>et</strong></span> <span class='ocrx_word' id='word_1_136' title='bbox 1054 2096 1203 2182; x_wconf 89' lang='lat' dir='ltr'><strong>pedibus,</strong></span> <span class='ocrx_word' id='word_1_137' title='bbox 1234 2093 1357 2162; x_wconf 84' lang='lat' dir='ltr'><strong>effossis</strong></span> <span class='ocrx_word' id='word_1_138' title='bbox 1387 2095 1485 2162; x_wconf 83' lang='lat' dir='ltr'><strong>ocubs</strong></span> 
     </span>
     <span class='ocr_line' id='line_1_17' title="bbox 314 2209 1484 2297; baseline 0.003 -22"><span class='ocrx_word' id='word_1_139' title='bbox 314 2229 351 2276; x_wconf 88' lang='lat' dir='ltr'><strong>ac</strong></span> <span class='ocrx_word' id='word_1_140' title='bbox 373 2210 527 2275; x_wconf 87' lang='lat' dir='ltr'><strong>truncatis</strong></span> <span class='ocrx_word' id='word_1_141' title='bbox 549 2209 689 2294; x_wconf 88' lang='lat' dir='ltr'><strong>naribus,</strong></span> <span class='ocrx_word' id='word_1_142' title='bbox 713 2231 770 2296; x_wconf 88' lang='lat' dir='ltr'><strong>per</strong></span> <span class='ocrx_word' id='word_1_143' title='bbox 786 2210 991 2277; x_wconf 67' lang='lat' dir='ltr'><strong>descensumd</strong></span> <span class='ocrx_word' id='word_1_144' title='bbox 1014 2212 1176 2278; x_wconf 91' lang='lat' dir='ltr'><strong>cuiusdam</strong></span> <span class='ocrx_word' id='word_1_145' title='bbox 1199 2212 1306 2297; x_wconf 91' lang='lat' dir='ltr'><strong>pontis</strong></span> <span class='ocrx_word' id='word_1_146' title='bbox 1327 2212 1398 2294; x_wconf 89' lang='lat' dir='ltr'><strong>igni</strong></span> <span class='ocrx_word' id='word_1_147' title='bbox 1420 2232 1484 2278; x_wconf 70' lang='lat' dir='ltr'><strong>cru</strong></span> 
     </span>
     <span class='ocr_line' id='line_1_18' title="bbox 314 2323 1486 2413; baseline 0.003 -23"><span class='ocrx_word' id='word_1_148' title='bbox 314 2323 431 2392; x_wconf 88' lang='lat' dir='ltr'><strong>manda</strong></span> <span class='ocrx_word' id='word_1_149' title='bbox 458 2325 678 2406; x_wconf 82' lang='lat' dir='ltr'><strong>trahebantur3</strong></span> <span class='ocrx_word' id='word_1_150' title='bbox 710 2326 886 2392; x_wconf 89' lang='lat' dir='ltr'><strong>astantibus</strong></span> <span class='ocrx_word' id='word_1_151' title='bbox 915 2327 1082 2413; x_wconf 86' lang='lat' dir='ltr'><strong>ydolorum</strong></span> <span class='ocrx_word' id='word_1_152' title='bbox 1108 2327 1283 2394; x_wconf 80' lang='lat' dir='ltr'><strong>fautoribus</strong></span> <span class='ocrx_word' id='word_1_153' title='bbox 1311 2332 1345 2392; x_wconf 89' lang='lat' dir='ltr'><strong>et</strong></span> <span class='ocrx_word' id='word_1_154' title='bbox 1371 2346 1486 2412; x_wconf 86' lang='lat' dir='ltr'><strong>magno</strong></span> 
     </span>
     <span class='ocr_line' id='line_1_19' title="bbox 317 2440 1484 2529; baseline 0.001 -21"><span class='ocrx_word' id='word_1_155' title='bbox 317 2440 452 2526; x_wconf 91' lang='lat' dir='ltr'><strong>eiulatu,</strong></span> <span class='ocrx_word' id='word_1_156' title='bbox 481 2446 517 2508; x_wconf 93' lang='lat' dir='ltr'><strong>ut</strong></span> <span class='ocrx_word' id='word_1_157' title='bbox 539 2441 598 2507; x_wconf 90' lang='lat' dir='ltr'><strong>diis</strong></span> <span class='ocrx_word' id='word_1_158' title='bbox 622 2442 688 2509; x_wconf 90' lang='lat' dir='ltr'><strong>suis</strong></span> <span class='ocrx_word' id='word_1_159' title='bbox 716 2448 951 2509; x_wconf 88' lang='lat' dir='ltr'><strong>succurreretur</strong></span> <span class='ocrx_word' id='word_1_160' title='bbox 974 2463 1011 2509; x_wconf 91' lang='lat' dir='ltr'><strong>ac</strong></span> <span class='ocrx_word' id='word_1_161' title='bbox 1032 2443 1133 2528; x_wconf 91' lang='lat' dir='ltr'><strong>iniqui</strong></span> <span class='ocrx_word' id='word_1_162' title='bbox 1156 2444 1258 2529; x_wconf 90' lang='lat' dir='ltr'><strong>patrie</strong></span> <span class='ocrx_word' id='word_1_163' title='bbox 1279 2442 1484 2510; x_wconf 84' lang='lat' dir='ltr'><strong>subversores</strong></span> 
     </span>
     <span class='ocr_line' id='line_1_20' title="bbox 315 2558 1485 2643; baseline 0.002 -20"><span class='ocrx_word' id='word_1_164' title='bbox 315 2577 373 2643; x_wconf 89' lang='lat' dir='ltr'><strong>per</strong></span> <span class='ocrx_word' id='word_1_165' title='bbox 400 2562 528 2643; x_wconf 90' lang='lat' dir='ltr'><strong>pontem</strong></span> <span class='ocrx_word' id='word_1_166' title='bbox 558 2558 831 2643; x_wconf 83' lang='lat' dir='ltr'><strong>demergerentur,</strong></span> <span class='ocrx_word' id='word_1_167' title='bbox 858 2558 1120 2642; x_wconf 83' lang='lat' dir='ltr'><strong>acclamantibus3</strong></span> <span class='ocrx_word' id='word_1_168' title='bbox 1149 2558 1219 2625; x_wconf 88' lang='lat' dir='ltr'><strong>aliis</strong></span> <span class='ocrx_word' id='word_1_169' title='bbox 1246 2578 1320 2625; x_wconf 84' lang='lat' dir='ltr'><strong>rere</strong></span> <span class='ocrx_word' id='word_1_170' title='bbox 1350 2560 1485 2625; x_wconf 87' lang='lat' dir='ltr'><strong>sanioris</strong></span> 
     </span>
    </p>

    <p class='ocr_par' dir='ltr' id='par_1_4' title="bbox 260 2672 1487 3665">
     <span class='ocr_line' id='line_1_21' title="bbox 260 2672 1486 2761; baseline 0.002 -22"><span class='ocrx_word' id='word_1_171' title='bbox 260 2680 272 2700; x_wconf 77' lang='lat'><em>⁶</em></span> <span class='ocrx_word' id='word_1_172' title='bbox 314 2672 439 2741; x_wconf 88' lang='lat' dir='ltr'><strong>consilii</strong></span> <span class='ocrx_word' id='word_1_173' title='bbox 461 2694 479 2740; x_wconf 90' lang='lat' dir='ltr'><strong>e</strong></span> <span class='ocrx_word' id='word_1_174' title='bbox 501 2680 610 2741; x_wconf 90' lang='lat' dir='ltr'><strong>contra</strong></span> <span class='ocrx_word' id='word_1_175' title='bbox 631 2674 896 2759; x_wconf 86' lang='lat' dir='ltr'><strong>protestantibus:</strong></span> <span class='ocrx_word' id='word_1_176' title='bbox 920 2676 1004 2760; x_wconf 85' lang='lat' dir='ltr'><strong>quia,</strong></span> <span class='ocrx_word' id='word_1_177' title='bbox 1027 2674 1055 2740; x_wconf 88' lang='lat' dir='ltr'><strong>si</strong></span> <span class='ocrx_word' id='word_1_178' title='bbox 1075 2674 1121 2741; x_wconf 89' lang='lat' dir='ltr'><strong>dii</strong></span> <span class='ocrx_word' id='word_1_179' title='bbox 1143 2679 1258 2758; x_wconf 70' lang='lat' dir='ltr'><strong>essent,</strong></span> <span class='ocrx_word' id='word_1_180' title='bbox 1281 2679 1384 2742; x_wconf 89' lang='lat' dir='ltr'><strong>semet</strong></span> <span class='ocrx_word' id='word_1_181' title='bbox 1400 2676 1486 2761; x_wconf 87' lang='lat' dir='ltr'><strong>ipsos</strong></span> 
     </span>
     <span class='ocr_line' id='line_1_22' title="bbox 315 2788 1486 2875; baseline 0.003 -20"><span class='ocrx_word' id='word_1_182' title='bbox 315 2788 482 2856; x_wconf 83' lang='lat' dir='ltr'><strong>defendere</strong></span> <span class='ocrx_word' id='word_1_183' title='bbox 505 2794 644 2875; x_wconf 88' lang='lat' dir='ltr'><strong>possent,</strong></span> <span class='ocrx_word' id='word_1_184' title='bbox 668 2790 724 2856; x_wconf 90' lang='lat' dir='ltr'><strong>scd</strong></span> <span class='ocrx_word' id='word_1_185' title='bbox 747 2810 819 2856; x_wconf 90' lang='lat' dir='ltr'><strong>cum</strong></span> <span class='ocrx_word' id='word_1_186' title='bbox 841 2789 904 2875; x_wconf 90' lang='lat' dir='ltr'><strong>ipsi</strong></span> <span class='ocrx_word' id='word_1_187' title='bbox 926 2795 1052 2857; x_wconf 90' lang='lat' dir='ltr'><strong>taceant</strong></span> <span class='ocrx_word' id='word_1_188' title='bbox 1072 2808 1132 2857; x_wconf 89' lang='lat' dir='ltr'><strong>nec</strong></span> <span class='ocrx_word' id='word_1_189' title='bbox 1154 2790 1192 2856; x_wconf 91' lang='lat' dir='ltr'><strong>de</strong></span> <span class='ocrx_word' id='word_1_190' title='bbox 1216 2790 1284 2856; x_wconf 84' lang='lat' dir='ltr'><strong>loco</strong></span> <span class='ocrx_word' id='word_1_191' title='bbox 1306 2792 1369 2857; x_wconf 90' lang='lat' dir='ltr'><strong>uisi</strong></span> <span class='ocrx_word' id='word_1_192' title='bbox 1395 2792 1486 2859; x_wconf 81' lang='lat' dir='ltr'><strong>tracti</strong></span> 
     </span>
     <span class='ocr_line' id='line_1_23' title="bbox 314 2904 1486 2992; baseline 0.003 -23"><span class='ocrx_word' id='word_1_193' title='bbox 314 2910 510 2988; x_wconf 85' lang='lat' dir='ltr'><strong>moveantur,</strong></span> <span class='ocrx_word' id='word_1_194' title='bbox 534 2905 621 2970; x_wconf 91' lang='lat' dir='ltr'><strong>omni</strong></span> <span class='ocrx_word' id='word_1_195' title='bbox 644 2924 738 2971; x_wconf 82' lang='lat' dir='ltr'><strong>sensu</strong></span> <span class='ocrx_word' id='word_1_196' title='bbox 762 2924 799 2971; x_wconf 86' lang='lat' dir='ltr'><strong>ac</strong></span> <span class='ocrx_word' id='word_1_197' title='bbox 821 2904 910 2971; x_wconf 87' lang='lat' dir='ltr'><strong>vitali</strong></span> <span class='ocrx_word' id='word_1_198' title='bbox 933 2906 1049 2992; x_wconf 89' lang='lat' dir='ltr'><strong>spiritu</strong></span> <span class='ocrx_word' id='word_1_199' title='bbox 1072 2908 1197 2992; x_wconf 87' lang='lat' dir='ltr'><strong>penitus</strong></span> <span class='ocrx_word' id='word_1_200' title='bbox 1220 2924 1328 2971; x_wconf 88' lang='lat' dir='ltr'><strong>carere</strong></span> <span class='ocrx_word' id='word_1_201' title='bbox 1351 2906 1486 2991; x_wconf 82' lang='lat' dir='ltr'><strong>proben-</strong></span> 
     </span>
     <span class='ocr_line' id='line_1_24' title="bbox 315 3018 1487 3106; baseline 0.003 -20"><span class='ocrx_word' id='word_1_202' title='bbox 315 3026 376 3086; x_wconf 93' lang='lat' dir='ltr'><strong>tur.</strong></span> <span class='ocrx_word' id='word_1_203' title='bbox 411 3018 595 3089; x_wconf 85' lang='lat' dir='ltr'><strong>Sacerdotes</strong></span> <span class='ocrx_word' id='word_1_204' title='bbox 618 3040 692 3086; x_wconf 88' lang='lat' dir='ltr'><strong>vero</strong></span> <span class='ocrx_word' id='word_1_205' title='bbox 714 3020 879 3106; x_wconf 84' lang='lat' dir='ltr'><strong>ydolorum</strong></span> <span class='ocrx_word' id='word_1_206' title='bbox 902 3020 1091 3087; x_wconf 88' lang='lat' dir='ltr'><strong>seditionem</strong></span> <span class='ocrx_word' id='word_1_207' title='bbox 1118 3020 1255 3088; x_wconf 90' lang='lat' dir='ltr'><strong>conflare</strong></span> <span class='ocrx_word' id='word_1_208' title='bbox 1276 3020 1487 3089; x_wconf 85' lang='lat' dir='ltr'><strong>moliebantur</strong></span> 
     </span>
     <span class='ocr_line' id='line_1_25' title="bbox 316 3134 1486 3224; baseline 0.003 -23"><span class='ocrx_word' id='word_1_209' title='bbox 316 3140 444 3220; x_wconf 88' lang='lat' dir='ltr'><strong>questus</strong></span> <span class='ocrx_word' id='word_1_210' title='bbox 467 3136 517 3200; x_wconf 90' lang='lat' dir='ltr'><strong>sui</strong></span> <span class='ocrx_word' id='word_1_211' title='bbox 539 3136 652 3218; x_wconf 89' lang='lat' dir='ltr'><strong>gratia.</strong></span> <span class='ocrx_word' id='word_1_212' title='bbox 687 3134 779 3219; x_wconf 90' lang='lat' dir='ltr'><strong>Nam,</strong></span> <span class='ocrx_word' id='word_1_213' title='bbox 802 3142 840 3202; x_wconf 92' lang='lat' dir='ltr'><strong>ut</strong></span> <span class='ocrx_word' id='word_1_214' title='bbox 860 3136 894 3202; x_wconf 93' lang='lat' dir='ltr'><strong>in</strong></span> <span class='ocrx_word' id='word_1_215' title='bbox 909 3135 1042 3204; x_wconf 88' lang='lat' dir='ltr'><strong>Daniele</strong></span> <span class='ocrx_word' id='word_1_216' title='bbox 1058 3134 1230 3224; x_wconf 86' lang='lat' dir='ltr'><strong>propheta²</strong></span> <span class='ocrx_word' id='word_1_217' title='bbox 1252 3136 1399 3222; x_wconf 88' lang='lat' dir='ltr'><strong>legimus,</strong></span> <span class='ocrx_word' id='word_1_218' title='bbox 1422 3144 1486 3205; x_wconf 88' lang='lat' dir='ltr'><strong>cot·</strong></span> 
     </span>
     <span class='ocr_line' id='line_1_26' title="bbox 315 3249 1486 3340; baseline 0.004 -25"><span class='ocrx_word' id='word_1_219' title='bbox 315 3249 392 3317; x_wconf 90' lang='lat' dir='ltr'><strong>tidie</strong></span> <span class='ocrx_word' id='word_1_220' title='bbox 420 3249 540 3317; x_wconf 85' lang='lat' dir='ltr'><strong>fercula</strong></span> <span class='ocrx_word' id='word_1_221' title='bbox 567 3256 599 3317; x_wconf 92' lang='lat' dir='ltr'><strong>et</strong></span> <span class='ocrx_word' id='word_1_222' title='bbox 626 3250 740 3336; x_wconf 89' lang='lat' dir='ltr'><strong>pocula</strong></span> <span class='ocrx_word' id='word_1_223' title='bbox 762 3250 879 3319; x_wconf 83' lang='lat' dir='ltr'><strong>diversi</strong></span> <span class='ocrx_word' id='word_1_224' title='bbox 906 3255 1031 3338; x_wconf 91' lang='lat' dir='ltr'><strong>generis</strong></span> <span class='ocrx_word' id='word_1_225' title='bbox 1058 3255 1186 3340; x_wconf 89' lang='lat' dir='ltr'><strong>copioso</strong></span> <span class='ocrx_word' id='word_1_226' title='bbox 1209 3259 1365 3340; x_wconf 86' lang='lat' dir='ltr'><strong>apparatu</strong></span> <span class='ocrx_word' id='word_1_227' title='bbox 1390 3255 1486 3320; x_wconf 85' lang='lat' dir='ltr'><strong>simn-</strong></span> 
     </span>
     <span class='ocr_line' id='line_1_27' title="bbox 315 3362 1487 3455; baseline 0.004 -25"><span class='ocrx_word' id='word_1_228' title='bbox 315 3363 410 3431; x_wconf 88' lang='lat' dir='ltr'><strong>lacris</strong></span> <span class='ocrx_word' id='word_1_229' title='bbox 438 3362 501 3431; x_wconf 92' lang='lat' dir='ltr'><strong>illis</strong></span> <span class='ocrx_word' id='word_1_230' title='bbox 524 3369 616 3431; x_wconf 83' lang='lat' dir='ltr'><strong>rasta</strong></span> <span class='ocrx_word' id='word_1_231' title='bbox 638 3365 721 3433; x_wconf 88' lang='lat' dir='ltr'><strong>mole</strong></span> <span class='ocrx_word' id='word_1_232' title='bbox 750 3369 1002 3452; x_wconf 91' lang='lat' dir='ltr'><strong>prominentibus</strong></span> <span class='ocrx_word' id='word_1_233' title='bbox 1024 3369 1267 3451; x_wconf 83' lang='lat' dir='ltr'><strong>exhibebantur3</strong></span> <span class='ocrx_word' id='word_1_234' title='bbox 1296 3371 1487 3455; x_wconf 86' lang='lat' dir='ltr'><strong>quaomnia</strong></span> 
     </span>
     <span class='ocr_line' id='line_1_28' title="bbox 316 3480 1486 3571; baseline 0.003 -24"><span class='ocrx_word' id='word_1_235' title='bbox 316 3480 493 3547; x_wconf 86' lang='lat' dir='ltr'><strong>sacerdotes</strong></span> <span class='ocrx_word' id='word_1_236' title='bbox 516 3500 587 3546; x_wconf 91' lang='lat' dir='ltr'><strong>cnm</strong></span> <span class='ocrx_word' id='word_1_237' title='bbox 611 3481 721 3549; x_wconf 89' lang='lat' dir='ltr'><strong>amicis</strong></span> <span class='ocrx_word' id='word_1_238' title='bbox 744 3484 821 3569; x_wconf 86' lang='lat' dir='ltr'><strong>suis,</strong></span> <span class='ocrx_word' id='word_1_239' title='bbox 848 3484 989 3553; x_wconf 89' lang='lat' dir='ltr'><strong>clanculo</strong></span> <span class='ocrx_word' id='word_1_240' title='bbox 1012 3486 1158 3571; x_wconf 85' lang='lat' dir='ltr'><strong>ingressi,</strong></span> <span class='ocrx_word' id='word_1_241' title='bbox 1185 3485 1393 3553; x_wconf 87' lang='lat' dir='ltr'><strong>absumebant</strong></span> <span class='ocrx_word' id='word_1_242' title='bbox 1415 3492 1486 3553; x_wconf 78' lang='lat' dir='ltr'><strong>eta</strong></span> 
     </span>
     <span class='ocr_line' id='line_1_29' title="bbox 317 3595 788 3665; baseline 0.008 -4"><span class='ocrx_word' id='word_1_243' title='bbox 317 3595 378 3661; x_wconf 89' lang='lat' dir='ltr'><strong>diis</strong></span> <span class='ocrx_word' id='word_1_244' title='bbox 402 3601 574 3663; x_wconf 89' lang='lat' dir='ltr'><strong>commesta</strong></span> <span class='ocrx_word' id='word_1_245' title='bbox 596 3598 788 3665; x_wconf 85' lang='lat' dir='ltr'><strong>asserebant</strong></span> 
     </span>
    </p>

    <p class='ocr_par' dir='ltr' id='par_1_5' title="bbox 315 3710 1487 4266">
     <span class='ocr_line' id='line_1_30' title="bbox 408 3710 1486 3802; baseline 0.007 -25"><span class='ocrx_word' id='word_1_246' title='bbox 408 3712 458 3777; x_wconf 93' lang='grc'><strong>11.</strong></span> <span class='ocrx_word' id='word_1_247' title='bbox 496 3710 558 3779; x_wconf 90' lang='lat' dir='ltr'><strong>Sed</strong></span> <span class='ocrx_word' id='word_1_248' title='bbox 581 3734 644 3779; x_wconf 93' lang='lat' dir='ltr'><strong>non</strong></span> <span class='ocrx_word' id='word_1_249' title='bbox 668 3716 912 3801; x_wconf 88' lang='lat' dir='ltr'><strong>pretereundum</strong></span> <span class='ocrx_word' id='word_1_250' title='bbox 934 3716 1075 3801; x_wconf 86' lang='lat' dir='ltr'><strong>ridetur,</strong></span> <span class='ocrx_word' id='word_1_251' title='bbox 1104 3715 1181 3802; x_wconf 89' lang='lat' dir='ltr'><strong>quid</strong></span> <span class='ocrx_word' id='word_1_252' title='bbox 1208 3716 1355 3785; x_wconf 87' lang='lat' dir='ltr'><strong>miraculi</strong></span> <span class='ocrx_word' id='word_1_253' title='bbox 1376 3718 1411 3785; x_wconf 91' lang='lat' dir='ltr'><strong>in</strong></span> <span class='ocrx_word' id='word_1_254' title='bbox 1433 3718 1486 3785; x_wconf 91' lang='lat' dir='ltr'><strong>de·</strong></span> 
     </span>
     <span class='ocr_line' id='line_1_31' title="bbox 316 3826 1487 3917; baseline 0.006 -24"><span class='ocrx_word' id='word_1_255' title='bbox 316 3826 490 3894; x_wconf 88' lang='lat' dir='ltr'><strong>structione</strong></span> <span class='ocrx_word' id='word_1_256' title='bbox 512 3828 654 3895; x_wconf 87' lang='lat' dir='ltr'><strong>fanorum</strong></span> <span class='ocrx_word' id='word_1_257' title='bbox 671 3830 813 3915; x_wconf 88' lang='lat' dir='ltr'><strong>ipsorum</strong></span> <span class='ocrx_word' id='word_1_258' title='bbox 829 3831 1021 3917; x_wconf 89' lang='lat' dir='ltr'><strong>apparuerit.</strong></span> <span class='ocrx_word' id='word_1_259' title='bbox 1113 3830 1223 3899; x_wconf 88' lang='lat' dir='ltr'><strong>Subito</strong></span> <span class='ocrx_word' id='word_1_260' title='bbox 1245 3832 1341 3916; x_wconf 91' lang='lat' dir='ltr'><strong>enim,</strong></span> <span class='ocrx_word' id='word_1_261' title='bbox 1364 3838 1487 3900; x_wconf 86' lang='lat' dir='ltr'><strong>astante</strong></span> 
     </span>
     <span class='ocr_line' id='line_1_32' title="bbox 317 3942 1486 4034; baseline 0.006 -26"><span class='ocrx_word' id='word_1_262' title='bbox 317 3942 429 4029; x_wconf 90' lang='lat' dir='ltr'><strong>populi</strong></span> <span class='ocrx_word' id='word_1_263' title='bbox 451 3944 639 4028; x_wconf 83' lang='lat' dir='ltr'><strong>frequentia,</strong></span> <span class='ocrx_word' id='word_1_264' title='bbox 661 3945 789 4013; x_wconf 90' lang='lat' dir='ltr'><strong>insolite</strong></span> <span class='ocrx_word' id='word_1_265' title='bbox 811 3946 1038 4031; x_wconf 80' lang='lat' dir='ltr'><strong>magnitudinis</strong></span> <span class='ocrx_word' id='word_1_266' title='bbox 1060 3966 1179 4030; x_wconf 81' lang='lat' dir='ltr'><strong>musco,</strong></span> <span class='ocrx_word' id='word_1_267' title='bbox 1202 3968 1262 4033; x_wconf 89' lang='lat' dir='ltr'><strong>que</strong></span> <span class='ocrx_word' id='word_1_268' title='bbox 1277 3968 1439 4034; x_wconf 86' lang='lat' dir='ltr'><strong>nunquam</strong></span> <span class='ocrx_word' id='word_1_269' title='bbox 1452 3950 1486 4015; x_wconf 94' lang='lat' dir='ltr'><strong>in</strong></span> 
     </span>
     <span class='ocr_line' id='line_1_33' title="bbox 316 4058 1486 4152; baseline 0.007 -27"><span class='ocrx_word' id='word_1_270' title='bbox 316 4066 403 4126; x_wconf 91' lang='lat' dir='ltr'><strong>terra</strong></span> <span class='ocrx_word' id='word_1_271' title='bbox 425 4058 481 4126; x_wconf 90' lang='lat' dir='ltr'><strong>illa</strong></span> <span class='ocrx_word' id='word_1_272' title='bbox 503 4059 569 4126; x_wconf 81' lang='lat' dir='ltr'><strong>vise</strong></span> <span class='ocrx_word' id='word_1_273' title='bbox 592 4066 680 4144; x_wconf 88' lang='lat' dir='ltr'><strong>sunt,</strong></span> <span class='ocrx_word' id='word_1_274' title='bbox 711 4081 826 4144; x_wconf 90' lang='lat' dir='ltr'><strong>magno</strong></span> <span class='ocrx_word' id='word_1_275' title='bbox 853 4062 976 4147; x_wconf 88' lang='lat' dir='ltr'><strong>impetu</strong></span> <span class='ocrx_word' id='word_1_276' title='bbox 1003 4084 1043 4129; x_wconf 88' lang='lat' dir='ltr'><strong>ex</strong></span> <span class='ocrx_word' id='word_1_277' title='bbox 1064 4062 1204 4130; x_wconf 86' lang='lat' dir='ltr'><strong>delubris</strong></span> <span class='ocrx_word' id='word_1_278' title='bbox 1227 4063 1392 4150; x_wconf 87' lang='lat' dir='ltr'><strong>ydolorum</strong></span> <span class='ocrx_word' id='word_1_279' title='bbox 1413 4085 1486 4152; x_wconf 90' lang='lat' dir='ltr'><strong>pro·</strong></span> 
     </span>
     <span class='ocr_line' id='line_1_34' title="bbox 315 4175 1484 4266; baseline 0.005 -25"><span class='ocrx_word' id='word_1_280' title='bbox 315 4181 481 4261; x_wconf 84' lang='lat' dir='ltr'><strong>ruperunt,</strong></span> <span class='ocrx_word' id='word_1_281' title='bbox 505 4180 536 4240; x_wconf 88' lang='lat' dir='ltr'><strong>et</strong></span> <span class='ocrx_word' id='word_1_282' title='bbox 556 4180 646 4243; x_wconf 89' lang='lat' dir='ltr'><strong>tanta</strong></span> <span class='ocrx_word' id='word_1_283' title='bbox 660 4175 817 4243; x_wconf 86' lang='lat' dir='ltr'><strong>densitate</strong></span> <span class='ocrx_word' id='word_1_284' title='bbox 831 4196 957 4243; x_wconf 89' lang='lat' dir='ltr'><strong>omnem</strong></span> <span class='ocrx_word' id='word_1_285' title='bbox 971 4178 1109 4245; x_wconf 86' lang='lat' dir='ltr'><strong>civitatis</strong></span> <span class='ocrx_word' id='word_1_286' title='bbox 1124 4178 1279 4247; x_wconf 90' lang='lat' dir='ltr'><strong>ambitum</strong></span> <span class='ocrx_word' id='word_1_287' title='bbox 1293 4181 1484 4266; x_wconf 72' lang='lat' dir='ltr'><strong>operiebant</strong></span> 
     </span>
    </p>
   </div>
   <div class='ocr_carea' id='block_1_3' title="bbox 389 4314 1409 4495">
    <p class='ocr_par' dir='ltr' id='par_1_6' title="bbox 389 4314 1409 4495">
     <span class='ocr_line' id='line_1_35' title="bbox 390 4314 1409 4380; baseline 0.013 -12"><span class='ocrx_word' id='word_1_288' title='bbox 390 4336 411 4368; x_wconf 87' lang='lat' dir='ltr'><strong>a.</strong></span> <span class='ocrx_word' id='word_1_289' title='bbox 436 4322 511 4370; x_wconf 83' lang='lat' dir='ltr'><strong>Sabba</strong></span> <span class='ocrx_word' id='word_1_290' title='bbox 529 4322 553 4371; x_wconf 82' lang='lat'><strong>0.</strong></span> <span class='ocrx_word' id='word_1_291' title='bbox 630 4324 652 4371; x_wconf 93' lang='lat' dir='ltr'><strong>b.</strong></span> <span class='ocrx_word' id='word_1_292' title='bbox 676 4314 782 4373; x_wconf 79' lang='lat' dir='ltr'><strong>Mbcbeb&#39;r</strong></span> <span class='ocrx_word' id='word_1_293' title='bbox 801 4325 825 4374; x_wconf 78' lang='grc'><strong>0.</strong></span> <span class='ocrx_word' id='word_1_294' title='bbox 905 4341 926 4374; x_wconf 82' lang='lat' dir='ltr'><strong>c.</strong></span> <span class='ocrx_word' id='word_1_295' title='bbox 949 4328 1057 4376; x_wconf 78' lang='lat' dir='ltr'><strong>scultetis</strong></span> <span class='ocrx_word' id='word_1_296' title='bbox 1074 4326 1122 4377; x_wconf 76' lang='lat' dir='ltr'><strong>CB.</strong></span> <span class='ocrx_word' id='word_1_297' title='bbox 1199 4330 1223 4379; x_wconf 85' lang='lat' dir='ltr'><strong>d.</strong></span> <span class='ocrx_word' id='word_1_298' title='bbox 1245 4330 1409 4380; x_wconf 72' lang='lat' dir='ltr'><strong>emme.</strong></span> 
     </span>
     <span class='ocr_line' id='line_1_36' title="bbox 389 4416 1097 4495; baseline 0.017 -26"><span class='ocrx_word' id='word_1_299' title='bbox 389 4416 414 4469; x_wconf 93' lang='grc'><strong>1.</strong></span> <span class='ocrx_word' id='word_1_300' title='bbox 434 4417 450 4470; x_wconf 94' lang='grc'><strong>2</strong></span> <span class='ocrx_word' id='word_1_301' title='bbox 467 4417 554 4473; x_wconf 78' lang='lat' dir='ltr'><strong>Paral.</strong></span> <span class='ocrx_word' id='word_1_302' title='bbox 568 4418 593 4490; x_wconf 85' lang='lat'><strong>9,</strong></span> <span class='ocrx_word' id='word_1_303' title='bbox 612 4420 654 4474; x_wconf 92' lang='grc'><strong>12.</strong></span> <span class='ocrx_word' id='word_1_304' title='bbox 815 4422 841 4477; x_wconf 89' lang='grc'><strong>2.</strong></span> <span class='ocrx_word' id='word_1_305' title='bbox 860 4422 895 4479; x_wconf 85' lang='lat' dir='ltr'><strong>V.</strong></span> <span class='ocrx_word' id='word_1_306' title='bbox 907 4422 979 4478; x_wconf 78' lang='lat' dir='ltr'><strong>Duu.</strong></span> <span class='ocrx_word' id='word_1_307' title='bbox 992 4425 1034 4495; x_wconf 83' lang='lat'><strong>14,</strong></span> <span class='ocrx_word' id='word_1_308' title='bbox 1053 4426 1097 4481; x_wconf 88' lang='grc'><strong>12.</strong></span> 
     </span>
    </p>
   </div>
   <div class='ocr_carea' id='block_1_4' title="bbox 0 0 1586 4850">
    <p class='ocr_par' dir='ltr' id='par_1_7' title="bbox 0 0 1586 4850">
     <span class='ocr_line' id='line_1_37' title="bbox 0 0 1586 4850; baseline 0 0"><span class='ocrx_word' id='word_1_309' title='bbox 0 0 1586 4850; x_wconf 95' lang='lat' dir='ltr'><strong> </strong></span> 
     </span>
    </p>
   </div>
  </div>
 </body>
</html>
