3142 4850
426 339 590 387 nnanarcr
614 339 742 389 oonnx.
780 338 840 390 rm.
855 337 907 388 raa
1192 323 1258 390 219
1335 292 1344 310 ’

98 504 134 581 ot
157 497 283 584 spetiali
306 503 434 565 sanotae
456 498 617 566 Romanae
640 499 791 566 ecelesiae
812 499 967 582 dignitate
988 499 1162 587 praeditos,
1186 521 1258 587 opo
1286 516 1354 571 1111

95 613 204 680 cialiter
226 615 295 680 eiua
317 614 445 681 studeas
468 615 665 682 obedientiae
688 635 725 682 ao
742 615 881 683 aorritiio
902 615 1061 682 insudare.
1095 616 1258 684 Fraterni·
1275 588 1371 648 Μ

94 735 180 796 tatem
204 735 291 796 taam
319 749 458 816 superna
487 730 629 814 dignatio
652 751 710 817 per
738 737 884 818 tempora
905 731 1000 816 longa
1021 732 1257 799 6666666116-

94 845 243 912 columem.
279 845 411 929 Amen·‚
435 865 537 912 amen.

172 960 333 1048 Scriptum
355 980 413 1047 per
433 962 582 1029 manum*
597 961 745 1028 Iohannis
768 963 925 1030 seriniarii
948 962 1118 1048 regionarii
1141 983 1179 1030 ao
1200 984 1257 1030 no-

92 1078 157 1142 tarii
178 1078 260 1143 saori
284 1076 404 1163 palatii.

170 1191 289 1258 Datum
319 1191 437 1260 Romae
469 1193 503 1260 in
536 1192 641 1259 insule
667 1191 828 1279 Lycaonia
860 1213 918 1280 per
949 1213 1079 1260 manum
1107 1194 1256 1261 Iohannis

90 1313 207 1374 sanotae
235 1307 398 1376 Romanae
427 1309 577 1376 eeclesiae
607 1308 731 1374 diatoni
760 1309 932 1376 cardinalia
960 1329 997 1376 ae
1026 1308 1256 1377 bibliothecarii

89 1422 149 1488 riae
176 1422 283 1489 domni
312 1423 337 1488 F
340 1424 491 1506 (riderioit
521 1423 788 1492 arohioanoollarii
816 1432 849 1490 ot
876 1425 1073 1492 coloniensis
1101 1426 1256 1512 arehiepi-

88 1539 168 1624 eeopi
192 1540 232 1604 17
255 1538 327 1606 Kal.
343 1537 436 1623 Maii,
465 1539 636 1606 indictione
659 1541 695 1624 4,
724 1540 950 1608 incarnationis
974 1541 1150 1608 dominicae
1174 1562 1256 1608 anno

90 1657 177 1736 1111,
200 1654 404 1740 pontificatue
428 1661 533 1722 antem
557 1655 664 1722 domni
679 1653 867 1739 Piaaohalie)
890 1657 1021 1724 aoeundi
1036 1668 1157 1744 popae·
1174 1677 1256 1724 anno

89 1769 135 1852 12,
157 1769 287 1856 imperii
309 1791 383 1837 raro
407 1771 573 1854 Hioinm'oi)
598 1771 703 1855 quarti
725 1771 928 1858 imperatorie
950 1791 1034 1839 anno
1055 1774 1169 1859 primo.

15 2183 16 2186 Ἴ
89 2093 167 2164 152.
187 2099 360 2166 Paaedola'a
377 2099 419 2164 ΙΙ
431 2123 524 2188 papo
540 2101 579 2166 ad
596 2099 748 2168 Heriem'eo
766 2101 997 2189 Vimperatora
1018 2106 1108 2190 petit,
1131 2116 1166 2168 ot
1187 2105 1253 2190 epi·

187 2237 286 2301 acopo
311 2215 443 2282 Aretioo
464 2216 606 2304 paranti.
1120 2217 1159 2300 (E
1177 2219 1254 2300 268)

164 2346 347 2414 Paaohalia·
372 2348 538 2435 epiecopus
561 2369 671 2416 aerrua
692 2369 858 2417 nervorum
878 2349 939 2418 Dei
962 2350 1167 2418 dileetiaoimo
1188 2351 1254 2419 filio
1273 2365 1343 2420 1111

85 2480 134 2529 ano
155 2464 321 2545 Hionrioo)
344 2464 557 2533 Romanorum
581 2466 766 2552 imperatori
795 2472 929 2552 adgnato
957 2468 1092 2536 aalotem
1121 2475 1154 2536 et
1178 2488 1255 2556 opo-
1272 2438 1345 2500 (ΑΠ’)

83 2580 219 2648 aiolioam
243 2581 506 2649 benedictionem.

163 2696 242 2763 Post
271 2698 365 2783 parri
391 2696 544 2784 temporie
572 2698 712 2785 epatium
738 2698 888 2783 quiddam
912 2699 951 2765 do
975 2699 1064 2766 vobio
1091 2701 1255 2767 sinistrum

84 2812 267 2897 audirimus,
292 2812 375 2898 quod
398 2832 456 2879 noa
471 2814 562 2881 valde
584 2814 759 2883 conturbat
851 2814 1001 2882 Pervenit
1018 2816 1102 2883 enim
1125 2816 1166 2883 ed
1180 2836 1252 2884 noo:

84 2930 158 3011 qood
181 2930 222 2995 ad
251 2928 522 3015 perturbationem
550 2929 665 3015 quietis
688 2930 918 2997 oooleaiaatioao
940 2930 980 2997 li
1006 2933 1090 3018 apud
1112 2931 1254 2999 Arioiam

83 3041 235 3111 dimittere
260 3045 440 3130 diaponitie,
463 3050 499 3112 61
521 3044 642 3112 ablatae
665 3046 880 3133 poeaeeaionea
899 3047 1049 3115 eooloaiao
1064 3049 1200 3116 retineat
1222 3053 1254 3115 ot

83 3158 197 3243 reliqna
218 3160 399 3243 inquietare
421 3180 485 3227 non
508 3161 641 3229 desinat
676 3161 741 3229 Nos
760 3168 865 3231 antam
886 3164 1087 3250 putabamus,
1110 3185 1175 3249 eoo,
1199 3164 1253 3250 qui

83 3272 111 3338 in
131 3273 288 3343 fidelitate
309 3282 418 3343 nostra
441 3283 644 3363 permanent,
674 3277 838 3345 nobiseum
861 3298 1047 3365 permanere
1069 3282 1104 3347 in
1131 3280 1251 3362 littoro3

84 3390 147 3475 aod,
176 3392 262 3458 aient
285 3392 494 3459 retardatio
521 3391 685 3479 patefecit,
713 3393 812 3460 frater
838 3400 948 3461 noster
969 3396 1121 3463 Aretinua
1150 3397 1252 3463 adhue

83 3505 156 3573 inter
179 3506 338 3594 proeellas
361 3509 501 3592 quatitur
529 3512 561 3575 et
585 3508 678 3593 longe
706 3514 833 3596 portum
856 3510 955 3577 ridet.
1041 3512 1251 3581 Diloetionom

83 3619 181 3708 itaquo
204 3630 346 3691 vestram
374 3622 488 3690 litteris
517 3625 737 3710 praesentibus
766 3645 915 3709 rogamus
945 3636 979 3693 et
1005 3647 1250 3714 commonemur,

84 3736 158 3803 aient
184 3738 223 3805 da
248 3739 340 3805 robis
369 3738 569 3805 oonfidimue:
601 3746 638 3807 61
665 3741 828 3828 praedicto
857 3742 950 3809 tratri
977 3748 1086 3811 nostro
1113 3746 1250 3829 gratiam

84 3859 212 3921 vestram
236 3854 379 3922 reddatis
402 3862 434 3921 et
456 3856 669 3943 poareaeionea
693 3855 843 3923 aeoloaioo
869 3859 1054 3925 restituatis.
1089 3860 1250 3927 Fidelibna

85 3986 198 4054 quoqne
221 3971 290 4037 ania
314 3971 484 4054 16166ςὶ16,
514 3977 550 4037 61
573 3972 612 4038 ab
636 3972 703 4039 eiua
727 3972 855 4038 servitio
877 3974 1009 4041 ulterius
1032 3995 1067 4041 oe
1088 3996 1152 4041 non
1176 3976 1250 4042 anb-

84 4084 211 4151 trahant
247 4086 321 4153 Non
342 4088 427 4153 anim
449 4094 582 4172 poaaunt
603 4088 672 4154 eine
687 4088 877 4155 detrimento
892 4064 1005 4176 oapitia
1020 4091 1163 4158 membra
1177 4112 1249 4178 por·

85 4200 165 4284 aequi
187 4201 239 4268 vel
263 4200 397 4284 abaoidi;
427 4208 459 4269 et
481 4202 616 4269 filiorum
639 4204 830 4271 contumelia
853 4203 894 4271 od
921 4207 1023 4290 patrie
1050 4211 1174 4293 apeotot
1199 4208 1249 4274 in·

148 4390 167 4424 a
189 4378 272 4436 Amen,
288 4390 353 4425 amen
369 4380 466 4427 «ΜΖ.
534 4378 557 4425 1.
578 4379 715 4428 manaaVZ.
785 4396 805 4429 e.
828 4382 1103 4443 remediatorum<
1173 4383 1197 4431 d.
1217 4397 1248 4433 aa

94 4453 190 4516 Vim,
206 4458 229 4505 Ζ
237 4458 418 4519 jam-m.
511 4472 532 4506 a.
555 4458 799 4517 1666161166
