3142 4850
367 322 547 369 asasoanr
568 322 750 370 nrsnoons
785 324 881 370 uram
906 321 973 371 1-a
1191 308 1256 373 709

89 501 178 566 quam
195 481 295 547 eciam
317 481 490 548 bonitatem
507 482 686 564 largitatem
708 482 933 566 benignitatem
955 487 986 548 et
1005 482 1256 551 munificenciam

88 597 239 684 appellari
262 594 419 678 invenio¹3
445 595 588 683 pluribus
612 599 695 664 enim
712 597 872 664 vocabulis
888 618 982 665 uuam
1006 620 1071 665 rem
1088 600 1256 685 nominari,

87 734 147 779 non
169 719 219 779 est
240 733 357 780 rarum.
449 712 549 791 Quam
573 714 600 779 si
624 712 729 795 velim,
753 714 852 779 siout'
876 714 908 779 in
932 734 968 781 eo
991 715 1051 781 fuit
1076 715 1256 799 singularis,

87 828 236 912 singulari
265 827 377 894 efferre
407 830 569 914 preconio,
600 834 732 915 possunt
760 830 813 913 qui
844 829 903 895 boo
930 830 1063 896 audiunt
1090 832 1255 898 estimare:

87 963 141 1009 nos
169 942 368 1025 monachosl,
404 944 457 1028 qui
485 950 665 1028 tamquam‘
690 945 776 1009 avari
806 950 963 1027 notamur,
992 944 1104 1012 callide
1133 946 1255 1014 adulari

87 1060 234 1126 divitibus
263 1064 295 1125 et
322 1058 438 1124 idcirco
467 1060 689 1127 liberalitatem
713 1060 857 1126 Ottonis'¹
882 1097 923 1107 —
948 1082 1024 1146 que,
1054 1062 1128 1129 licet
1156 1062 1256 1130 multa

85 1174 234 1240 fueritin
257 1175 383 1258 multos,
406 1178 547 1242 maxima
569 1183 675 1243 tamen
698 1176 813 1241 tuitio
836 1176 1005 1243 monachos
1021 1214 1063 1225 -
1081 1178 1253 1263 predicare.

85 1288 132 1355 De
153 1289 244 1355 nobis
268 1290 351 1355 enim
376 1291 499 1358 dicunt:
524 1294 701 1359 Mccntiom
724 1294 837 1359 todoat
859 1296 1046 1379 accipiendi,
1069 1316 1133 1359 oon
1156 1296 1255 1360 nabu-

85 1408 165 1471 eada'.
213 1404 344 1493 Semper
367 1408 467 1491 enim,
497 1408 773 1495 peccatisnostris
802 1406 1004 1491 facientibus,
1035 1406 1074 1473 ed
1098 1409 1255 1495 accipien-

84 1520 158 1587 dum
182 1541 277 1606 quam
305 1522 344 1588 ad
372 1524 574 1591 tribuendum
603 1526 780 1609 paratiores
809 1524 997 1589 invenimur.
1089 1523 1151 1590 Sed
1175 1524 1255 1591 banc

82 1638 196 1704 callide
217 1636 412 1703 adolationis
434 1645 541 1705 notam
571 1647 607 1705 ot
630 1641 669 1707 ab
692 1640 753 1705 isto
777 1638 904 1705 eradam
929 1658 1087 1722 sermone,
1117 1640 1193 1724 quid
1216 1640 1255 1707 de

80 1754 152 1841 ipsa
175 1753 368 1837 benignitate
391 1756 592 1821 senciendum
616 1756 770 1838 estimem,
801 1760 865 1819 tam
891 1754 1040 1821 divitibus
1067 1774 1160 1840 quam
1192 1776 1255 1822 non

80 1869 248 1953 divitibus,
281 1870 313 1936 id
345 1876 394 1937 est
421 1877 488 1937 tam
516 1871 703 1939 habentibus
732 1891 808 1956 opes
837 1890 931 1955 qnam
961 1890 1024 1936 non
1055 1871 1254 1955 habentibus,

81 1987 202 2071 aperio.

171 2094 202 2157 2.
238 2106 357 2174 Duples²
385 2119 424 2159 eat
451 2110 531 2160 enim
555 2110 622 2161 racio
645 2108 869 2175 benignitatis
895 2109 1068 2159 secundum
1093 2106 1255 2175 duplicem

76 2196 270 2262 indigencle
293 2196 466 2257 racionem
491 2207 541 2249 aut
564 2199 645 2248 eninr
670 2216 769 2263 opera
793 2196 927 2263 proximi
952 2198 1111 2263 proximus
1129 2198 1255 2264 indiget

76 2293 132 2335 ant
160 2285 308 2350 pecunia.
345 2286 385 2335 lit
411 2285 485 2336 ideo
513 2297 557 2336 aut
584 2304 662 2352 opera
689 2286 799 2351 benigne
826 2286 854 2335 tit
878 2286 1047 2351 indigentibus
1073 2293 1117 2337 aut
1140 2286 1255 2352 pecunia.

76 2374 190 2440 Opera
208 2390 283 2424 vero
302 2371 509 2439 prudenciam
528 2376 638 2442 accipe
657 2374 707 2425 vel
727 2374 898 2426 consilium
917 2383 947 2425 et
971 2374 1180 2436 industriam,
1206 2372 1255 2426 vel

76 2461 239 2528 quiequid
256 2462 294 2512 ad
313 2463 483 2514 interioris
502 2465 639 2515 hominis
659 2463 1030 2530 spectatorudicionem;
1050 2464 1185 2530 pecunia
1199 2481 1254 2514 ex-

74 2551 223 2602 teriores
242 2568 318 2616 opes
337 2551 565 2618 conplectitur.
591 2553 705 2617 Itaque
725 2551 970 2603 beneficientia
988 2561 1042 2602 aut
1060 2568 1158 2616 opera
1176 2566 1253 2601 con·

74 2648 143 2691 stat
167 2650 224 2690 ant
246 2640 391 2704 pecunia.
427 2641 556 2692 Post-orior
573 2641 621 2690 bec
641 2639 737 2691 facilior
755 2648 807 2700 est,
832 2639 964 2705 presertim
987 2638 1120 2705 locupleti,
1144 2638 1190 2690 aed
1211 2639 1255 2689 illa

73 2728 171 2780 lautior
196 2745 227 2778 ac
245 2728 401 2794 splendidior
422 2739 448 2779 et
467 2727 518 2779 viro
543 2729 635 2793 gravi
658 2728 775 2793 claroque
800 2728 907 2794 dignior.
938 2727 1004 2778 Nam
1026 2727 1085 2778 licet
1104 2729 1129 2778 in
1149 2737 1254 2793 utroque

71 2833 200 2884 genere
219 2816 395 2868 benefaciendi
412 2816 472 2867 insit
490 2817 600 2868 liberalia
619 2816 743 2878 voluntas,
765 2817 845 2868 altera
863 2825 947 2868 tamen
966 2834 996 2867 ex
1016 2817 1100 2876 archa,
1119 2815 1200 2866 altera
1224 2831 1255 2865 ex

71 2907 170 2957 virtute
195 2905 367 2972 proficiscitur.
401 2905 454 2956 Sed
472 2922 521 2970 que
540 2923 570 2954 er
593 2923 621 2956 re
639 2905 755 2957 familiari
773 2905 803 2956 fit
826 2905 943 2971 largicio,
968 2905 1063 2956 fontem
1080 2905 1161 2970 ipsum
1181 2903 1253 2954 beni-

70 2995 184 3061 gnitatis
213 2993 345 3055 exhaurit3
371 3002 397 3044 et
427 2994 462 3044 ita
484 2994 717 3058 quodammodo
741 2994 773 3044 de
797 2994 954 3059 benignitate
981 2993 1123 3059 benignitas
1150 2991 1254 3053 tollitur,

69 3085 148 3152 quia,
175 3101 229 3149 quo
247 3081 290 3133 illa
308 3083 333 3132 in
358 3082 443 3148 plures
469 3100 529 3132 usus
548 3081 638 3143 fueris,
661 3083 792 3133 eominus
815 3083 841 3133 iu
858 3082 949 3133 multos
968 3081 1004 3132 uti
1023 3082 1126 3148 poteris.
1159 3080 1254 3146 Atqui

68 3191 153 3240 opera
173 3171 203 3223 id
222 3179 262 3222 est
279 3171 370 3221 uirtute
388 3179 415 3221 et
432 3170 556 3221 industria
572 3169 689 3221 liberales
703 3180 769 3232 sunt,
788 3171 894 3237 primum
907 3188 956 3235 quo
975 3171 1087 3237 pluribus
1105 3169 1253 3236 profuerint,

68 3279 100 3314 ee
120 3261 215 3329 plures
235 3259 268 3310 ad
285 3259 396 3324 benigne
413 3259 555 3310 faciendum
574 3259 702 3310 adiutores
724 3259 863 3310 habebunt.
895 3259 994 3310 Deinde
1018 3277 1075 3310 usa
1098 3259 1199 3310 eciam
1223 3267 1255 3310 et

67 3348 398 3404 consuetudinacreseit
417 3348 594 3408 industria,
614 3365 737 3413 quoqne
755 3348 857 3413 magis
876 3349 1052 3399 secundum
1070 3347 1160 3398 illam
1173 3364 1252 3414 ope-

66 3439 177 3490 rando
198 3453 401 3496 exercemur,
420 3436 566 3500 eomagis
584 3437 819 3498 habundsmus,
838 3435 1204 3501 utoperarivaleamus,
1222 3443 1254 3486 at

64 3528 240 3595 paraciorea⁸
258 3533 334 3591 atque
352 3525 542 3576 exercitaciores
561 3524 652 3575 erimus
671 3525 704 3574 ad
723 3525 788 3575 bene
808 3524 839 3574 de
857 3524 923 3576 Deo
943 3533 974 3574 et
991 3524 1172 3576 bominibus
1191 3542 1250 3591 pro-

64 3615 236 3667 merendum.
278 3613 340 3664 Sed
364 3614 417 3679 qui
440 3621 562 3664 tantum
591 3613 773 3678 largicione
801 3611 961 3664 hominnm
991 3612 1252 3665 benivolenciam

63 3702 334 3758 consectandum
358 3710 475 3768 putant
493 3703 603 3766 sicque
627 3719 661 3752 se
685 3717 776 3751 caros
800 3709 832 3751 et
853 3701 955 3752 claros
978 3701 1049 3752 fore
1073 3707 1251 3761 autumant,

63 3811 147 3860 sepe
173 3793 210 3844 in
236 3791 435 3842 centrarium
452 3790 621 3852 labuntur3
645 3790 690 3841 ita
707 3800 741 3840 ut
758 3806 837 3856 sepe
855 3790 905 3840 his
929 3789 1029 3855 primo
1048 3789 1252 3851 sordescant,

62 3901 145 3950 quos
167 3879 211 3932 ad
232 3879 294 3930 sibi
312 3875 499 3929 favendum'
514 3879 648 3944 pecunia
666 3886 878 3944 corrumpunt.

161 3973 196 4036 3.
241 3985 429 4036 Temeraria
446 3985 528 4035 enim
546 3985 685 4049 largitas
704 3992 735 4035 et
753 3985 855 4050 ipsum
868 3983 919 4049 qui
934 3981 1251 4048 largiturviliorem,

137 4111 160 4142 a.
188 4091 261 4140 sicud
277 4093 307 4138 N.
385 4093 407 4138 b.
431 4091 537 4139 monaehi
553 4093 583 4147 N,
600 4091 724 4138 monachos
743 4090 766 4137 0.
845 4105 865 4137 c.
889 4093 964 4136 nmen
981 4087 1031 4137 NG.
1114 4089 1137 4136 d.
1162 4089 1252 4138 ὓῆοιιίε

60 4176 157 4239 ampuri
170 4172 314 4236 predivitis
323 4171 374 4219 Nc,
436 4187 456 4218 s.
477 4172 633 4232 parcioresN,
650 4169 814 4231 paratioresC.
876 4169 892 4216 f.
912 4169 1080 4226 faciendumN,
1096 4169 1252 4218 farendnmC'.

140 4266 166 4319 1.
189 4259 292 4316 cicero
305 4257 347 4313 De
361 4259 434 4313 oftl
452 4273 475 4312 c.
487 4260 512 4326 7,
526 4259 576 4313 20:
597 4255 811 4326 ,beneficientia
830 4271 912 4326 quam
931 4255 1046 4310 eandem
1065 4257 1109 4311 vel
1128 4253 1251 4327 benigni-

60 4360 153 4409 tatem
175 4349 226 4405 vel
245 4346 437 4402 liberalitatem
457 4347 588 4416 appellari
610 4345 705 4401 licet“.
813 4348 839 4400 2.
863 4345 955 4415 capita
972 4346 1048 4399 2-7
1067 4342 1124 4399 fere
1142 4345 1252 4400 omnino

58 4449 130 4501 sant
149 4436 251 4512 spolia
268 4435 408 4491 Ciceronis
426 4435 468 4489 De
486 4435 533 4490 off.
545 4435 571 4489 11
590 4449 614 4488 c.
630 4435 748 4489 15-18.
