3142 4850
324 287 392 356 434
709 305 878 356 nummos
900 305 1027 356 oonsx.
1062 302 1114 355 ass

201 479 272 534 1180
325 483 492 532 manorum
513 465 581 549 regi
604 483 731 552 semper
753 472 887 548 augusto
902 464 1036 545 noum)
1046 460 1064 548 ¹,
1086 463 1147 532 Dei
1161 463 1267 548 gratie
1287 463 1322 530 id
1336 461 1417 549 quod
1432 469 1483 546 est,

164 551 309 613 mm*
325 579 417 648 fidele
439 581 608 648 servicium
632 600 669 648 ae
691 581 823 648 devotas
846 582 1016 648 orationes.

415 697 500 764 Inter
529 696 645 764 multus
668 702 701 764 et
722 697 928 780 grauissimas
945 689 1077 783 imperii
1100 702 1133 762 et
1154 695 1305 764 eeclesiae
1326 694 1432 760 ruinas
1451 691 1486 758 al

325 833 381 880 ros
405 812 585 900 specialiter
606 812 782 900 respiciunt
804 813 903 880 oculi·
925 832 1089 880 serrorum
1112 807 1486 895 recommisceri

314 949 474 1016 pressura
497 935 529 996 et
551 927 660 994 multis
683 928 830 1015 suspiriis
853 930 1105 1016 expectantium:
1129 926 1206 1012 quid
1220 931 1327 992 vestra
1346 925 1486 992 maiestss

325 1045 487 1128 deliberet,
515 1044 592 1130 quid
613 1044 772 1128 decernat,
803 1065 864 1130 quo
887 1044 1024 1128 ingenio,
1049 1064 1112 1129 qua
1133 1043 1320 1110 aucmritete
1342 1042 1489 1108 scissurae

324 1167 453 1228 sanotae
475 1161 586 1228 matris
609 1157 776 1228 ecelesiae¹
799 1160 976 1228 subveniat.
1011 1159 1056 1226 Et
1077 1160 1153 1244 quia
1174 1178 1239 1226 non
1257 1155 1489 1226 ambicionerel

325 1276 508 1364 tyrannicab
524 1277 710 1363 pervasione
726 1277 782 1344 sed
797 1277 906 1342 dimna
920 1275 1131 1363 disposicione
1144 1275 1234 1360 regni
1249 1274 1375 1340 ommen
1390 1291 1489 1340 ascen

324 1392 426 1478 distis,
450 1399 560 1459 nostra
582 1392 723 1479 parvitas
747 1398 872 1460 vestrae
895 1393 1037 1477 suggerit
1058 1390 1274 1475 excellentiae,
1297 1389 1489 1474 quatinusin

324 1508 384 1574 hoe
415 1514 482 1575 tam
510 1527 625 1592 magno
653 1509 779 1593 negotio
808 1508 1091 1576 christianissimae
1118 1507 1261 1592 coniugis
1289 1511 1415 1573 restrae
1441 1505 1489 1572 do

324 1625 430 1692 minae
458 1629 585 1692 nostrae
613 1620 759 1708 reginao³
788 1629 820 1692 et
846 1624 1068 1708 religiosorum
1090 1624 1230 1690 virorum
1252 1621 1421 1690 eonsilium
1442 1620 1490 1687 ls-

325 1739 436 1808 beatis.

412 1857 461 1924 Ea
476 1877 561 1940 vero,
585 1877 666 1942 quse
689 1857 774 1924 circa
788 1876 846 1922 nos
862 1861 947 1939 sunt,
970 1856 1135 1922 serenitati
1150 1860 1275 1922 rostrae
1296 1854 1490 1934 intimamm3

325 1973 474 2059 quoniam
489 1972 557 2040 Deo
581 1972 723 2059 propicio
746 1973 779 2039 in
801 1977 905 2040 vestro
921 1973 1052 2038 servitio
1067 1971 1136 2038 sani
1157 1976 1191 2038 et
1204 1969 1377 2038 incolomes
1392 1989 1490 2038 summ

324 2094 372 2173 et,
401 2093 554 2174 qnantum
583 2108 766 2175 possumus,
796 2109 853 2175 pro
883 2087 1002 2154 honore
1025 2092 1130 2154 vestro
1152 2086 1343 2154 laboramus.
1392 2085 1491 2171 ltaque

324 2204 456 2272 comites
470 2203 509 2270 N.
527 2210 559 2272 et
573 2203 612 2270 N.
629 2207 734 2270 vestro
753 2203 882 2270 servitio
905 2204 1075 2270 ascivimus
1098 2208 1140 2287 et,
1163 2201 1225 2268 lide
1240 2221 1278 2269 ac
1292 2201 1491 2269 sacramentis

325 2326 357 2388 et
383 2319 544 2387 obsidibus
568 2319 721 2406 acceptis,
751 2339 809 2405 pro
832 2324 928 2406 captu
949 2318 1081 2385 humani
1101 2318 1238 2402 ingenii,
1266 2324 1422 2403 quantum
1442 2337 1491 2404 po

324 2437 454 2521 luimus,
477 2438 733 2504 constrinximus.
769 2436 934 2505 Castrum·
950 2455 1074 2521 quoque
1089 2434 1138 2501 .N.
1154 2434 1229 2501 licet
1248 2454 1322 2501 curn
1337 2434 1491 2521 aliquanto

324 2552 442 2637 labore,
454 2552 522 2620 Deo
538 2552 723 2637 auxiliante,
738 2573 798 2639 pro
814 2558 919 2619 vestro
935 2550 1060 2619 tauron*¹
1072 2551 1360 2617 consummavimus
1371 2552 1490 2618 honora

414 2668 562 2736 Preterea
585 2688 689 2737 comes
713 2668 763 2735 .N.
787 2688 852 2735 una
872 2667 1037 2735 nobiseum
1061 2671 1199 2733 vestm
1220 2664 1378 2734 certificat
1400 2664 1492 2735 excel·

324 2784 466 2870 lentiam,
491 2786 574 2870 quod
590 2784 656 2853 vita
679 2785 794 2853 comite
816 2789 925 2851 nostra
946 2784 1059 2851 civitas
1081 2802 1154 2849 oum
1173 2787 1241 2849 tota
1262 2780 1492 2869 provinciamb

324 2900 477 2968 fidelitate
499 2900 683 2968 firmissima
704 2902 737 2967 in
753 2906 858 2967 vestro
879 2900 1008 2969 seruitio
1025 2896 1226 2985 permanebit
1247 2903 1280 2965 et
1300 2919 1362 2985 pro
1383 2899 1493 2966 honore

324 3018 415 3101 regni
438 3023 560 3084 certare
582 3037 646 3083 non
669 3016 814 3083 cessabit
905 3015 1037 3082 Mandat
1053 3014 1151 3081 etiam
1166 3013 1350 3081 discretioni
1366 3021 1492 3097 restrae

326 3133 410 3219 qood
437 3132 476 3199 de
506 3132 726 3199 constituenda
754 3132 930 3199 munitione
950 3130 1006 3214 N.,
1036 3131 1131 3197 sicuti
1153 3152 1209 3198 vos
1238 3132 1494 3219 praecepistisst

324 3248 376 3315 NJ
399 3268 472 3315 cum
498 3249 611 3316 ceteris
635 3248 748 3315 vestris
777 3247 1036 3315 ministerialibus
1065 3246 1225 3331 laudavit,
1252 3248 1372 3316 idcireo
1402 3246 1494 3314 solue

325 3364 494 3448 remansit,
518 3365 593 3450 quia
614 3364 694 3450 ipsis
717 3369 749 3431 et
771 3363 902 3449 reliquis
924 3362 1039 3431 vestris
1061 3362 1208 3431 fidelibus
1230 3366 1333 3448 magis
1357 3381 1494 3432 necem

325 3480 408 3547 rium
432 3482 534 3547 visum
563 3486 627 3565 est,
657 3486 762 3547 cestra
788 3480 989 3547 inimieorum
1017 3486 1194 3549 vestrorum
1220 3487 1363 3549 evertere
1393 3486 1426 3548 et
1446 3497 1494 3545 ex·

326 3596 479 3683 stirpare,
505 3617 542 3663 ac
563 3594 664 3680 tnnc',
693 3596 775 3662 sicut
797 3594 1028 3683 beneplacitum
1051 3596 1141 3665 vobis
1163 3598 1274 3681 fuerit,
1296 3597 1330 3663 in
1355 3594 1495 3662 omnibus

326 3710 554 3798 obtemperare.
666 3690 668 3695 ,

416 3826 561 3895 Vestram
584 3827 682 3913 igitur
704 3826 940 3895 serenissimam
961 3829 1160 3897 maiestatem
1184 3828 1372 3916 suppliciter
1390 3844 1495 3894 exora·

326 3964 412 4009 mus:
436 3948 472 4010 ut
493 3942 636 4031 propicio
660 3962 697 4009 ao
719 3947 852 4029 paterno
876 3942 990 4011 affectu
1011 3964 1108 4032 super
1122 3965 1181 4011 nos
1204 3949 1236 4012 et
1257 3944 1425 4013 ecclesiam
1438 3942 1495 4009 Ar·

396 4136 556 4185 aoecullZ.
642 4136 842 4186 ntirannicsl.
928 4138 1095 4188 aGrstrrZ.
1179 4138 1302 4189 ΜΗ.
1388 4134 1494 4188 aare

326 4216 402 4264 σιν.
495 4216 617 4264 tr’cVZ.

399 4328 423 4382 1.
442 4327 587 4398 episcopus
605 4328 825 4397 Argentinensr's.
914 4332 941 4387 2.
962 4330 1124 4388 Innocentio
1135 4330 1164 4389 11
1180 4336 1210 4389 et
1226 4328 1362 4389 Ananim
1374 4330 1403 4387 11
1418 4326 1491 4400 popl·

327 4412 430 4470 clectis.
537 4416 564 4472 3.
586 4415 742 4473 Riehinzse.
