3142 4850
389 332 579 381 arrsnonaa
601 332 881 382 nsnsaaoansas.
920 332 953 383 rs
1189 318 1253 383 507

91 492 239 578 episcopis
260 492 436 579 episeopis·
458 492 590 560 ducibus
612 493 781 560 comitibus
809 495 1003 579 oastsrisqus
1026 496 1116 579 rsgni
1138 496 1255 583 prinoi-
1302 506 1371 560 1106

91 607 177 694 pibus
198 609 333 691 gratiam
357 614 390 676 ot
411 608 625 693 dilectionem,
648 609 852 693 dignantibus
876 630 945 677 sam
966 613 1118 699 rsoiporo.
1272 579 1399 700 Ῑζξξῖζ

171 722 362 806 Rogavimus
383 723 483 790 filium
506 729 649 791 nostrum
673 730 800 810 atros,
831 726 880 792 stb
903 727 1037 792 multum
1060 728 1181 812 pronati
1203 747 1256 794 su·

89 860 169 906 mus:
193 844 238 923 ut,
262 840 394 907 dimisso
410 843 561 925 exorcitu,
585 840 795 924 ordinaretur,
819 842 974 927 quomodo
990 860 1154 928 possamus
1169 844 1255 929 pani·

88 953 159 1021 fios*
181 957 365 1038 convsnirs;
394 964 430 1024 ut
455 958 495 1024 ds
522 957 640 1024 iniuria
667 962 777 1023 nostra
804 962 837 1024 st
864 976 943 1044 paos
970 958 1187 1044 onmponsnda
1215 958 1254 1024 ad

87 1070 233 1139 honorum
255 1075 345 1154 rsgni
367 1079 476 1158 posaat
498 1074 592 1156 digna
614 1078 647 1139 at
669 1072 817 1140 derantur
839 1072 968 1139 diffiniri
976 1084 997 1139 ⁸.

171 1186 297 1253 Plaauit
316 1188 407 1255 robis
429 1189 632 1273 romandars,
655 1188 739 1255 undo
760 1187 852 1254 nobis
874 1188 967 1273 longo
990 1188 1134 1272 gravior*
1157 1189 1255 1277 priori

86 1302 185 1370 oritur
199 1303 409 1388 qnsrimonia:
434 1305 528 1390 quod,
551 1304 685 1371 dimissa
698 1304 862 1371 obsidione
877 1303 1017 1389 Colonia,
1041 1304 1138 1372 vultis
1161 1324 1257 1393 supsr

84 1438 141 1485 nos
170 1425 203 1485 st
225 1429 336 1505 super·
358 1418 466 1487 fidslss
489 1426 614 1487 nostros
637 1421 695 1487 sub
718 1420 825 1507 spsois
851 1418 998 1505 oolloquii
1022 1440 1092 1488 oum
1117 1421 1257 1489 sxsroitu

84 1534 207 1617 venire,
234 1534 317 1601 datis
338 1535 471 1602 indutiis
494 1541 564 1603 ooto
587 1536 720 1603 dierum.
759 1535 846 1614 Quas
867 1555 1043 1621 numquam
1067 1535 1160 1602 datas
1183 1542 1258 1601 sunt

84 1649 205 1716 homini
229 1650 360 1717 alieuius
382 1650 584 1736 oouditionis,
605 1656 643 1718 ut
666 1651 745 1718 bans
761 1652 859 1735 saitis,
883 1670 983 1736 usqua
1006 1652 1047 1717 ad
1068 1650 1151 1717 hana
1173 1651 1257 1718 diam

83 1784 140 1851 pro
169 1766 316 1849 legitima
348 1766 538 1834 diffinitions
566 1767 698 1834 aliouius
726 1768 859 1833 minoris
888 1767 1022 1851 nogotii,
1055 1766 1171 1833 nodum
1199 1786 1257 1855 pro

83 1886 172 1948 tanta
196 1902 242 1965 rs,
264 1882 436 1949 assandum
460 1884 600 1950 divinam
623 1882 726 1966 legam
750 1882 800 1949 rol
823 1882 993 1948 humanam
1016 1882 1067 1949 vsi
1090 1884 1185 1949 stiam
1209 1902 1258 1949 ss·

82 1998 223 2065 nundum
244 2018 337 2065 usum
360 2000 534 2066 hominum.
626 1998 760 2084 Oportat
781 1998 865 2065 anim
889 2018 947 2065 uos
969 1997 1096 2083 habers,
1119 1999 1148 2065 si
1168 1997 1258 2066 vobis

81 2113 240 2199 placeret,
269 2115 381 2182 saltom
404 2114 484 2182 tales
507 2114 663 2199 indutias,
691 2114 776 2180 inira
798 2134 876 2199 quas
899 2134 1064 2201 possamus
1086 2134 1259 2183 oonvoaars

83 2234 115 2295 et
135 2230 284 2316 prsoibus
307 2231 452 2315 invitare,
477 2231 516 2298 ad
539 2230 621 2297 hano
643 2228 775 2297 eandem
791 2250 918 2297 oausam
940 2238 976 2297 ut
990 2231 1055 2297 sint
1070 2228 1258 2315 nobiscum',

80 2343 319 2431 Mogontinum¹
342 2353 391 2413 st⁸
412 2342 656 2414 Treveronssm'
680 2350 730 2413 st⁸
751 2342 974 2413 Brsmsnssm⁸
990 2346 1258 2434 archiepiscopum

81 2459 336 2549 Frisingenssm⁴
363 2469 414 2531 st⁸
440 2459 691 2548 Augustensom⁸
718 2459 910 2531 Curensem‘
937 2459 1162 2531 Basilionsem⁷
1192 2465 1259 2550 opi·

81 2599 207 2667 scopos,
231 2580 343 2647 duram
365 2576 535 2664 Magnum·
549 2599 622 2647 oum
645 2579 725 2646 duos
746 2575 967 2663 Thsndsrioo',
995 2583 1027 2646 ot
1047 2579 1156 2646 ducem
1180 2579 1259 2646 Bos-

80 2693 230 2764 mioum¹⁰
269 2703 303 2764 st
333 2697 482 2764 comitam
515 2693 765 2764 Flandrsnssm¹¹
804 2715 876 2762 oum
911 2695 1025 2762 admits
1058 2687 1260 2778 Burguridiae

80 2809 273 2896 Wiilsimo⁸,
296 2818 328 2879 st
350 2812 444 2897 alios,
468 2813 523 2897 qui
545 2813 585 2878 ad
608 2813 767 2900 profatum
791 2811 969 2895 nogotium,
999 2817 1037 2878 ut
1058 2811 1138 2878 bens
1160 2811 1260 2896 saitis,

80 2929 174 2997 valde
198 2934 276 2995 sunt
296 2929 475 2996 nsosssarii.

171 3045 386 3131 Quapropter,
409 3045 492 3112 siout
513 3043 602 3130 prius
624 3043 815 3128 rogavimus,
838 3043 885 3110 ita
908 3047 940 3110 st
954 3061 1037 3109 nuno
1053 3043 1169 3110 iturum
1189 3063 1261 3129 prs·

80 3163 206 3229 samur*
230 3165 263 3228 at
284 3161 399 3228 obnixe
420 3159 602 3244 rogamus¹:
627 3161 776 3245 quatinus
798 3180 857 3246 pro
880 3157 948 3226 Doo
971 3163 1004 3226 st
1026 3160 1133 3227 anima
1154 3165 1261 3228 vestm

81 3284 112 3345 st
140 3299 205 3365 pro
237 3275 452 3364 appollaoions
475 3276 595 3343 domini
617 3275 750 3342 Romani
779 3275 938 3361 pontificis
960 3275 1122 3344 Pusohalis
1146 3280 1178 3344 at
1199 3275 1261 3344 no-

80 3413 197 3461 munas
223 3393 393 3460 aocolasias
417 3399 450 3460 st
470 3413 529 3480 pro
552 3392 671 3459 honora
687 3391 776 3476 regni
793 3392 966 3476 dignamini
982 3393 1067 3479 apud
1087 3391 1188 3460 filium
1204 3413 1261 3460 no-

80 3517 183 3578 strum
202 3507 337 3594 affinsrs,
360 3513 406 3593 ut,
429 3509 560 3575 dimisso
577 3509 728 3591 saaraim,
751 3513 853 3575 osssat
867 3527 926 3574 nos
944 3509 1106 3595 pansaqui3
1130 3514 1162 3578 at
1177 3509 1262 3576 ordi·

79 3633 186 3712 natur,
212 3627 369 3712 quomodo
391 3646 501 3693 socors
522 3631 555 3692 at
570 3625 687 3710 absque
703 3625 790 3691 omni
808 3625 1014 3708 ambiguitate
1032 3626 1190 3712 possimus
1204 3645 1261 3692 ros

80 3763 152 3810 oum
176 3743 315 3810 castatis
337 3761 436 3830 supra
450 3741 556 3808 diotis¹
576 3741 617 3808 ad
637 3741 794 3826 agendum
818 3742 856 3808 ds
872 3740 991 3808 iniuria
1005 3746 1115 3809 nostra
1130 3747 1161 3810 ot
1183 3759 1262 3827 pass

79 3861 113 3927 in
135 3879 240 3946 regno
263 3858 470 3947 conponenda
493 3860 597 3946 quista
621 3862 654 3924 st
675 3855 806 3946 partios
829 3857 1005 3926 convenire.

151 4033 174 4067 ι
200 4021 287 4066 onan.
365 4020 388 4066 b.
411 4019 495 4066 osolt.
573 4032 593 4064 a.
617 4017 716 4065 diffinire
733 4018 761 4063 Ε.
837 4016 860 4062 d.
885 4019 1013 4075 graviorum
1030 4017 1058 4063 Ε.
1137 4029 1157 4061 s.
1180 4027 1223 4061 ora.
1236 4013 1261 4062 T.

79 4099 96 4145 i,
115 4100 241 4146 vobiscum
256 4099 281 4146 T.
360 4113 381 4158 g.
404 4113 448 4145 om,
462 4097 486 4144 Τ.
564 4098 588 4144 h.
604 4097 682 4154 m,
698 4097 813 4143 Wiilslmo
828 4096 852 4143 Y.
924 4097 938 4142 i.
962 4109 1081 4156 prosumus
1097 4095 1121 4142 T.
1192 4095 1214 4142 k.
1239 4097 1262 4142 st

81 4179 165 4227 obnixo
180 4193 304 4240 precamur
320 4180 344 4226 E
357 4195 402 4239 pro
417 4179 451 4225 ita
465 4181 490 4224 st
504 4203 527 4210 —
541 4191 655 4236 rogamus.
748 4177 765 4222 i.
789 4176 818 4223 ds
833 4176 917 4223 iniuria
933 4175 986 4222 odd.
1001 4175 1025 4221 T.

155 4276 182 4330 1.
201 4273 384 4330 liuthardum.
448 4275 473 4328 2.
492 4273 659 4328 Brunonsm.
717 4273 744 4327 3.
762 4269 931 4326 Fridsrioum
945 4269 966 4325 1.
1024 4270 1051 4325 4.
1070 4269 1227 4325 Heinrioum
1240 4269 1261 4324 1.

81 4363 107 4418 5.
126 4364 328 4420 Hermannum.
392 4363 418 4417 6.
437 4361 591 4417 Widonam.
653 4361 677 4415 7.
697 4359 895 4417 Burohardum.
961 4359 988 4414 8.
1006 4356 1261 4414 Saxoniaaduoam.

82 4452 108 4508 9.
128 4454 234 4508 duaam
253 4451 455 4522 lotharingiae.
530 4453 571 4506 10.
590 4451 719 4521 Boriwoy
732 4449 766 4505 11.
840 4449 882 4504 11.
901 4447 1050 4504 Robsrtum
1066 4447 1101 4503 11.
