3142 4850
395 305 518 354 rnonrs
541 309 621 354 vrrs
645 305 802 355 orreum.
836 307 903 355 nra.
918 305 985 356 rra
1208 289 1275 356 625

102 463 144 530 si
165 485 229 550 quc
252 487 325 550 erpo
348 467 592 550 (ticiniensem
616 467 774 546 madano,
797 470 829 531 aa·
842 487 906 552 qua
922 469 958 531 ic
972 467 1061 532 cobis
1082 468 1364 536 melana-1124

100 579 199 644 mais
223 592 268 644 eat
289 580 422 665 affectio,
442 603 556 667 pacem
578 584 743 647 sectamini
763 603 834 645 cam
851 581 995 646 omnibus
1011 584 1100 647 domi
1110 583 1272 669 forabqsoe,
1299 552 1353 600 m

99 715 170 758 mam
186 695 363 760 domesticis
386 708 414 760 ct
431 699 586 761 manaae
609 718 647 761 ea
670 716 730 781 qus
747 698 841 782 paea
863 709 937 762 aaut
958 710 987 762 et
1008 700 1151 764 caesae
1173 701 1274 784 optim

98 795 343 894 hospitalitatem
365 813 475 876 inemo
493 814 551 896 pa'e
572 811 742 882 voluntatis
765 814 882 876 ababa
904 812 1048 893 molus,
1074 815 1274 898 precidentes

98 923 181 987 dona
204 945 268 988 con
291 937 412 989 matum
435 946 542 990 coram
557 926 627 992 Deo
651 927 706 990 aed
728 928 823 991 niam
846 947 952 991 eoram
970 927 1114 993 omnibns
1135 927 1272 991 domici·

97 1037 155 1102 dus
165 1033 182 1100 ¹.
217 1035 283 1103 Hoc
306 1043 338 1102 et
360 1036 409 1104 his
426 1039 542 1104 similia
560 1038 664 1106 triduo
681 1039 727 1105 eis
743 1038 913 1122 inculcans,
937 1039 1168 1116 tandemselut
1189 1039 1274 1106 ultra

95 1169 161 1217 uon
176 1151 293 1217 visuris
313 1151 382 1218 vale
402 1153 531 1236 iaciens,
555 1153 680 1221 Christo
705 1155 860 1220 attenciua
883 1163 954 1220 eos·
977 1154 1219 1222 commendabat
1241 1160 1274 1222 et

95 1284 161 1332 non
177 1267 245 1334 sins
260 1267 410 1352 lacrimis,
434 1273 600 1354 paternum
617 1289 758 1336 amorem
773 1268 974 1352 testantibus,
998 1269 1038 1336 ad
1059 1269 1163 1337 locum
1179 1289 1272 1336 suurn

95 1381 230 1448 remisit

187 1496 258 1583 lpso
282 1503 387 1564 autom
402 1497 485 1565 viam
510 1499 670 1586 proposito
694 1498 957 1585 peregrinationis
973 1499 1186 1584 aggrediente,
1210 1519 1272 1584 qne

92 1611 204 1694 lingua
227 1613 385 1698 explicare
402 1614 520 1680 valeat:
545 1618 682 1697 quantus
703 1613 844 1678 omnium
867 1613 1003 1681 tiliorum
1026 1615 1094 1682 eius
1117 1615 1270 1701 ploratus,

93 1745 193 1810 quarn
214 1727 409 1796 incredibilis
433 1730 476 1795 sit
498 1733 626 1796 exortus
649 1728 794 1811 gemitus.
835 1727 917 1806 Quia
938 1731 1022 1794 enim
1046 1730 1170 1797 viuculo
1199 1717 1282 1816 per·⁴
1309 1806 1313 1814 ,

91 1841 252 1926 fectionis,
277 1844 360 1926 quod
383 1849 431 1910 est
453 1839 597 1926 cantem,
621 1862 693 1909 cnm
710 1862 746 1909 eo
760 1843 888 1910 inerant
909 1844 1013 1910 arcius
1027 1844 1119 1928 uuiti,
1141 1844 1270 1929 debant,

90 1956 222 2022 unicum
246 1964 369 2043 patrem
393 1957 483 2043 quasi
507 1976 560 2024 cor
577 1978 596 2023 a
613 1957 788 2025 uisceribus
810 1957 914 2041 evelli,
937 1963 970 2026 et
990 1964 1153 2043 nmquam
1175 1960 1270 2026 funus

91 2072 306 2138 amantissimi
328 2073 493 2140 anniteris
518 2073 557 2140 ad
581 2073 736 2139 tumulum
759 2073 926 2140 deterrent
962 2073 1012 2139 lta
1032 2092 1104 2140 cum
1127 2074 1214 2140 luctu
1237 2079 1271 2140 et

90 2187 268 2253 miserabili
291 2165 419 2273 planetu
443 2207 515 2254 eum
530 2187 729 2272 deducentes,
754 2194 847 2254 extra
863 2188 965 2254 locum
980 2187 1268 2255 Micholieldensem

90 2303 381 2388 prosequebantnr3
412 2322 484 2369 oum
508 2303 634 2387 qnidam
656 2303 726 2386 ille,
754 2323 924 2369 conversus
951 2304 991 2369 ad
1015 2322 1086 2385 eos,
1117 2301 1269 2390 pastorali

90 2417 282 2484 auctoritate
298 2421 330 2484 et
344 2418 532 2485 sacerdotali
547 2419 714 2503 gravitate
738 2425 891 2503 quantum
913 2422 1047 2504 potarat,
1069 2415 1181 2485 tientes
1195 2437 1270 2485 con·

89 2531 212 2599 solari*
234 2538 400 2617 satageret

185 2648 294 2732 ltaque
316 2668 461 2733 egressm
484 2668 554 2715 eum
578 2648 676 2715 nobili
705 2668 761 2715 suo
785 2648 952 2731 comitatu,
981 2647 1125 2732 sequenti
1148 2646 1199 2712 dia
1229 2646 1269 2711 ab

88 2762 210 2830 illustri
239 2764 307 2829 viro
330 2763 515 2831 Gebebardo
538 2758 842 2831 Waldekkendeusi⁸
865 2762 904 2828 ad
932 2762 1140 2829 dedicandam
1170 2761 1268 2827 ecclc·

88 2880 175 2945 eiam
199 2874 307 2944 suam⁴
330 2879 481 2945 inritatus
504 2884 568 2959 est3
593 2898 685 2963 quam
711 2897 837 2944 summa
850 2878 1016 2943 devotione
1039 2882 1073 2943 et
1090 2876 1198 2943 debita
1219 2876 1268 2941 di·

87 2995 166 3060 vine
190 2994 352 3061 servitutis
371 2993 552 3060 celebritate
568 2994 771 3059 consecravit.
863 2992 1040 3058 Procedens
1063 2990 1147 3074 inde,
1172 2989 1268 3056 aliam

86 3108 252 3176 dedicavit
273 3108 436 3176 ecclesiam
459 3108 581 3175 scilicet
597 3103 906 3175 Vohendrezensam⁶
921 3108 957 3173 in
975 3108 1158 3192 episcopatu
1173 3124 1268 3171 vene·

85 3223 202 3291 rabilis
218 3220 389 3291 Hartwiei⁸
405 3224 643 3290 Ratisbonensis
659 3223 810 3309 episcopi,
827 3223 977 3289 nimirum
993 3222 1095 3308 ipsius
1110 3221 1269 3306 permissu

86 3345 124 3406 et
148 3344 270 3420 rogatu.
306 3338 367 3405 Ubi
390 3339 558 3405 multitudo
581 3338 710 3425 copiosa
732 3338 849 3424 plebis,
874 3338 915 3402 ad
936 3357 993 3405 sex
1016 3336 1105 3403 milia
1127 3333 1178 3403 vel
1201 3356 1267 3402 arn·

85 3454 176 3543 plius
193 3458 384 3540 computata,
409 3455 438 3523 ei
459 3472 635 3537 occurrens,
658 3472 747 3520 sacre
763 3452 1010 3519 confirmationis
1032 3452 1168 3535 gratiam
1192 3470 1267 3537 sup-

84 3571 218 3658 pliciter
234 3571 273 3637 ab
290 3590 325 3637 eo
341 3568 519 3653 flagitabam
544 3588 639 3653 quam
654 3568 834 3635 desiderata
849 3586 961 3634 manus
982 3568 1050 3633 eius
1065 3566 1267 3653 impositione

84 3690 271 3771 consecuta,
295 3704 369 3751 mox
392 3684 508 3749 mirum
532 3684 564 3749 in
587 3683 715 3749 modum
738 3682 892 3767 gratulari
917 3683 1001 3769 cepit
1022 3683 1055 3748 in
1074 3681 1211 3748 Domino
1234 3685 1267 3747 et

83 3823 148 3889 pro
163 3801 347 3885 longiturna
368 3801 449 3865 tanti
472 3800 573 3886 patris
590 3798 654 3865 vita
677 3818 893 3886 prosperoque
914 3797 1178 3883 peregrinationis
1198 3797 1265 3862 eius

29 3938 37 3955 ·
83 3936 186 3985 cursu
202 3915 326 3982 enixius
341 3915 481 3980 divinam
497 3933 629 3981 exorare
644 3912 852 3980 clementiam.
888 3912 964 3979 Fuit
984 3892 1069 3978 enim
1091 3910 1125 3977 iu
1141 3929 1267 3977 summa
1308 3982 1324 4009 ·

164 4124 185 4157 a
209 4122 249 4156 sos
265 4108 354 4156 addidi.
447 4108 470 4154 b.
494 4107 612 4154 consolare
631 4106 654 4155 0.

162 4214 188 4267 1.
207 4212 285 4269 Rom,
297 4214 338 4281 12,
354 4213 400 4267 17:
421 4210 613 4281 ,providentes
630 4210 704 4267 bona
718 4240 748 4250 -
763 4207 945 4265 hominibus“.
1018 4211 1044 4263 2.
1063 4206 1263 4276 coloss.3,14.

80 4304 113 4359 3.
134 4300 271 4357 Waldeck
289 4306 333 4357 est
350 4316 367 4354 a
384 4298 525 4370 Bayreutb
543 4299 614 4353 inter
631 4300 762 4354 orientem
783 4303 812 4354 st
829 4296 979 4353 meridiem.
1062 4295 1089 4350 4.
1111 4294 1264 4351 Leuclrbm-

81 4390 268 4461 bergensem,
287 4406 313 4442 v.
327 4386 462 4443 Harbordi
475 4388 530 4443 vit.
544 4386 651 4443 Ottonis
669 4387 695 4441 ll
713 4388 739 4443 8.
830 4386 855 4442 5.
874 4384 1087 4441 Vobenetrauss.
1171 4384 1197 4438 6.
1215 4382 1237 4437 Ι.

133 4484 215 4539 Just,
229 4487 375 4532 Bibliotheca
386 4487 414 4530 V.
1015 4482 1053 4537 40
