3142 4850
327 267 393 331 498
629 282 817 333 emenonis
840 283 1118 333 seususouueue.
1154 282 1238 334 ao·

231 458 301 513 1000
327 462 419 509 suum
441 442 646 509 Kaeaelinum
668 442 707 508 de
730 441 932 509 Hamlenlold
961 441 1170 529 respondente
1199 462 1237 509 ac
1260 442 1372 507 domno
1394 438 1495 509 ticin.

217 531 310 590 ΑΜΒ
326 557 426 625 nardo
448 563 569 624 cartem
592 557 632 625 de
655 557 764 625 cadem
786 578 822 624 re
845 578 952 625 coram
975 558 1120 625 omnibus
1139 556 1330 644 perlegenta,
1353 552 1485 643 synodali

327 674 443 740 iudicio
472 673 684 760 expostulatio
711 672 767 739 illa
796 672 957 739 infirmate
985 680 1033 741 eat
1062 678 1094 740 ct
1122 672 1304 760 supradicta
1332 671 1486 739 decimatio
1551 714 1552 733 r

327 795 455 857 nostrae
478 789 647 857 aecclesiae
669 788 860 873 adiudioets,
884 789 966 855 siout
989 810 1046 873 ogo
1069 790 1192 873 meique
1208 788 1316 855 fidelos
1333 786 1489 873 protestati

328 910 404 971 sunt
425 905 575 971 domuum
597 910 742 971 nostrum
769 906 992 991 imperatorem
1015 904 1200 971 Heinricum
1227 903 1319 971 huius
1348 900 1489 987 episcopii

328 1019 479 1087 terminos
504 1040 561 1086 suo
583 1020 713 1106 praedio
737 1019 1028 1103 aWirzebnrgensi
1051 1018 1202 1087 aecclesia
1224 1024 1441 1085 commutasse
1551 1012 1552 1079 ἶ

418 1135 472 1201 1111
495 1142 602 1202 autem
624 1142 699 1202 sunt
721 1142 829 1219 testes,
853 1135 907 1220 qui
929 1135 1002 1201 huic
1019 1134 1140 1222 synodo
1160 1134 1385 1203 interfuerunt:
1408 1131 1490 1199 Heri·
1552 1150 1553 1155 ’

329 1270 464 1318 mannua
480 1251 572 1317 huius
587 1250 858 1335 Bebenbergonsis
874 1250 1043 1318 aecclesiae
1057 1250 1267 1337 praepositus,
1283 1250 1339 1335 qui
1354 1248 1491 1317 canonice
1552 1260 1553 1271 ¹

329 1367 541 1449 iuterrogatus
568 1367 708 1433 omnium
744 1386 876 1433 assensu
904 1366 1055 1434 indicium
1084 1367 1173 1449 Iecit;
1207 1366 1317 1453 Peppo
1350 1366 1491 1443 decanum

330 1482 479 1565 Kuzelin,
502 1481 625 1566 Penne,
648 1481 760 1565 Luizo,
783 1480 937 1566 Adelunc,
961 1480 1136 1565 Gozbroht,
1160 1481 1329 1565 Hartuuio,
1354 1478 1492 1561 Gundolt,

330 1598 410 1682 Ioco,
425 1596 584 1681 Uodalric,
601 1596 721 1682 Gunzo,
745 1599 915 1680 Hartuuio;
939 1598 1105 1665 Meinnard
1121 1598 1320 1680 scolasticus,
1344 1595 1492 1663 Adelbero

331 1714 468 1779 deosum
491 1714 530 1779 do
551 1712 711 1794 Duriatat3
735 1713 840 1799 Hono,
864 1714 986 1781 Amold
1008 1715 1048 1782 de
1064 1714 1204 1797 Sicelice,
1228 1713 1293 1781 Oze
1316 1713 1357 1779 dc
1373 1708 1493 1779 Stricta

332 1830 424 1912 stein,
446 1826 561 1911 Sigelo,
577 1828 742 1913 Ruothart,
758 1830 891 1914 Nemees,
908 1830 1094 1915 Adalbrcht,
1111 1829 1258 1897 Uodalrie
1273 1834 1306 1897 et
1320 1828 1389 1895 icrc
1404 1826 1494 1893 omnia

331 1943 433 2010 clcrua
456 1942 725 2027 Babcnbergensie
749 1944 927 2012 aecclesiae.

420 2056 509 2124 Laici
533 2064 638 2124 eutem
661 2060 713 2125 isti
738 2066 845 2126 orant:
871 2059 978 2128 Cuono
1001 2062 1159 2148 palatinus
1182 2080 1303 2143 comes,
1330 2057 1451 2126 Pertolt
1469 2060 1495 2123 ot

331 2172 512 2239 Fridcricus
534 2172 618 2239 filius
642 2175 726 2257 eius,
749 2174 914 2243 Goteecalc
937 2181 970 2245 et
983 2176 1124 2243 Friderie
1146 2176 1230 2243 filius
1253 2176 1332 2259 cius,
1355 2175 1447 2261 Eppo
1463 2172 1495 2237 dc

333 2289 480 2373 Nuheim,
507 2287 652 2356 Gozuuin
674 2309 790 2374 comes,
814 2292 991 2359 Adalbreht
1013 2292 1051 2359 do
1066 2292 1171 2377 Vetat,
1201 2290 1371 2359 Sterohorc
1394 2306 1495 2367 muros,

335 2404 467 2472 Gozwin
494 2426 615 2490 comos,
642 2404 817 2490 Reginboto
845 2428 949 2476 comcs
978 2414 1011 2476 et
1036 2390 1120 2476 lilius
1148 2408 1215 2476 eius
1238 2406 1389 2492 Diomar,
1417 2402 1496 2472 Kralt

333 2541 449 2604 comos,
471 2520 582 2605 Immo,
605 2519 761 2608 Walpoto.

422 2636 544 2703 ludices
559 2637 613 2702 isti
629 2636 800 2704 affuerunt:
822 2638 998 2726 Gumprcht
1014 2644 1046 2706 et
1060 2638 1142 2705 filius
1158 2639 1226 2706 eius
1241 2637 1402 2724 Moingoz,
1417 2636 1496 2704 Hori-

333 2773 408 2820 man
432 2757 464 2819 ct
479 2751 629 2838 Vellerat,
656 2752 737 2838 Eho,
758 2753 875 2838 Vocho,
899 2755 1069 2838 Acronum,
1092 2753 1221 2821 Adelolt
1242 2755 1282 2822 de
1304 2755 1498 2822 Trubahact

334 2869 433 2935 irater
456 2869 523 2935 eius
546 2868 690 2952 Hcmmo,
714 2869 800 2936 Erbc
824 2868 1056 2937 deWizensha.

423 2982 647 3051 Ministeriales
663 2989 767 3050 autem
782 2985 854 3051 isti:
871 2984 1002 3068 Wicoor,
1026 2983 1172 3070 Mazclin,
1191 2983 1306 3052 Amolt
1321 2984 1362 3054 de
1380 2983 1499 3052 Siolan·

335 3099 415 3182 dori,
439 3099 558 3183 Toimo,
581 3098 712 3165 Ttticho
736 3105 767 3166 et
789 3101 888 3167 frater
911 3099 978 3168 eius
1001 3099 1098 3186 Babe,
1121 3100 1252 3187 Deipolt
1274 3106 1305 3168 et
1323 3101 1382 3168 alii
1402 3099 1500 3187 plure

336 3233 414 3299 quos
436 3215 601 3281 nominare
621 3215 751 3300 longum
774 3220 832 3282 cst.

425 3330 507 3397 Acta
529 3330 635 3398 Idibus
658 3331 779 3419 Aprilis
802 3331 975 3398 indictione
998 3331 1070 3415 llll,
1101 3351 1182 3398 anno
1205 3330 1384 3400 dominicae
1406 3332 1500 3398 incar·

336 3446 473 3514 nationis
496 3445 654 3532 MLVIII',
679 3468 760 3514 anno
783 3448 984 3533 episcopatus
1008 3446 1115 3514 domni
1139 3445 1306 3513 Guntharii
1320 3445 1376 3514 111.

340 3627 374 3699 9.
403 3633 572 3698 Ileinmcus
590 3635 607 3697 I
610 3633 639 3699 V
657 3657 714 3700 rec
738 3635 892 3700 Romanis
915 3636 1040 3715 scribit,
1067 3637 1152 3721 quod
1172 3633 1236 3699 eidi
1257 3633 1447 3714 obstiterint,
1475 3653 1503 3696 se

407 3747 557 3834 Greporii
573 3749 643 3814 VII
657 3751 767 3836 culpae
781 3753 958 3836 desipuere.
997 3749 1106 3832 Quem,
1128 3763 1163 3815 ut
1177 3753 1211 3815 iu
1226 3753 1345 3816 iudicio
1361 3772 1395 3814 ao
1409 3751 1501 3828 sumt,

404 3867 528 3929 moneri
547 3865 622 3930 0011.
660 3865 703 3932 Se
724 3869 837 3930 iterum
862 3866 996 3931 Romam
1018 3879 1182 3932 oraturam
1204 3887 1268 3930 case
1289 3867 1471 3952 oipnifioars

170 3995 239 4048 1081
249 4008 328 4047 ex.-
427 3978 583 4045 Henrious
612 3979 672 4044 Dei
706 3981 809 4062 gratis
840 3999 897 4046 rex
928 3978 1073 4046 omnibus
1101 3978 1250 4046 Romanis
1286 3977 1504 4060 cardinalibus,

188 4065 258 4118 1⁰⁸2
274 4063 311 4118 ³¹¹·
408 4108 429 4141 ι.
452 4092 576 4154 comps
595 4091 698 4140 aarum
723 4094 749 4140 a
773 4093 911 4141 aternum
934 4093 1025 4154 parare
1047 4092 1202 4142 commone
1226 4109 1255 4142 a
1278 4093 1328 4141 me.
1344 4095 1394 4142 sor
1417 4090 1503 4140 aaa.

338 4188 399 4220 racc.
410 4173 471 4220 XIII
482 4172 531 4234 sol.
542 4175 592 4220 ore
599 4175 677 4220 -aa

410 4250 436 4305 1.
455 4266 543 4306 annua
562 4251 632 4305 1058
654 4249 751 4304 incidit
772 4249 800 4304 in
824 4249 999 4304 indictionem
1020 4251 1062 4305 11.
1094 4249 1189 4320 ltaque
1207 4250 1263 4306 due
1281 4250 1350 4304 vitia
1371 4249 1401 4304 in
1424 4245 1503 4317 signia

340 4335 539 4407 chronologicis
556 4338 647 4392 luceae
665 4336 796 4408 arbitror,
814 4351 865 4393 nec
880 4337 985 4408 dubito,
1003 4337 1069 4408 quin
1087 4337 1265 4409 archetypum
1283 4336 1411 4394 habuerit
1427 4335 1500 4390 haec:

342 4424 506 4493 ,indictione
523 4425 577 4479 XII
595 4441 666 4481 auno
684 4425 838 4481 dominicae
856 4427 1049 4482 incarnationis
1066 4425 1222 4483 11111111*Ι
