3142 4850
471 331 636 378 unennror
658 331 785 379 consen.
820 328 857 378 cc
1206 315 1248 380 61

162 487 274 570 Porro,
299 489 396 553 siout·
418 489 450 553 in
473 489 628 574 proximis
651 508 729 572 ques
753 488 794 555 ed
816 493 957 556 sancum
981 489 1088 554 sedem
1109 494 1247 556 vestam

77 602 268 668 direximus*
292 602 406 668 litteris
416 599 433 687 ¹,
456 605 503 669 ite
525 623 609 670 nunc
631 623 755 688 quoque
777 603 891 669 humili
913 603 1093 690 supplicatu
1110 611 1249 671 restrum

77 717 283 804 deprecamur
311 719 526 785 sanctitatem:
554 725 591 785 ut
614 755 654 764 -—
680 719 755 803 qnia
783 738 900 785 corona
928 720 1019 802 regni
1047 725 1080 784 et
1102 718 1250 786 diadema

75 831 207 900 Romani
235 835 365 920 imperii
393 836 425 899 iu
454 853 550 900 mauu
574 840 679 900 vestm
706 839 756 902 est
783 854 842 920 per
862 853 992 900 manum
1014 833 1101 900 Petri
1125 869 1167 882 ·-
1190 833 1249 900 filii

76 949 169 1014 vestri
199 949 322 1015 domiui
350 949 413 1016 mei
440 949 598 1016 Heinrioi⁰
626 951 710 1034 regis
739 969 866 1036 semper
892 950 926 1015 in
955 949 1037 1016 bono
1066 949 1249 1016 meminisse

75 1063 262 1146 dignemini;
287 1070 328 1148 et,
352 1064 434 1130 sicut
456 1063 492 1128 a‘¹
514 1064 685 1150 primitivis
700 1070 829 1132 sunctae
850 1065 1105 1131 intronizationis
1125 1070 1249 1131 restrae

76 1178 228 1244 exordiis·
251 1179 414 1265 primicias
436 1179 526 1262 regni
549 1181 616 1247 eius
640 1179 741 1246 adhue
763 1179 902 1266 pueriles
921 1180 1052 1246 consilio
1076 1185 1109 1246 et
1130 1179 1248 1247 auxilio

75 1293 195 1360 ioristis
220 1299 253 1360 et
275 1294 453 1377 enutristis,
483 1295 528 1361 ite
550 1294 714 1382 apostolici
737 1295 855 1378 rigoris
878 1296 1061 1362 constancia
1085 1315 1185 1380 usque
1207 1296 1248 1362 ad

74 1427 220 1476 coronam
244 1410 372 1496 imperii
394 1429 466 1476 cum
489 1429 526 1476 eo
548 1411 736 1496 persistatis.

158 1523 314 1591 Preterea
327 1523 429 1591 adbuc
444 1527 607 1612 antiquam
621 1531 763 1592 nostram
779 1546 876 1612 super
892 1525 1062 1594 rebellibus
1078 1527 1247 1611 Thuringis

73 1641 330 1724 conquestionem
346 1639 386 1706 aul
401 1641 549 1706 noticiam
566 1641 668 1710 dorae
682 1642 767 1708 sedis
783 1647 907 1708 vestroe
927 1641 1108 1723 referimus3
1131 1642 1248 1710 obnixe

73 1760 234 1838 rogantes:
258 1761 304 1839 ut,
328 1762 452 1823 armata
473 1776 570 1822 manu
592 1757 697 1840 plodio
714 1755 852 1844 Spiritus
874 1759 986 1840 sancti,
1008 1777 1108 1840 usque
1128 1757 1168 1822 ad
1191 1777 1247 1823 ex-

72 1870 313 1955 pugnationem‘
335 1891 442 1938 eorum
466 1871 557 1938 nobis
578 1873 742 1938 dexterum
764 1872 875 1938 ieratis
898 1871 1017 1937 auxilii.
1098 1871 1246 1956 Suggeri-

71 2005 140 2051 mus
173 2005 301 2070 quoque
333 1987 494 2054 sanctitati
523 1993 643 2072 restro,
676 1987 760 2073 quod
790 1987 946 2073 synodum
973 2007 1069 2073 super
1095 1987 1145 2052 bis
1172 1993 1247 2074 post

71 2096 205 2185 pasches'
229 2101 389 2168 celebrare
411 2101 617 2169 decrevimus.
652 2103 704 2168 Ad
720 2121 816 2188 quem
831 2103 871 2168 de
890 2101 988 2169 latere
1004 2106 1109 2168 vestro
1124 2102 1246 2186 legatos

69 2216 153 2282 mitti
175 2217 387 2302 postulamus,
410 2217 465 2301 qui
487 2219 674 2284 auctoritete
696 2222 804 2284 restro
826 2221 859 2283 et
872 2217 935 2302 ipsi
954 2217 1074 2303 synodo
1089 2218 1244 2304 praesint3

71 2335 100 2396 et
120 2331 211 2414 haee,
235 2351 317 2416 quae
340 2333 380 2399 de
402 2332 590 2416 Thuringis⁸
619 2333 757 2417 agimus,
781 2332 931 2400 cononice
953 2333 1140 2417 terminent,
1164 2334 1247 2399 etsi

70 2466 130 2531 qua
151 2448 219 2513 alia
241 2447 444 2531 corrigendoh
468 2450 670 2517 occurrerint.
748 2448 839 2527 Quod
866 2447 894 2513 si
920 2446 991 2515 lieri
1018 2450 1144 2534 nequit,
1174 2449 1245 2519 eliis

69 2581 122 2627 ros
159 2564 388 2650 occupantibus
420 2564 575 2648 negociis,
612 2564 728 2631 saltim*
763 2564 917 2649 petimus:
951 2564 1055 2649 ipsam
1089 2542 1245 2651 synodum

68 2678 241 2761 nostram¹,
255 2698 336 2764 quae
348 2680 456 2765 utique
468 2678 517 2746 etk
530 2684 636 2746 vestm
647 2686 705 2765 est,
718 2678 900 2767 apostolicis
912 2680 1091 2747 consumtis
1102 2680 1245 2747 vestrae*

1 2830 2 2833 π
67 2791 183 2861 litteris
199 2795 362 2876 roborari;
387 2814 467 2879 quse
481 2801 514 2862 et
527 2794 697 2863 rebellibus
713 2794 883 2861 anathema
897 2794 1088 2861 denuncient
1102 2801 1135 2861 et
1149 2814 1245 2879 quse·

68 2926 126 2993 que
148 2908 231 2976 inibi
254 2910 404 2977 canonice
426 2915 516 2993 gestu
538 2916 644 2977 resno
667 2910 855 2977 auctoritate
876 2908 1072 2976 conlirment.

1 3022 3 3115 ζ
155 3025 240 3104 Quia
263 3046 336 3092 roro
352 3027 493 3093 maxima
507 3045 649 3112 quaeque
665 3024 896 3093 ecclesiastieae
910 3023 1097 3110 disciplinae
1113 3025 1245 3108 negocia

1 3119 2 3205 Ϊ
66 3140 104 3207 ab
130 3142 219 3227 ipso¹
246 3140 428 3227 praesulum
455 3142 573 3209 vertice
601 3141 716 3209 debent
743 3140 985 3207 examinari-
1015 3140 1103 3207 cuius
1132 3160 1172 3207 ex
1194 3141 1244 3207 in·

1 3240 2 3325 Ῑ
67 3256 174 3323 iuncta
208 3257 351 3323 omnium
387 3257 590 3325 eeclesiarum
625 3256 836 3323 sollieitudine
869 3255 1006 3342 speciale
1043 3255 1243 3342 privilegium

1 3358 2 3444 l
67 3378 127 3457 et,
153 3372 240 3473 quod
262 3392 321 3458 per
342 3392 401 3439 nos
423 3392 486 3439 non
509 3373 668 3460 possimus
691 3372 863 3456 corrigere,
886 3372 1019 3457 abipso
1042 3371 1184 3455 corrigi·
1199 3408 1241 3419 --

1274 505 1345 558 1066
1362 519 1406 560 ex.

1263 576 1417 630 -1oeutn

1 3542 2 3549 ,
66 3488 104 3553 ad
133 3488 349 3573 patrocinium
378 3482 530 3554 almitatis
559 3492 681 3555 vestm
708 3488 890 3570 referimus,
919 3486 1003 3571 quod
1033 3486 1129 3554 mem
1158 3488 1243 3553 iam·
1359 3481 1362 3489 “

65 3603 190 3687 pridem
219 3603 260 3669 ad
289 3612 363 3669 vos⁰
386 3600 567 3689 peruenisse
590 3603 808 3687 cognorimus,
837 3602 877 3670 do
899 3603 1118 3669 crudelissima
1140 3608 1174 3670 et
1193 3604 1243 3669 in·

1 3730 2 3743 ¹
65 3720 175 3785 audita
203 3738 280 3785 nece
309 3718 465 3803 designati
493 3718 733 3787 Trsrorensium
761 3713 929 3805 episcopi⁸.
970 3718 1031 3797 Qui
1061 3718 1242 3785 christianus

132 3911 155 3943 ι
179 3896 240 3943 sicut
255 3920 279 3928 -
292 3897 430 3955 persistetis.
454 3896 561 3945 Preteres
576 3895 656 3943 eraB.
724 3896 747 3942 b.
771 3894 887 3943 direxistis
908 3896 935 3943 G.
998 3910 1018 3943 c.
1042 3894 1071 3942 ll.
1088 3896 1155 3951 m,
1172 3894 1241 3942 Hein-

64 3974 104 4022 riei
119 3974 147 4022 G.
212 3976 236 4023 d.
257 3976 409 4023 a-eanelae
426 3974 506 4023 orell.
569 3990 588 4023 e.
610 3972 759 4023 exortatieuls
775 3974 875 4023 exordiis
887 3972 915 4021 6.
976 3974 994 4021 f.
1016 3976 1201 4034 expurgationem
1212 3974 1242 4021 B.

1263 3616 1332 3670 1066

1262 3689 1333 3735 lunl

64 4054 265 4113 emmane.
352 4054 484 4103 nmo
572 4054 729 4103 r.soomv,
816 4053 1010 4103 nemo.
1103 4053 1241 4114 ripae.
1361 4040 1369 4052 “

64 4147 91 4179 ι.
114 4149 166 4181 nou
180 4147 305 4195 pessume
321 4134 433 4193 corrigere
446 4133 519 4189 VZB,·
539 4146 585 4181 non
605 4135 734 4194 possimus,
754 4135 783 4181 ab
803 4134 855 4195 ipso
875 4134 959 4193 corrigi
980 4132 1006 4180 6.
1100 4147 1122 4180 n
1147 4136 1194 4179 tum
1215 4132 1242 4180 d.

65 4225 85 4257 o.
107 4214 139 4261 ed
156 4227 197 4261 ros
212 4229 257 4262 erre
274 4212 301 4261 d.

135 4338 162 4392 1.
181 4350 225 4406 ep.
238 4336 273 4390 31
293 4350 378 4405 supra
394 4351 421 4405 p.
435 4336 479 4391 59.
559 4337 585 4391 2.
604 4338 668 4406 post
686 4334 758 4390 diem
776 4336 795 4389 8
812 4333 880 4405 Aps.
895 4336 973 4390 1067.
1055 4335 1082 4389 3.
1101 4332 1241 4391 cuononis

64 4424 224 4494 (praepositi
243 4423 425 4491 coloniensis)
444 4423 489 4479 die
510 4426 523 4479 l
542 4423 613 4479 Iunii
633 4424 701 4479 1066
719 4439 737 4477 u
754 4421 971 4478 'l'reversueibus
988 4420 1133 4481 interleed.
