3142 4850
282 341 286 346 ·
320 307 385 372 648
605 325 728 374 necrus
751 327 830 372 vrrs
854 325 1011 374 carosus.
1045 327 1112 373 ure.
1126 327 1153 373 11
1177 323 1211 374 la

214 499 284 554 1125
321 504 391 550 cum
426 484 565 550 lacrimis
597 486 716 568 gratias
744 484 888 569 agebant.
984 485 1083 568 igitur
1109 486 1323 552 samab'mimo
1350 486 1488 572 paschali

194 572 260 619 ’Μ’
272 574 301 620 ²⁸
321 598 451 666 sabbato
475 600 529 666 diu
543 600 704 667 viduatam
729 620 879 686 sponsam
893 619 983 666 suam
1002 601 1235 666 amantissimus
1257 606 1348 686 pater
1369 601 1488 685 reuisit,

303 714 486 800 'locumque
509 698 780 782 Threstatensem·
803 716 975 799 ingressus,
1002 716 1046 782 ibi
1069 717 1256 783 reuerendus
1278 737 1368 784 sacre
1387 719 1489 784 nomm

320 829 446 913 vigilias
468 849 556 896 more
580 830 733 917 solempni
756 831 888 917 peregit

195 969 259 1016 ears
272 971 302 1017 aa
408 944 502 1011 Mune
525 947 629 1030 primo
650 946 890 1013 resurrectionis
905 945 1060 1012 dominice
1082 945 1276 1032 splendidior
1290 944 1385 1012 solito
1399 945 1490 1012 nobis

320 1079 434 1126 aurora
457 1061 597 1145 refulsit,
627 1061 788 1145 geminata
815 1080 874 1126 nos
903 1062 1029 1148 excepit
1055 1061 1176 1127 leticia:
1205 1068 1271 1126 tam
1298 1060 1489 1127 iocunditate

177 1217 180 1224 ·
320 1176 478 1262 paschalia
501 1177 573 1243 festi
598 1197 691 1263 quam
715 1178 809 1244 etiam
834 1175 971 1242 adventu
993 1176 1039 1262 pii
1059 1161 1185 1243 Ottonis
1206 1175 1374 1242 illustrata
1410 1175 1488 1241 Nam

320 1292 467 1358 universo
491 1292 575 1358 clero
603 1299 635 1359 et
662 1292 779 1380 populo
801 1292 977 1358 coadunato
1003 1291 1175 1375 multisque
1202 1290 1439 1360 honorabilibus
1459 1298 1490 1357 et

320 1407 501 1473 reverendis
518 1409 651 1476 aliorum
668 1408 811 1494 patribus
826 1407 1027 1473 cenobiorum
1043 1407 1253 1494 presentibus,
1275 1426 1377 1473 novus
1392 1407 1489 1473 nostri

319 1521 472 1608 temporis
496 1524 667 1609 apostolus,
692 1523 860 1590 destructis
883 1521 967 1609 apud
990 1521 1140 1588 barbaros
1163 1523 1264 1609 portis
1282 1523 1405 1606 mortis,
1428 1523 1489 1589 ric·

319 1633 370 1704 tor
394 1639 529 1722 rediens,
552 1639 715 1706 ecclesiam
740 1659 831 1705 suam
853 1657 925 1704 cum
947 1638 1109 1724 triumpho
1130 1637 1229 1704 nobili
1251 1638 1429 1722 ingreditur
1449 1643 1487 1720 et,

320 1755 442 1821 cunctis
464 1775 523 1840 pra
543 1755 658 1839 gaudio
680 1753 838 1838 dentibus,
861 1774 933 1820 eum
949 1759 1043 1820 centn
1065 1753 1223 1840 paschali:
1246 1755 1417 1821 Advenisse·
1436 1757 1487 1820 de·

320 1871 501 1936 aideuda'le'a
535 1871 620 1936 omni
656 1871 826 1937 devocione
864 1869 1021 1956 spirituali
1061 1870 1241 1955 suscipitur.
1293 1869 1375 1936 Erat
1407 1869 1488 1956 apud

321 2003 430 2052 omnes
459 1986 609 2069 gaudium
638 1985 777 2051 lacrimis
799 1986 912 2053 intime
934 1986 1183 2072 compunctionis
1212 1986 1423 2070 permixtum,
1455 1991 1489 2052 ut

321 2101 401 2166 solet
424 2121 492 2168 esse
515 2102 547 2167 in
571 2103 653 2167 caris
676 2103 809 2168 morturie
830 2102 1042 2181 resuscitatis3
1071 2105 1254 2167 cunctorum
1277 2120 1371 2167 voces
1391 2102 1489 2167 inedi-

320 2215 405 2282 cibili
429 2215 623 2282 iubilationis
646 2218 802 2283 suavitate
825 2219 965 2282 Alleluia
987 2217 1189 2298 resonabant,
1216 2217 1352 2302 strepitu
1374 2223 1488 2300 quantu

319 2330 455 2398 humane
489 2351 581 2398 aures
609 2351 723 2418 capere
751 2332 803 2397 vix
838 2337 977 2418 possent
1025 2330 1178 2397 Omnibus
1207 2332 1291 2398 enim
1321 2333 1490 2398 verisimile

319 2448 494 2531 videbatur,
519 2448 582 2513 acsi
598 2448 757 2514 Christum
783 2468 802 2513 a
824 2454 926 2514 morte
948 2452 1164 2529 resurgentem
1187 2449 1401 2534 susciperent;
1424 2448 1490 2515 Deo

319 2562 439 2647 laudes,
463 2563 531 2630 Deo
554 2563 684 2647 gratias,
715 2563 802 2629 uullo
824 2568 959 2646 tacente,
988 2563 1132 2630 unanimi
1153 2562 1355 2650 psallentium
1380 2564 1490 2631 affectu

319 2678 559 2764 concrepabant.
603 2678 720 2746 Omnes
746 2679 952 2746 reverendam
980 2679 1048 2745 eine
1076 2679 1228 2745 caniciem
1258 2683 1291 2744 et
1319 2678 1489 2763 mgelicnm

319 2794 431 2861 faciam
448 2794 555 2860 videre
578 2794 768 2877 gestiebant3
792 2795 897 2860 cuncti
920 2796 1017 2881 pedes
1033 2795 1112 2878 eins,
1137 2793 1300 2877 euangelio
1317 2795 1405 2881 pacis
1419 2815 1490 2861 con·

322 2916 475 2994 sacratas,
505 2908 681 2977 exosculari
704 2910 894 2994 gaudebant.
932 2909 1052 2987 Quibus
1074 2908 1135 2975 ille
1157 2910 1287 2976 uerbum
1310 2910 1372 2976 Dei
1400 2910 1491 2977 solite

322 3032 488 3092 eructuans
512 3024 686 3108 dulcedine,
711 3026 871 3109 magnalia
893 3026 1010 3092 Christi
1034 3031 1067 3091 et
1088 3026 1324 3093 conversionem
1344 3025 1490 3093 Pomoru-

321 3142 391 3207 nioe
418 3142 521 3224 gentis
550 3142 702 3207 narrabat
733 3147 764 3207 ct
793 3146 976 3207 cunctorum
1005 3140 1136 3207 adactus
1164 3141 1205 3207 ad
1232 3142 1489 3209 considerandam

321 3254 427 3321 divine
449 3256 576 3341 pietatis
600 3256 734 3339 gratiam
764 3254 819 3321 illo
843 3276 905 3341 qno
933 3257 1003 3343 ipse
1026 3257 1157 3325 ardebat
1179 3258 1320 3324 caritatis
1345 3258 1421 3341 igue
1442 3276 1490 3324 ac-

320 3370 483 3437 candebat.

410 3486 535 3553 Exinde
562 3487 717 3553 incertam
746 3487 884 3553 humane
905 3488 970 3554 uite
997 3492 1114 3554 metam
1143 3486 1327 3568 abendune,
1354 3488 1491 3575 illudque

323 3601 362 3668 de
384 3600 464 3669 libro
488 3603 571 3668 beati
587 3602 642 3671 lob
665 3602 793 3668 assidua
808 3602 1012 3669 meditatione
1028 3602 1211 3670 resolvens:
1237 3604 1364 3688 Neeeio,
1382 3630 1491 3693 quen·

322 3720 379 3783 da'o
400 3719 567 3785 ecberhtum
596 3732 623 3783 et
645 3719 675 3782 ec'
699 3732 773 3805 poet
794 3722 952 3785 modicam
973 3720 1065 3786 tollet
1085 3742 1135 3785 ote
1151 3722 1266 3805 factor
1285 3718 1401 3802 Μ’,
1429 3742 1492 3787 om-

321 3833 391 3915 nia,
420 3852 480 3916 que
503 3832 620 3898 dudum
649 3832 867 3917 inchoaverat,
897 3835 1099 3901 cenobiorum
1122 3840 1156 3901 et
1177 3834 1381 3903 ecclesiarum
1405 3842 1492 3925 septa

323 3948 508 4031 quantocius
532 3965 749 4013 consummare
772 3948 976 4016 accelerabat.
1012 3949 1132 4017 Sedet
1156 3952 1345 4018 necessariis
1367 3953 1492 4037 quibus·

323 4082 384 4146 que
413 4060 572 4126 domicilia
601 4066 633 4126 st
661 4061 832 4147 hospitalia
859 4083 1036 4150 pauperum
1064 4065 1184 4133 Christi
1212 4072 1249 4133 ut
1275 4067 1378 4134 bonus
1406 4074 1492 4155 pater
1566 4149 1567 4164 χ

322 4174 459 4241 familias
483 4174 673 4242 sufficienter
696 4179 896 4246 accumulare
924 4182 1103 4264 satagebat,
1130 4180 1201 4266 nel,
1229 4182 1357 4267 siquid
1384 4184 1418 4249 in
1446 4183 1491 4249 bia
1566 4171 1567 4260 ἶ

322 4290 499 4372 neglectum
521 4289 614 4373 foret7
638 4292 676 4357 de
699 4294 843 4359 mercede
866 4314 925 4361 sua
946 4296 1140 4363 subtractum
1165 4304 1277 4384 postea
1299 4299 1429 4368 doleret.

393 4440 414 4473 a.
437 4426 639 4477 Termstatensem
654 4432 686 4479 B.
779 4433 802 4479 b.
825 4436 852 4481 nt
869 4433 893 4483 C.
1070 4428 1096 4481 l.
1114 4426 1174 4484 Iob.
1186 4427 1231 4498 32,
1250 4428 1295 4484 ᾖ.
