3142 4850
337 265 403 330 266
721 281 886 329 unsnmm
909 281 1035 329 conum
1075 277 1125 330 mo

213 458 320 513 c.1110
337 446 426 524 odio,
455 445 532 508 dum
560 456 670 509 couora
693 443 859 530 quemlebet
885 443 1103 508 aduersarium
1128 442 1286 523 molimur,
1317 447 1402 508 cuum
1427 443 1485 506 odrb

335 562 567 645 corrumpimur
573 583 585 636 ,·
609 581 725 640 amore,
750 561 827 624 dum
848 561 951 624 acuon
973 558 1023 622 uei
1043 561 1224 644 propinquo
1242 571 1406 644 praestum
1425 579 1485 623 core·

334 669 514 741 teudimus¹.
556 673 698 751 Quatnor
724 674 788 740 ista
817 674 845 740 si
873 673 907 738 in
936 672 1081 739 humanis
1109 673 1235 740 iudiciis
1261 673 1392 740 vitands
1417 677 1486 754 suni,

333 790 433 855 multo
457 790 558 873 magis
580 790 616 856 in
636 788 859 857 claustralibus
882 792 914 855 eb
936 787 1165 855 ecclesiasticis.

422 904 493 970 Huc
522 906 616 971 etiam
649 905 785 989 accedit,
822 903 905 988 qnod
934 908 1044 970 eontra
1073 905 1292 971 auctoritatem
1321 903 1488 970 cmcnimn

333 1040 406 1086 eum
429 1041 448 1086 a
470 1021 689 1088 communione
711 1027 819 1088 restra
842 1020 1008 1107 expulistis
1030 1019 1256 1102 indiscussum,
1280 1019 1488 1101 inconvictum,

332 1135 573 1202 inconfessum·.
664 1137 824 1203 Adrianus
841 1136 924 1202 enim
946 1155 1031 1222 papa
1051 1133 1235 1222 capitu102:
1259 1137 1372 1217 Iader,
1397 1137 1488 1202 orim-

331 1274 444 1317 mosum
467 1255 646 1334 discutiens,
670 1276 735 1318 uou
758 1266 832 1319 oute
854 1253 1036 1318 ranimirum
1053 1253 1211 1338 proferor,
1237 1274 1333 1338 quom
1356 1265 1412 1318 aaa
1429 1271 1489 1316 reus
1555 1325 1556 1328 Ἴ

331 1371 400 1453 ipse
414 1370 595 1452 confiteatur·
610 1382 667 1434 aut
677 1393 739 1456 per
753 1382 842 1435 testes
857 1371 985 1434 icioume
1000 1362 1229 1433 oouuinoacur’.
1263 1366 1343 1433 Item
1354 1365 1491 1442 Eleuthe-
1555 1459 1556 1464 η

331 1482 397 1548 rius
413 1503 498 1570 papa
509 1484 647 1569 capitulo
660 1486 697 1549 3:
714 1486 868 1550 ludariae
881 1507 945 1550 uou
960 1485 1102 1550 modicae
1116 1485 1161 1548 ad
1174 1486 1367 1570 quamdam
1380 1485 1491 1551 dardae
1555 1509 1556 1552 z

331 1611 413 1680 suut,
436 1623 477 1664 ue
491 1600 617 1686 aliquid
636 1599 790 1688 propere*
813 1603 870 1686 api
890 1621 1115 1686 aquarumque
1136 1613 1229 1686 parte
1241 1601 1404 1678 aidanum
1427 1601 1492 1686 quio

326 1737 389 1801 per
410 1720 639 1802 surreptionem
661 1717 760 1782 mubu
784 1720 986 1803 proemium.
1027 1715 1138 1782 Niobii
1159 1729 1263 1781 tamen
1285 1717 1404 1802 absque
1426 1717 1492 1802 lepi-

330 1832 406 1896 mmo
429 1845 458 1896 eo
486 1833 598 1897 idoneo
630 1846 810 1898 accusatore
829 1833 904 1917 Jiat.
943 1831 1031 1898 Nam
1059 1845 1087 1897 et
1114 1834 1260 1897 domiuus
1287 1845 1391 1898 noster
1416 1832 1494 1897 Iesus
1554 1911 1556 1914 Ι

331 1945 471 2013 Obrutus
490 1948 605 2013 Iudam
618 1949 731 2034 furora
754 1971 819 2014 esse
840 1950 974 2026 sciebam·
997 1950 1052 2013 sed
1074 1951 1151 2033 quio
1172 1969 1238 2012 nou
1259 1960 1304 2013 eoi
1326 1961 1492 2026 aermnae,

329 2085 394 2128 uou
409 2077 454 2129 esi
469 2067 597 2141 eiectum·
618 2077 646 2130 er
663 2067 817 2150 quicquid
831 2068 913 2130 iuter
930 2065 1088 2150 apostolos
1105 2066 1177 2148 epit,
1191 2086 1252 2149 pro
1272 2065 1426 2150 dipuimue
1440 2065 1492 2127 mi-

328 2181 454 2244 nisterii
467 2193 572 2246 recum
586 2174 729 2246 mansii.
758 2179 838 2246 Ibem
850 2178 1091 2262 Cartagmense⁸
1107 2177 1273 2244 concilium
1289 2178 1429 2264 capitula
1444 2179 1493 2243 19:
1555 2253 1556 2256 Ἴ

329 2295 406 2360 Nou
428 2298 640 2382 suspendatur
654 2321 675 2360 a
690 2299 915 2377 commuuione,
940 2299 993 2362 oui
1014 2299 1130 2362 uiuum
1152 2297 1335 2376 interdicas,
1359 2299 1434 2377 nabi,
1456 2294 1495 2360 ad

329 2419 458 2476 oausam
480 2433 571 2478 ruam
593 2414 759 2479 dicendum
781 2413 883 2478 electis
906 2413 1063 2479 iudicibus
1085 2414 1137 2479 die
1158 2425 1274 2479 staura
1294 2412 1407 2479 litter-ir
1430 2432 1494 2477 euo-

329 2527 444 2609 cetur‘,
460 2531 589 2594 minime
600 2532 770 2595 occurrerit
776 2524 796 2593 ⁴.
825 2528 884 2606 Qui
901 2527 984 2594 enim
1001 2532 1175 2611 accusatur,
1190 2546 1255 2592 non
1271 2528 1379 2594 statim
1395 2525 1496 2593 erimi-

327 2664 423 2709 nesus
446 2650 505 2728 est,
528 2644 585 2711 sed
608 2643 662 2728 qui
677 2642 873 2710 convincitur
891 2648 946 2710 aui
960 2642 1135 2710 confitetur.
1170 2642 1336 2729 Episcopis
1352 2662 1494 2728 namque,

328 2759 453 2844 quando
476 2766 664 2826 accusantur
678 2760 712 2824 in
734 2757 874 2845 synodis,
898 2759 1111 2825 conceduntur
1126 2777 1227 2825 annus
1242 2762 1275 2824 et
1289 2778 1346 2825 sex
1364 2778 1495 2841 menses,

326 2874 376 2941 vel
399 2876 439 2940 ad
462 2876 567 2942 minus
590 2876 754 2960 quinqua,
782 2880 818 2941 ub
846 2873 1025 2941 defensores
1053 2880 1086 2941 et
1112 2879 1209 2941 testes
1238 2872 1286 2941 se‘
1308 2878 1497 2961 praeparent

326 2995 438 3057 contra
459 2990 676 3072 insidiatorem
699 2990 848 3074 nullaque
863 2991 1027 3077 priventur
1043 2989 1271 3074 communione,
1296 3010 1388 3058 snum
1404 2992 1496 3077 plane

326 3111 455 3189 agentes
479 3105 627 3174 officium.
667 3105 736 3172 Hoc
757 3125 832 3173 vero
856 3106 986 3190 reliquis
1015 3105 1177 3172 ordinibus
1200 3107 1403 3174 oneratione
1424 3126 1496 3173 con·

326 3222 429 3304 renit3
454 3222 538 3306 quia,
562 3222 646 3307 quod
668 3221 806 3288 selebin
831 3222 954 3306 maiori,
977 3221 1062 3289 vaiet
1082 3221 1118 3291 iu
1139 3222 1269 3305 mineri;
1294 3222 1495 3308 membraque

325 3337 482 3423 capitibus
503 3337 722 3423 disponuntur.

413 3452 557 3519 Domnus
573 3472 646 3519 vero
663 3452 806 3535 H(ezelo)
830 3454 858 3519 si
880 3452 982 3518 adbuc
998 3453 1039 3518 ad
1056 3452 1249 3520 audientiam
1264 3458 1414 3521 venturus
1435 3458 1496 3535 esi,

324 3567 413 3654 prius
436 3589 511 3651 erga
533 3588 606 3634 eum
628 3572 753 3655 oporiet
766 3568 893 3635 decreta
907 3574 1035 3654 patrum
1050 3569 1185 3636 serrari:
1210 3574 1247 3635 ut
1268 3568 1495 3656 praelationem

324 3684 507 3751 societatem
546 3704 666 3770 suaque
697 3684 838 3767 legibns⁸
865 3683 988 3751 babeat.
1091 3684 1270 3771 Stephanus
1300 3686 1385 3753 enim
1411 3703 1496 3773 pepe

325 3799 463 3885 capitulo
480 3802 500 3865 8
523 3801 583 3866 ait:
607 3802 725 3866 Nullus
740 3804 937 3867 sacerdotium
958 3806 1105 3867 aceruos-i
1124 3816 1226 3889 potest
1239 3814 1296 3867 auc
1308 3802 1494 3889 respuerim

323 3920 390 3982 suis
405 3916 638 3982 aomuoooribua
654 3918 750 3998 debu,
770 3920 961 4003 priusquam
975 3918 1164 4003 ripaursa
1178 3930 1306 3984 coeamus
1321 3920 1363 3983 eii
1377 3919 1493 3984 iocum-

324 4055 384 4118 pue
412 4033 602 4117 camenae
623 4045 679 4097 aui
705 4034 892 4119 inquirendi
913 4036 1053 4120 occipiat
1074 4035 1118 4099 ad
1146 4034 1304 4099 abluenda
1332 4026 1492 4100 cumaei

393 4169 413 4201 e.
437 4156 597 4201 inconcussum
607 4155 637 4200 B.
715 4155 737 4201 b.
760 4168 857 4215 propere
873 4156 971 4203 noemin
986 4156 1174 4217 praepropereV.
1248 4170 1268 4204 c.
1291 4156 1448 4217 &meginense
1459 4154 1491 4201 B.

324 4234 347 4281 d.
368 4236 463 4279 recatus
479 4234 508 4281 B.
602 4248 621 4280 e.
645 4248 686 4280 sex
701 4234 731 4281 B.
824 4233 840 4281 i.
864 4234 908 4282 sibi
924 4236 952 4283 B.
1046 4250 1068 4294 g.
1091 4237 1174 4284 omB.

395 4322 420 4374 1.
439 4318 539 4374 Bureb.
552 4317 626 4374 decr,
638 4319 706 4375 XVI
723 4320 767 4375 28.
841 4322 866 4376 2.
885 4320 986 4377 Bureb.
999 4320 1150 4379 decr.le
1164 4324 1190 4377 6.
1262 4324 1289 4379 b.
1307 4320 1491 4378 Berenicen

322 4406 390 4463 XVI
407 4407 452 4461 30.
514 4406 844 4465 4.Buran.deer.1160.
903 4410 930 4465 5.
948 4410 1164 4467 Decrest.1s.
1177 4410 1380 4468 ed.Hinsebins
1395 4408 1489 4480 p.185.
