3142 4850
279 294 346 359 522
468 347 472 353 .
565 314 753 362 sermonen
774 314 1055 365 armunensem.
1089 311 1180 367 atae

156 482 227 567 llis
280 472 395 539 domno
417 472 567 558 Oddone,
593 479 699 541 vestro
721 474 850 557 intimo,
878 474 988 541 divina
1009 475 1207 543 ordinatione
1229 476 1362 543 foetam·
1385 481 1459 543 tam

111 557 165 603 '¹¹²⁰
176 556 265 603 Μ
280 596 358 675 aput
378 589 592 675 inperatorem
615 610 710 676 quum
733 590 819 677 apud
840 590 992 657 domnum
1006 590 1225 677 Mogontinum
1243 591 1460 678 arehiepiseo-

279 701 373 791 pom¹
397 712 502 771 vestra
524 706 688 773 nobiseum
709 706 743 773 in
766 705 904 773 Domino
927 708 1054 773 studere
1077 707 1225 791 dignetur
1245 708 1411 795 sapientia
1469 796 1478 809 υ

368 820 559 908 Porroipse
582 822 716 888 domnus
736 820 939 905 Mogontinns
962 827 1103 889 nostram
1126 843 1184 910 pro
1206 843 1242 891 eo
1261 823 1461 907 legationem

279 941 312 1004 et
343 938 552 1022 presentiam,
585 938 686 1023 ipsias
715 937 811 1005 mam
841 958 1010 1024 personam
1044 939 1215 1007 elementer
1243 939 1382 1025 suscepit
1409 944 1462 1023 et,

279 1051 382 1119 doetb
404 1072 511 1120 seeum
534 1053 576 1119 ad
598 1053 749 1119 domnum
772 1055 984 1139 inperatorem
1007 1054 1119 1137 legetis
1134 1056 1262 1140 nostris,
1284 1054 1463 1121 eonsilium

279 1188 372 1235 suom
390 1173 427 1235 et
440 1168 580 1237 fororem
598 1169 768 1252 benignum
784 1170 875 1236 nobis
890 1170 1027 1237 Domino
1049 1178 1255 1257 prosperante
1274 1170 1462 1257 promisit!

279 1282 438 1369 Ceterum,
462 1284 590 1350 a‘eurio
612 1303 739 1353 reverso
761 1304 821 1351 uos
844 1286 905 1353 sibi
925 1284 1144 1355 Selikenvelde
1166 1307 1224 1373 pro
1246 1286 1463 1370 intelligendo

278 1405 406 1466 nostrm
428 1400 593 1486 petitionis
615 1399 678 1466 fine
700 1400 899 1469 bKalendos
914 1400 996 1469 lunii
1019 1402 1145 1469 obviam
1169 1404 1275 1471 venire
1298 1403 1461 1490 preeepit.

278 1513 347 1593 Quo
358 1520 496 1583 vestram
510 1515 698 1599 legationem
716 1536 789 1583 eum
804 1517 919 1585 litteris
935 1522 968 1585 et
980 1517 1103 1587 idoneis
1117 1519 1240 1587 anneis
1251 1520 1285 1585 iu
1296 1518 1463 1585 auxilinm

277 1637 420 1699 nostrum
436 1630 541 1715 dirigi,
564 1651 638 1699 eom
659 1632 775 1700 intima
788 1632 954 1701 deuotione
969 1638 1002 1701 et
1015 1635 1117 1701 nonni
1134 1640 1279 1721 respectu
1301 1654 1463 1717 rogamus

277 1764 413 1813 sermon.

279 1960 341 2032 28.
368 1960 569 2027 Innocentius
585 1961 628 2028 II
643 1984 744 2050 papa,
769 1962 924 2029 Lottaiio
941 1963 1003 2030 ΙΙΙ
1019 1966 1209 2051 imperatore
1224 1964 1327 2049 facto,
1351 1967 1465 2031 iotar-

293 2157 297 2163 !
367 2079 455 2158 aas,
478 2100 517 2145 oe
538 2080 574 2143 in
595 2101 692 2164 rapae
711 2078 903 2147 Tbeatoaieo
927 2083 984 2166 qai
997 2082 1041 2145 ad
1056 2084 1274 2168 episcoporum
1288 2080 1467 2147 attam

368 2217 427 2281 que
442 2216 573 2261 manera
587 2196 709 2261 admoti
720 2199 795 2275 siat,
811 2196 968 2281 repeliunt
982 2199 1171 2283 imperatore
1184 2218 1249 2263 noa
1266 2197 1466 2284 compellato

362 2312 557 2397 potiaatar⁸.

191 2459 261 2515 1133
369 2493 511 2511 .......
541 2442 786 2529 miultipllieiter
814 2443 979 2527 eeclesiam
1008 2445 1100 2514 filiali
1128 2444 1290 2514 affeotione
1317 2444 1468 2530 diligere

185 2534 261 2581 ¹⁸²⁸
279 2566 311 2628 et
333 2579 404 2628 eam
427 2580 447 2627 a
467 2579 639 2647 pravorum
661 2559 824 2626 bominum
845 2560 1047 2630 infestatione
1064 2581 1097 2628 m
1110 2609 1118 2628 .
1130 2613 1138 2628 .
1152 2592 1165 2628 ;
1174 2609 1466 2631 .............

278 2724 622 2745 ................
646 2675 713 2757 (adt
736 2675 928 2761 apostolieae
944 2677 1028 2746 sedis
1048 2677 1291 2746 sollieitudinem
1306 2683 1470 2764 spectare

278 2793 492 2877 oognoseitur,
521 2798 558 2858 ut
580 2792 620 2858 ad
643 2791 868 2858 exaltationem
891 2793 981 2876 regni
1004 2800 1035 2860 et
1058 2795 1202 2862 deeorem
1230 2794 1355 2881 imperii
1376 2795 1469 2863 dili-

279 2914 389 2993 genter
410 2907 602 2991 invigtilare)
726 2909 760 2973 iu
783 2957 971 2976 .........
996 2910 1149 2995 (rlobore,
1175 2915 1362 2996 cooperante
1386 2911 1470 2980 Do-

279 3025 382 3108 mino,
409 3028 537 3108 satagat
561 3024 729 3090 custodire.
821 3023 967 3092 Ceterum
996 3045 1150 3112 personae
1177 3030 1251 3092 tuoe
1277 3023 1470 3112 probabilia

278 3141 313 3207 in
340 3138 402 3206 fide
429 3139 585 3206 eatboliea
610 3138 745 3206 firmitas
773 3145 806 3206 et
834 3159 1039 3227 perseverans
1067 3142 1101 3208 in
1130 3140 1216 3223 (Dei)
1243 3159 1349 3208 amore
1374 3161 1469 3211 oon-

279 3255 402 3324 stanoia
416 3260 557 3322 sanomm
573 3255 738 3339 eoelesiam
749 3255 923 3322 Romanam
940 3277 976 3322 eo
992 3256 1093 3340 magis
1109 3257 1170 3324 sibi
1185 3256 1259 3324 feeit
1269 3256 1468 3347 obnoxiam,

280 3391 341 3457 quo
364 3377 397 3437 te
418 3371 610 3456 ferventius,
639 3371 783 3455 alongis
805 3377 890 3440 retro
920 3372 1117 3458 temporibus
1146 3373 1292 3460 operibns
1319 3374 1469 3458 pietatis

278 3487 518 3571 insiatientem),
542 3492 665 3554 tantum
687 3486 829 3555 laborem
854 3507 910 3574 pro
933 3488 1183 3556 scismatieorum
1208 3489 1402 3559 enutritione
1430 3501 1470 3562 et

278 3603 466 3672 liberatione
486 3603 626 3672 fidelium
649 3604 847 3672 evidentibus
861 3603 987 3670 indioiis
1004 3606 1213 3692 assumpsisse
1228 3605 1468 3692 oonspieimus.

368 3719 437 3786 Hae
456 3720 564 3804 itaque
578 3720 702 3786 ratione
722 3718 846 3786 indueti
869 3719 914 3799 (et
929 3722 982 3804 ex)
1005 3721 1228 3789 sublimatione
1242 3727 1297 3788 tna
1310 3721 1470 3794 frustum

279 3836 454 3903 maximum
487 3839 652 3921 sperantes
682 3835 856 3902 catholicae
888 3836 1038 3917 ecelesiae
1065 3844 1098 3905 et
1129 3837 1299 3904 obristiano
1331 3842 1468 3925 populo

279 3956 516 4040 proventurum,
543 3953 670 4034 eognite
690 3952 825 4018 fratrum
847 3957 1026 4019 nostrorum
1051 3953 1271 4040 episeoporum
1294 3959 1326 4020 et
1347 3957 1468 4024 eordi-

279 4069 399 4136 nalium
426 4068 545 4152 (atque)
573 4067 728 4133 nobilium
750 4067 963 4135 Romanorum
993 4075 1142 4158 prompta
1167 4069 1328 4138 uoluntate
1355 4077 1468 4158 atque

349 4261 370 4293 a.
393 4247 475 4294 iactam
490 4244 580 4292 addidi
650 4245 673 4292 b.
692 4245 773 4306 omisit
782 4260 802 4294 e.
873 4260 893 4294 o.
913 4246 1037 4308 Descripsi
1051 4247 1302 4296 camerinensem
1315 4247 1465 4300 Mirm

284 4324 433 4372 bibliothecae
447 4324 528 4386 sepiae
543 4323 700 4384 Monacensis,
716 4324 833 4386 quondam
849 4325 924 4374 codici
939 4326 1013 4376 totino
1029 4327 1168 4376 Monaeses·
1182 4329 1250 4378 esst
1264 4327 1427 4392 malatesta.

351 4431 377 4484 1.
396 4427 574 4486 adelbertum
592 4429 614 4485 1.
