3142 4850
286 226 329 291 56
655 243 821 290 unaxarer
844 242 970 288 connx.
1006 238 1049 289 aa.
1062 238 1097 289 29

200 419 269 474 1064
285 404 358 468 liter
381 404 523 468 fratrum.
559 403 625 468 Neo
643 423 700 485 ego
722 402 808 466 solus
828 401 906 467 hace
921 400 1083 466 sanctitati
1097 405 1223 466 vestrae
1238 419 1380 483 suggero,
1405 400 1461 466 sed

287 519 427 584 omnium
450 519 584 584 fratrum
610 519 753 603 querelas
778 523 810 583 et
832 537 941 602 preces
965 516 1004 581 ad
1027 523 1166 582 vestram
1183 517 1383 582 sanctitatem
1407 515 1461 581 de·

287 636 382 699 fero·.
416 634 516 717 Igitur
540 638 648 698 auctor
671 633 811 699 scandali
835 632 875 697 ad
896 636 1015 697 rectam
1038 632 1124 697 viam
1147 633 1333 698 auctoritate
1354 635 1462 697 vestra

286 749 454 815 reducatur
478 755 509 814 et
531 749 574 832 id,
599 749 681 833 quod
705 749 819 814 fratres
842 747 1060 812 scandalizans
1074 753 1217 833 usurpat,
1242 768 1280 814 ea
1293 751 1461 833 potestate,

288 884 349 949 qua
365 864 483 929 caelum
502 865 632 950 aperitis
649 870 680 930 et
695 864 851 947 clauditis,
869 865 1026 949 deponere
1037 869 1176 946 cogatur.
1209 863 1255 928 Et
1269 863 1462 928 itacessabit

287 981 470 1064 conquestio
508 980 657 1062 fratrum3
698 985 729 1046 et
765 978 900 1045 fideliter
934 978 1022 1044 vobis
1057 978 1214 1044 deserviet
1250 977 1460 1044 unanimites'

287 1095 495 1160 sacerdotum.

378 1208 457 1286 Qum
485 1229 541 1274 voe
575 1209 690 1274 olivam
718 1209 914 1275 fructiferam
947 1209 1105 1295 plantavit
1137 1208 1171 1273 in
1199 1209 1291 1274 domo
1319 1207 1461 1292 Domini,

289 1323 477 1410 multiplicet
499 1326 698 1390 sanctitatem
721 1329 859 1390 vestram
882 1331 918 1390 nt
939 1324 1066 1390 cedrum
1089 1322 1213 1389 Libani

766 1459 979 1468 --o—-u—-

292 1534 353 1604 29.
377 1535 529 1602 Caaoac'm'
550 1539 795 1623 Bamberyeaaca
818 1538 1020 1604 Adelbertam
1044 1537 1067 1602 I
1084 1538 1356 1623 archiepraeopam
1377 1538 1462 1604 Bre-

377 1675 511 1716 menaem
538 1667 668 1739 reparet,
692 1667 727 1718 ut
750 1655 834 1718 litem
856 1656 919 1719 aidi
939 1653 1063 1718 illatam
1084 1655 1119 1716 ira
1145 1649 1300 1718 Gaatderaf
1320 1656 1466 1739 ariocopi

376 1771 511 1834 reditum
534 1770 658 1854 defferri
679 1768 810 1834 iubenti
1318 1766 1359 1846 (E
1382 1768 1463 1850 206)

200 1911 269 1965 1065
375 1900 641 1967 Reverentissimo
673 1909 890 1968 sacrosanctae
912 1901 1092 1967 Bremensie
1118 1901 1268 1967 ecclesiae
1295 1897 1464 1987 episcopo¹

286 2015 325 2080 N.
349 2015 485 2082 decanus
515 2037 584 2082 curn
613 2019 776 2083 universo·
799 2015 1054 2100 Babenbergensi
1076 2016 1159 2082 clero
1184 2023 1252 2082 tam
1272 2021 1465 2103 perpetuam

288 2150 382 2214 quarn
405 2131 544 2196 debitam
567 2131 789 2199 devotissimae
810 2133 962 2198 orationis
984 2134 1203 2198 constantiam.

376 2245 465 2323 Quod
493 2247 526 2312 in
555 2252 644 2314 tanta
672 2268 777 2314 rerum
801 2249 1010 2314 humanarum
1037 2252 1226 2335 tempestate
1248 2247 1363 2314 vestris
1386 2267 1465 2315 con-

288 2361 367 2428 siliis
391 2368 497 2429 vestra
520 2365 706 2430 auctoritate
728 2371 795 2431 tam
817 2366 983 2448 negociosa
997 2365 1124 2451 imperii
1146 2364 1390 2430 amministratio
1413 2363 1465 2431 di-

287 2477 362 2543 vina
385 2479 594 2565 disposicione
618 2477 838 2563 gubernatur²‚
862 2480 1033 2547 universali
1056 2482 1191 2567 quodam
1209 2480 1324 2564 gaudio
1340 2500 1465 2565 omnes,

288 2613 365 2677 quos
380 2599 467 2661 recta
483 2596 569 2662 ducit
584 2596 785 2679 existimatio,
810 2583 1052 2682 amplectuntur.
1080 2596 1304 2663 Verumtamen
1326 2596 1466 2663 interius

287 2714 320 2775 et
342 2711 572 2794 quodammodo
595 2712 782 2779 familiarius
813 2712 890 2778 haec
914 2713 1059 2799 voluptas
1087 2713 1205 2779 nostris
1229 2712 1370 2778 illabitur
1391 2714 1466 2778 ani-

287 2826 363 2907 mis3
387 2832 497 2913 utpote
520 2829 584 2914 qui,
608 2829 726 2894 tociens
750 2827 844 2894 rebus
866 2827 999 2914 perditis
1021 2829 1141 2895 tociens
1159 2828 1344 2915 desperatis,
1367 2848 1466 2913 prae-

286 2943 500 3009 sentissimam
527 2945 561 3009 in
590 2943 678 3010 vobis
703 2963 813 3029 opem,
837 2944 997 3027 singulare
1024 2946 1058 3010 in
1086 2944 1175 3011 vobis
1204 2944 1328 3030 experti
1350 2964 1465 3011 sumus

251 3100 254 3107 -
284 3058 488 3143 praesidium.

377 3171 439 3238 Sed
472 3173 532 3238 etsi
561 3172 646 3238 nullo
675 3173 889 3259 experientiae
921 3179 1014 3257 gustu
1046 3174 1167 3257 gratiae
1196 3180 1320 3241 vestrae
1354 3178 1467 3243 suaui-

286 3294 384 3355 tatem
407 3288 604 3372 libassemus,
628 3290 803 3373 praesentis
826 3294 934 3355 tamen
955 3291 1107 3376 temporis
1125 3288 1294 3356 difficultas
1316 3298 1464 3375 urgeret:

285 3408 322 3469 ut
349 3424 406 3469 nos
431 3408 569 3487 vestrae,
595 3406 739 3488 quamvis
762 3404 994 3490 inexploratae,
1024 3406 1309 3473 committeremus‘
1330 3406 1466 3473 benivo-

285 3518 428 3584 lentiae⁸.
521 3518 682 3585 Summam
707 3540 781 3603 ergo
803 3522 851 3587 rei
873 3522 983 3607 paucis
1006 3520 1170 3587 advertite.

375 3633 511 3700 Domino
540 3630 666 3701 nostro³
689 3636 854 3722 praedium
878 3642 926 3702 est
948 3637 1212 3721 ecclesiasticum,
1242 3638 1325 3722 quod
1348 3637 1387 3703 N.
1404 3658 1466 3703 vo-

287 3755 387 3835 catur,
411 3750 550 3837 amplum
575 3772 650 3817 sane
674 3756 705 3817 et
727 3752 933 3836 fluctuosum,
958 3753 996 3818 de
1019 3772 1080 3837 quo
1098 3752 1264 3839 episcopus
1278 3752 1316 3818 N.
1334 3759 1466 3820 contro-

356 3914 375 3945 a
401 3900 473 3947 refero
488 3900 530 3959 ΡΖ,
548 3902 625 3948 deiero
646 3902 672 3948 d.
735 3904 758 3949 b.
782 3904 857 3950 unitas
873 3903 899 3950 G.
957 3916 976 3948 c.
1001 3902 1045 3959 Qui
1059 3902 1176 3949 -Libani
1191 3918 1234 3949 ona
1246 3903 1288 3949 VZ.
1350 3904 1374 3950 d.
1399 3920 1429 3951 ee
1444 3906 1469 3953 V

287 3980 421 4034 89-8av‚
440 3980 461 4025 Ζ
470 3982 652 4041 pam-189.
724 3997 743 4027 e.
767 3984 816 4028 toto
834 3981 858 4027 Z.
929 3982 945 4027 i.
969 3982 1147 4028 committerer.
1222 3996 1244 4039 g.
1268 3983 1390 4029 debeamus
1407 3984 1465 4030 alia

267 4074 357 4129 ‚mma
371 4059 398 4105 r'a
413 4059 519 4121 marytre
532 4061 553 4108 V
564 4060 670 4108 additum
686 4068 726 4109 eet

356 4166 382 4216 1.
402 4162 552 4219 adalberto
565 4164 584 4219 l.
667 4168 691 4219 2.
715 4166 793 4235 regni
811 4181 904 4220 curam
922 4166 1024 4219 scimus
1046 4165 1110 4220 inde
1128 4181 1146 4221 a
1164 4165 1255 4219 medio
1273 4163 1331 4219 tere
1348 4182 1373 4220 a.
1388 4166 1466 4223 1064

284 4264 373 4319 usque
391 4251 427 4305 ad
438 4259 597 4322 vergentem
617 4268 718 4309 annum
733 4256 803 4309 1065
815 4254 851 4309 ab
862 4252 1013 4310 Adalberto
1030 4259 1184 4309 sustentant
1197 4269 1266 4309 esse.
1337 4255 1364 4307 3.
1383 4253 1464 4311 Gun-

285 4337 361 4393 thero
381 4340 516 4410 episeopo.
