3142 4850
306 302 373 368 '120
608 320 786 367 ιιιιιιιιοιιιιι
808 318 989 367 nisuoous.
1024 320 1089 367 ura.
1107 320 1119 365 ι
1141 316 1177 367 no

208 485 279 539 1189
306 478 354 529 scd
370 477 477 528 honesto
494 493 616 542 persono,
635 476 725 541 quibos
742 476 829 541 utiquo
846 492 943 529 morum
960 484 987 527 at
1004 484 1083 527 status
1102 475 1213 541 dignitas
1232 476 1394 540 suffiagatrrr,
1411 472 1474 549 insti

200 559 289 605 12²3
307 566 478 617 ordinantur·.
514 564 584 615 Sane
605 564 631 613 in
649 565 774 625 canobiis,
797 580 846 630 qua
864 564 905 615 rol
923 564 1060 630 antiquitus
1078 563 1104 613 in
1122 572 1165 615 tna
1183 563 1316 629 parrochia
1332 570 1475 614 commota

307 664 366 705 aunt
382 654 423 703 rol
440 662 469 704 tu
485 653 542 718 ipae
560 652 699 703 devotionis
716 652 807 703 intrito
825 653 974 703 constituisti
992 668 1037 703 seu
1055 651 1110 703 aliis
1127 652 1199 703 iustis
1216 651 1297 702 modis
1309 650 1413 702 accinio
1429 660 1475 701 tue

306 743 378 792 unire
396 742 491 807 poteria
507 740 547 790 rol
565 740 597 790 ab
616 739 699 804 aliquo
718 740 838 805 deinceps
856 740 967 791 fidelium
984 740 1050 791 infra
1068 748 1137 791 tuam
1155 739 1272 792 diocesim
1291 740 1376 790 divina
1393 740 1474 805 inspi-

306 839 379 882 ranto
396 831 479 896 gratia
490 837 674 888 construentur,
692 844 764 879 sacre
781 827 909 895 religionis
920 829 1034 879 ordinem
1051 846 1153 881 manera
1165 828 1329 879 decernimus.
1353 828 1409 878 Neo
1425 826 1475 877 ali·

306 919 347 969 cui
364 917 447 979 liceat,
466 917 577 968 eiusdem
596 916 757 966 institutionis
775 917 880 967 formam
897 916 1022 967 ullatenus
1040 925 1196 982 permutarc;
1221 916 1269 967 nisi
1287 916 1351 967 sorte
1368 915 1402 965 ad
1419 931 1475 965 me-

306 1007 375 1057 lioris
402 1014 481 1056 status
504 1005 689 1070 prerogativam
712 1014 842 1070 prestante
860 1004 966 1055 Domino
990 1022 1136 1070 promovere
1155 1004 1268 1055 voluerit.
1301 1004 1356 1055 Noc
1380 1003 1406 1053 id
1426 1002 1476 1052 ali-

306 1096 376 1145 cuius
394 1092 515 1159 singulari
532 1092 624 1143 indicio
642 1088 840 1153 committatur⁵;
863 1093 909 1144 sed
927 1093 1035 1143 omnium
1052 1092 1258 1143 monasteriorum
1276 1092 1308 1142 ad
1326 1090 1476 1142 Babenbcr-

306 1198 411 1247 gennem
428 1181 560 1232 aoolesim
577 1180 754 1246 pertinentium
773 1190 819 1231 aut
836 1181 942 1233 sanioris
960 1182 1038 1247 partia
1051 1180 1153 1233 consilio
1170 1197 1201 1231 ac
1212 1196 1335 1231 οοιιιοιιιιι
1353 1179 1409 1231 lieri
1427 1179 1475 1230 de-

306 1271 368 1320 bere
385 1270 532 1320 sanccimus.
560 1267 589 1319 Si
606 1269 662 1334 quis
679 1279 764 1319 autom
781 1270 840 1321 huic
858 1278 943 1321 nostre
956 1268 1124 1320 constitutioni
1142 1276 1236 1319 temere
1254 1256 1378 1319 contraire
1391 1276 1476 1333 temp-

307 1356 411 1416 taverit,
435 1357 545 1407 secundo
568 1356 674 1406 tertiove
692 1358 870 1418 commonitus,
895 1358 983 1408 sinon
1003 1359 1095 1407 factum
1119 1374 1191 1408 suum
1209 1356 1286 1423 digna
1304 1355 1477 1407 satisfactione

307 1445 456 1504 eorrexerit,
484 1462 500 1494 a
523 1444 708 1495 sacratissimo⁰
730 1462 835 1511 corpore
863 1455 889 1495 et
916 1446 1039 1511 sanguine
1062 1444 1111 1495 Dei
1138 1462 1167 1495 ac
1191 1445 1284 1496 domini
1307 1428 1477 1509 redemptofls

307 1532 386 1584 nostri
408 1532 466 1582 lesu
488 1532 582 1583 Christi
604 1532 702 1584 odonna
725 1533 771 1585 fiat
794 1543 868 1601 atque
891 1534 918 1585 in
941 1544 1053 1585 extrem
1076 1534 1190 1585 omnine
1212 1533 1324 1585 districtc
1346 1532 1478 1583 subiaceat

307 1620 402 1671 ultioni.
431 1621 613 1671 conservantor
632 1621 728 1673 eisdem
744 1621 820 1683 locis,
839 1640 887 1689 quo
905 1622 972 1673 iusta
990 1630 1061 1683 sunt,
1080 1622 1256 1687 omnipotentis
1274 1621 1322 1671 Dei
1341 1629 1367 1671 at
1386 1622 1476 1672 beato·

306 1727 361 1759 rum
379 1708 548 1774 apostolorum
566 1708 636 1759 Petri
653 1718 680 1759 ot
697 1709 769 1759 Pauli
788 1727 818 1760 oc
835 1719 946 1761 nostram
964 1710 1070 1775 gratiam
1089 1714 1286 1774 consequantur“
1299 1711 1316 1760 ¹.

395 1807 466 1873 Hiis
488 1808 534 1873 ita
556 1829 589 1873 se
613 1806 809 1890 habentibus,
834 1829 937 1873 nonne
953 1808 1009 1875 tibi
1026 1808 1160 1893 videtur,
1184 1808 1310 1873 beatum
1327 1807 1478 1872 Ottonem

307 1924 400 2005 satis,
429 1927 581 2008 qnantum
611 1923 644 1985 in
672 1944 706 1987 se
728 1923 804 2005 fuit,
836 1924 1026 2009 providisse,
1056 1930 1091 1988 ut
1112 1922 1313 1987 inomnibns
1336 1922 1479 1988 cenobiis

308 2040 373 2104 suis
397 2038 473 2103 ordo
497 2047 528 2103 et
550 2043 640 2103 tenor
663 2037 824 2120 religionis
848 2059 946 2121 sacre,
972 2040 1025 2123 qui
1048 2059 1105 2124 per
1128 2040 1194 2103 eius
1211 2037 1407 2119 diligentiam
1428 2056 1481 2101 co-

308 2160 458 2238 operante
480 2152 616 2218 Domino
643 2153 806 2218 institutus
836 2159 900 2236 est,
930 2152 1061 2219 firmiter
1091 2150 1250 2239 perpetuis
1281 2150 1483 2237 temporibus

307 2268 532 2334 conservetur?
570 2268 681 2334 Nonne
709 2270 787 2333 satis
816 2274 924 2353 aperte
953 2269 1119 2333 sanctitum
1151 2274 1200 2332 est
1228 2268 1267 2333 ab
1291 2268 1484 2332 auctoritato

306 2384 459 2466 Romana,
481 2384 572 2449 utin
595 2384 712 2450 eisdem
737 2384 804 2450 eius
827 2384 966 2450 cenobiis
990 2388 1097 2450 sancte
1120 2383 1326 2448 institutionis
1342 2382 1483 2448 formam

306 2499 486 2566 nullatenus
509 2499 603 2564 alicui
626 2499 806 2564 mortalium
829 2499 924 2566 liceat
947 2503 1137 2584 permutare,
1161 2499 1222 2564 nisi
1245 2499 1326 2563 forte
1349 2498 1391 2563 ad
1414 2519 1485 2563 me-

306 2615 395 2682 lioris
420 2620 520 2681 status
545 2615 776 2700 prerogativam
794 2621 954 2700 prestante
970 2613 1106 2679 Domino
1124 2614 1257 2680 voluerit
1271 2613 1484 2699 promovere?

308 2732 368 2797 Hic
390 2753 424 2796 se
447 2736 595 2796 tueantur
617 2731 792 2795 novitatum
817 2731 1006 2796 inventores.
1051 2729 1181 2812 Dicant,
1210 2727 1292 2814 quod
1316 2728 1430 2792 dicunt
1453 2735 1487 2793 et

308 2846 392 2931 quod
415 2851 499 2911 certe
523 2845 705 2929 intendunt,
730 2845 864 2912 scilicet:
895 2847 933 2911 ad
957 2844 1097 2911 melioris
1121 2850 1221 2911 status
1244 2843 1487 2930 prerogativam

308 2962 491 3043 religionem
515 2968 654 3025 nostram
680 2981 713 3025 se
736 2961 816 3026 velle
838 2982 1033 3046 promovere.
1069 2961 1129 3027 Sed
1147 2959 1279 3045 qualiter
1303 2957 1345 3040 id,
1371 2979 1488 3042 queso,

309 3077 573 3157 cinerescant,
602 3075 669 3141 lieri
693 3076 838 3159 oportet?
874 3076 921 3142 lta
943 3078 1110 3157 nimirum,
1140 3082 1175 3140 ut
1197 3081 1396 3140 sacrosancte
1421 3074 1490 3140 Ro-

308 3211 403 3258 mane
426 3191 621 3257 auctoritatis
636 3190 775 3272 sigillum
790 3209 853 3254 non
870 3191 1012 3256 violetur.
1048 3193 1159 3277 Neque
1181 3193 1237 3257 loc
1253 3190 1356 3276 inquit
1371 3199 1490 3258 aucto·

308 3303 406 3373 ritas²
429 3310 563 3372 almodus
586 3308 746 3392 riopulnri
771 3307 890 3371 iudicio
915 3311 1140 3383 corintittaturu·
1169 3309 1224 3371 aed
1250 3309 1390 3370 omnium
1415 3329 1491 3372 mo·

307 3427 516 3489 anteriorum
539 3426 583 3486 ad
604 3423 892 3506 Babenberpeneem
915 3423 1075 3488 ecclesiam
1101 3425 1324 3508 pertinentium
1346 3435 1405 3486 aut
1432 3445 1491 3488 so-

307 3543 410 3604 niorr'r
421 3541 527 3624 portat
542 3538 673 3602 concilio
688 3559 727 3601 ao
741 3559 892 3602 consentu
906 3539 985 3621 fieri
998 3539 1106 3604 (isdem
1120 3539 1304 3601 rancdmua.
1396 3535 1493 3604 [uste

309 3674 394 3737 ergo,
418 3652 501 3736 quod
515 3651 632 3717 iustum
650 3656 708 3735 est,
732 3655 954 3736 exsequantur.
991 3651 1023 3718 Si
1041 3652 1115 3737 quid
1132 3650 1341 3732 adiciendum,
1361 3651 1389 3714 si
1408 3653 1494 3736 quid

308 3767 501 3835 reiciendum
535 3772 712 3851 temporum
741 3766 882 3833 locorum
912 3773 967 3832 aut
995 3787 1199 3852 personarum
1229 3767 1309 3832 ratio
1340 3767 1496 3850 postula·

308 3884 392 3950 verit
412 3919 454 3928 -
479 3881 563 3966 quod
586 3880 695 3965 utiquo
722 3902 779 3966 pro
803 3882 904 3948 soluto
927 3887 959 3948 et
980 3882 1084 3948 fructu
1109 3884 1302 3963 animarum,
1334 3899 1392 3966 pro
1420 3903 1496 3949 me-

245 4007 251 4018 ·
307 3997 475 4063 lioratione
498 4005 530 4063 et
552 4001 637 4061 statu
659 3996 861 4062 ecelesiarum
886 4001 918 4062 et
933 3996 1052 4063 ordinis
1074 3997 1271 4083 promotione
1294 3995 1496 4082 plerumque

381 4163 402 4194 a.
425 4145 606 4201 ordinaturNC,
623 4147 795 4192 ordinanturB.
867 4147 890 4193 b.
911 4148 1062 4192 commntrlur
1072 4145 1102 4200 Ν,
1120 4147 1273 4192 committatur
1285 4143 1331 4191 CB.
1408 4161 1433 4193 c.
1456 4163 1495 4195 ra·

308 4228 436 4273 cratissima
451 4228 512 4272 -et
527 4227 616 4281 om.N‚·
631 4225 708 4285 recepi
719 4239 752 4288 ,ιιι
771 4223 818 4271 OB.

380 4323 405 4375 1.
424 4321 498 4375 Data
514 4320 584 4375 haec
599 4319 675 4375 bulla
691 4324 735 4375 est
751 4319 780 4372 d.
794 4321 829 4374 23
843 4320 900 4373 lan.
917 4321 998 4390 11393
1017 4337 1044 4376 v.
1058 4321 1224 4376 Ussarmann
1242 4319 1295 4389 Ep.
1308 4319 1409 4375 Bamb.
1425 4321 1494 4378 cod.

308 4407 386 4476 prob.
403 4424 431 4477 p.
443 4410 489 4463 88.
649 4411 675 4463 2.
693 4405 769 4463 bulla
785 4407 900 4477 papalis.
