3142 4850
462 352 628 400 uonemor
650 353 778 400 conen.
813 351 867 402 eae
1183 337 1248 404 411

93 531 134 576 me
152 513 250 577 tueri·
273 511 443 596 debuisset,
466 513 550 598 qood
573 517 647 580 ente
663 513 731 579 dies
751 513 999 598 quatuordecim,
1022 534 1182 598 uunquam
1199 535 1251 582 me
1270 531 1338 586 1127

91 626 142 693 sibi
162 627 392 694 inobedientem
416 629 576 713 extitisse,
605 649 711 696 coram
740 629 937 716 principibus
958 629 1140 716 praebuerit
1160 631 1250 696 testi-

92 743 229 809 monium.
330 744 463 830 Insuper
494 747 710 833 praepositum
739 745 888 812 Ottouem
918 767 957 812 ex
991 745 1146 812 desiderio
1175 765 1250 831 pro-

89 857 194 924 missae
209 859 270 924 eibi
285 860 439 944 pecuniae
456 862 638 947 episcopum
654 861 734 928 inibi
749 860 921 928 sublimare
935 861 1143 944 contendunt3
1161 861 1250 928 ouius

91 973 176 1039 vitam
191 993 295 1040 mores
311 981 343 1040 et
357 978 627 1044 conversationem
645 997 665 1042 n
678 976 858 1042 criminosis
872 976 1064 1043 facinoribus
1076 976 1121 1042 nil
1131 976 1251 1042 distare

88 1109 186 1155 omnes
209 1097 374 1156 noverunt
416 1090 478 1158 Sed
502 1111 573 1158 eum
597 1111 744 1158 assensus
766 1092 844 1158 oleri
865 1097 898 1158 et
919 1091 1030 1178 populi
1051 1092 1124 1160 huic
1145 1091 1250 1158 studio

86 1203 314 1289 discordaverit,
338 1207 397 1272 boo
419 1207 585 1274 consilium
609 1209 642 1274 in
660 1208 747 1274 aliud
763 1214 889 1294 tempus
904 1206 1064 1290 differunt,
1087 1208 1187 1274 donec
1200 1227 1250 1274 re-

86 1318 244 1388 clamantis
267 1323 404 1388 civitatis
429 1343 576 1390 assensus
599 1323 796 1410 impetretur.

165 1437 234 1521 Ego
250 1459 336 1522 uero,
359 1439 434 1504 dum
458 1443 506 1506 tot
520 1440 612 1506 malis
628 1459 680 1506 me
700 1439 906 1526 praegravari
925 1439 1105 1521 sensissem,
1128 1437 1250 1522 legatos

84 1571 164 1618 meos
186 1555 227 1619 ed
250 1574 375 1638 regem,
401 1575 459 1640 pro
482 1556 585 1638 gratia
607 1575 665 1622 sua
687 1556 793 1642 ipsum
817 1559 997 1641 preeuntes,
1026 1555 1138 1622 direxi.
1174 1555 1252 1620 Tre·

84 1673 184 1736 centus
206 1669 306 1736 libras
329 1671 451 1754 argenti
475 1677 507 1737 et
528 1671 658 1757 iusuper
681 1672 801 1738 amicos
824 1689 927 1754 meos,
956 1690 1035 1754 quos
1058 1669 1166 1753 vellet,
1195 1668 1252 1738 ob-

83 1784 160 1851 sides
183 1805 243 1871 pro
266 1785 326 1852 bac
348 1786 531 1852 oon'dioioue
552 1787 700 1872 praebui:
727 1786 792 1869 uti,
819 1786 896 1853 data
918 1786 997 1853 mihi
1019 1785 1122 1868 ouria,
1151 1784 1252 1854 libere

83 1919 128 1966 me
150 1901 333 1968 admitteret
356 1901 534 1969 audientiae
558 1908 606 1986 et,
630 1903 657 1968 si
680 1902 770 1969 salva
792 1901 895 1985 gratia
917 1901 1007 1985 regui
1030 1906 1062 1968 et
1083 1901 1251 1968 sacerdotii

82 2016 255 2104 episcopari
277 2017 360 2084 iuste
383 2035 445 2084 non
469 2018 625 2101 deberem,
648 2019 681 2083 in
700 2013 804 2102 gratia
818 2017 946 2084 Domini
971 2022 1003 2084 et
1017 2018 1169 2084 ecclesiae
1183 2018 1252 2084 sina

80 2129 131 2199 tite
159 2139 191 2199 et
222 2135 422 2200 contentione
454 2133 583 2200 humilis
617 2134 850 2201 descenderem.
891 2133 953 2200 Sed
982 2138 1054 2200 nec'
1070 2133 1130 2200 hoo
1157 2134 1251 2200 modo

79 2247 203 2332 profeci.

163 2364 278 2433 Omnis
305 2365 404 2449 igitur
424 2364 546 2447 gratiae
572 2365 715 2453 exspeeb,
746 2365 820 2432 dum
851 2365 927 2450 qnid
955 2365 1175 2433 machinentur
1197 2385 1251 2433 ex-

79 2484 176 2566 pecto,
200 2480 289 2547 cives
310 2482 373 2547 mei
394 2482 642 2548 coniurationem
660 2486 771 2549 contre
786 2502 839 2549 me
853 2484 1003 2567 excitent,
1025 2483 1151 2549 obsides
1173 2482 1252 2549 mihi

79 2595 165 2662 datos
188 2596 363 2683 postulant,
389 2603 533 2683 acceptos
551 2596 719 2681 abducunt,
743 2599 872 2665 civitate
888 2598 1053 2666 excedunt
1088 2598 1252 2665 Habebam

78 2717 276 2799 atpateram
299 2713 404 2796 reniti,
429 2712 599 2795 siveliem3
625 2715 682 2780 sed
704 2713 802 2781 maini
826 2713 1001 2799 periclitari
1016 2715 1140 2800 paticus
1156 2734 1250 2798 quam

78 2848 209 2912 regnare
225 2829 419 2896 inobediens.
447 2828 581 2896 Permiei
597 2830 704 2914 igitur,
720 2835 756 2897 ut
769 2830 912 2896 facerent
925 2832 959 2897 iu
974 2850 1036 2913 me,
1052 2850 1112 2914 qua
1124 2828 1252 2915 velient,

77 2964 115 3011 ne
134 2946 220 3013 iuste
244 2965 350 3012 coram
375 2944 506 3012 ecelesia
530 2945 656 3029 obloqui
678 2946 757 3012 mibi
780 2950 919 3031 poscent

161 3062 266 3147 igitur
289 3062 449 3148 episcopio
472 3062 602 3143 secessi3
626 3064 764 3146 quietem
787 3062 821 3129 iu
844 3062 1036 3149 patrimonio
1059 3080 1130 3129 meo
1153 3062 1250 3129 tenui.

77 3176 117 3243 ut
137 3200 198 3246 nec
222 3178 369 3265 opinanti
397 3177 476 3243 mihi
499 3177 754 3265 archiepiscopus
776 3198 868 3245 suum
897 3178 1075 3245 transmisit
1101 3177 1252 3263 legatum,

78 3314 190 3362 vocans
214 3314 269 3361 me
292 3298 324 3360 et
346 3293 545 3379 promittens,
569 3294 608 3359 de
631 3294 869 3378 omninegocio
884 3314 956 3361 meo
971 3299 1091 3361 certum
1107 3314 1142 3361 se
1156 3293 1252 3361 tinem

77 3409 244 3477 factorum.
338 3410 419 3476 Veni
441 3410 554 3493 igitur,
584 3411 703 3477 amicos
724 3430 813 3477 meos
835 3429 893 3497 pro
915 3409 1083 3494 legationis
1106 3428 1183 3479 suae
1204 3410 1252 3475 in·

78 3526 168 3611 dicto,
192 3548 276 3613 quos
290 3532 469 3610 vocaverat,
491 3544 615 3593 meeum
631 3526 758 3593 adduxi.
789 3526 901 3593 Finem
916 3546 1031 3594 causae
1046 3546 1147 3611 meae,
1170 3527 1253 3593 sicut

78 3644 285 3727 promiserat,
309 3662 366 3727 per
389 3641 461 3707 illos
483 3644 612 3708 nuntios
635 3641 804 3729 postulari.
837 3642 988 3727 Assurgit
1009 3662 1137 3728 causae,
1166 3648 1254 3711 tenet

78 3756 157 3824 buno
185 3759 319 3825 modum
348 3759 382 3823 iu
411 3758 568 3825 oratione:
598 3760 758 3825 Dominae
787 3773 887 3825 caeter
914 3772 943 3825 et
969 3764 1106 3841 amicas,
1134 3760 1251 3827 Herbi-

77 3876 212 3959 polensis
238 3877 350 3941 electas
376 3872 604 3955 Gebebnrdoe⁰,
633 3878 666 3940 si
685 3879 720 3940 ire
742 3898 819 3941 aeos
841 3877 1010 3964 apostolici
1031 3876 1168 3941 Roaiam
1189 3889 1252 3941 tre·

79 4004 178 4058 centos
203 3993 305 4056 librae
328 3993 448 4057 miserit
469 3992 608 4077 midique
630 4005 788 4058 seeeeatoe
804 3994 935 4072 dedara,
956 3994 1097 4077 qratiam
1112 4004 1253 4058 normam

80 4107 225 4173 obtinebit
250 4109 339 4173 etde
361 4109 489 4193 nepocio
512 4130 569 4173 eoo
598 4110 744 4195 deinceps
771 4121 871 4173 certas
902 4121 930 4173 ct
957 4130 1083 4173 securae
1105 4109 1251 4173 manebit.

79 4221 171 4289 Addo
197 4246 324 4310 quoque
347 4226 567 4309 compositioni
588 4238 723 4304 nostroe,
748 4236 781 4289 ot
804 4226 922 4288 ammos
944 4245 1018 4287 suos
1039 4224 1159 4288 obeidis
1175 4224 1255 4288 mibi

81 4338 212 4419 bibant,
246 4342 304 4425 qai
324 4342 358 4405 ia
382 4338 541 4425 quodlibet
564 4341 732 4407 volantatie
759 4362 846 4405 meae
868 4340 1026 4427 placatam
1053 4338 1134 4405 mibi
1157 4362 1253 4425 prae·

146 4493 166 4526 a
192 4479 280 4527 intueri
295 4478 338 4527 ΡΖ.
463 4481 485 4527 b.
510 4479 645 4541 emptum
757 4492 777 4528 t.
801 4480 920 4531 wudu
935 4482 960 4539 V,
975 4481 1003 4529 (i.
1017 4480 1041 4529 V.
