3142 4850
316 304 385 370 424
703 321 869 371 numeror
890 321 1019 370 oenum
1053 319 1106 370 uto

229 497 300 553 1130
317 483 448 549 rubeam
477 481 538 548 sibi
567 499 701 568 cappam
729 501 912 566 assumens,
945 481 1156 549 universalem
1184 486 1320 548 munem
1348 486 1489 547 nemum

317 603 460 664 sanetum
493 597 668 664 Romanam
700 598 864 665 ecclesiam
897 598 1034 684 turpiter
1064 616 1219 684 usurpare
1247 603 1281 663 et
1309 596 1491 682 symoniace

319 733 473 800 occuparo
495 713 665 778 contendit

149 855 304 914 utre-apr.
408 828 476 894 Hac
498 829 605 913 itaque
621 829 753 894 venete
776 833 951 914 comperta,
973 847 1045 894 cum
1062 827 1270 894 universitate
1289 827 1389 894 totus
1404 826 1491 892 ltali-

319 955 391 1011 oae·
414 943 564 1011 ecclesiae
587 944 783 1029 praedictum
807 944 1040 1026 Innocentium,
1064 945 1166 1010 uirum
1189 943 1331 1010 sobrium
1353 943 1491 1029 pruden-

318 1065 383 1126 tem
406 1064 527 1126 castum
551 1064 750 1125 mansuetum
765 1059 917 1126 humilem
932 1060 1080 1142 omnique
1095 1079 1217 1124 morum
1237 1059 1402 1125 honestate
1417 1077 1491 1124 con·

319 1175 436 1256 ditum,
464 1193 521 1260 pro
550 1193 638 1240 more
666 1174 817 1240 ecclesiae
844 1193 902 1260 per
930 1173 1129 1259 supradictos
1151 1174 1348 1241 venerabiles
1376 1175 1491 1240 fratres

319 1289 470 1355 divinitus
493 1295 726 1372 consecratum,
756 1295 898 1356 nostrum
923 1289 1134 1356 universalem
1161 1295 1284 1375 petrem
1313 1307 1432 1375 popam
1460 1294 1492 1355 et

319 1403 528 1488 apostolicum
555 1404 769 1472 indubitanter
798 1405 1020 1490 amplectimur
1042 1403 1154 1470 devote
1182 1404 1314 1471 colimus
1343 1409 1377 1471 et
1398 1425 1491 1471 uene-

318 1538 436 1584 remur.
471 1517 651 1586 Prodictum
668 1539 742 1586 vero
757 1518 897 1604 Petrum,
919 1540 994 1586 vere
1015 1520 1115 1586 leonis
1130 1520 1285 1603 rugientis
1298 1519 1400 1586 filium
1417 1540 1491 1604 que-

318 1637 440 1700 rentem
464 1653 558 1718 quem
580 1635 709 1702 deuoret
719 1630 736 1718 ¹,
760 1641 923 1720 umquem
947 1655 1010 1700 non
1033 1635 1167 1702 electum
1185 1635 1241 1704 sed
1264 1641 1374 1701 contra
1389 1635 1490 1700 Deum

320 1754 352 1815 et
375 1754 517 1815 sanctam
541 1749 704 1816 ecelesiam
734 1754 889 1833 erectum,
920 1769 984 1816 nou
1012 1756 1210 1836 assumptum
1238 1751 1295 1817 sed
1322 1751 1489 1832 intrusum,

318 1884 382 1929 non
406 1863 613 1950 apostolicum
637 1864 691 1932 sed
708 1866 929 1952 apostaticum,
952 1885 1015 1931 uon
1032 1865 1221 1932 catholicum
1237 1865 1293 1932 sed
1307 1865 1490 1950 hueticum,

318 1999 383 2045 non
406 1985 622 2048 consecratum
647 1980 702 2046 sed
729 1985 927 2062 execratum,
957 1979 1066 2046 divina
1087 1983 1118 2048 ci
1139 1982 1174 2047 in
1202 1981 1348 2048 omnibus
1375 1986 1409 2046 et
1435 2001 1490 2067 per

320 2095 426 2160 omnia
448 2095 681 2162 contradicente
705 2097 902 2178 auctoritate,
925 2095 1194 2181 condempnantes
1216 2096 1409 2164 abdicemus

410 2209 541 2276 Vestrae
563 2212 661 2294 igitur
683 2213 860 2279 sanctitutis
890 2212 1090 2298 prudentiam
1112 2212 1299 2299 suppliciter
1325 2233 1489 2280 exoramus

321 2333 352 2394 et
378 2327 498 2394 uicaria
526 2329 657 2394 caritate
686 2329 896 2394 constentiam
925 2334 1048 2394 vestroe
1075 2327 1150 2394 fidei
1177 2329 1265 2395 uelut
1291 2328 1488 2414 columpnam

320 2444 503 2511 inmobilem
527 2446 561 2510 in
583 2444 721 2511 Domino
744 2444 970 2530 confortamus,
994 2446 1142 2529 quatinus
1165 2445 1199 2509 in
1221 2443 1284 2511 fide
1306 2444 1391 2511 beati
1406 2444 1488 2511 Petri

321 2566 353 2627 et
374 2560 409 2626 in
430 2560 610 2629 obedientia
633 2562 700 2627 eius
724 2561 850 2643 vicarii,
877 2562 1039 2627 karissimi
1068 2561 1167 2646 petris
1196 2561 1298 2625 nostri
1318 2559 1488 2626 Innocentii

320 2696 378 2764 per
400 2678 537 2761 gratiem
560 2677 660 2743 sancti
676 2674 816 2761 Spiritus
838 2676 941 2760 electi,
964 2680 1154 2761 sanctaeque
1167 2675 1329 2741 Rommee
1342 2675 1487 2743 ecclesiae

321 2792 487 2862 dilectione
511 2790 643 2858 firmiter
667 2791 854 2877 persistetis.
889 2792 1047 2876 Preterea,
1069 2812 1111 2858 ne
1133 2792 1231 2858 restis
1247 2790 1365 2857 Christi
1386 2792 1488 2857 incon

322 2908 426 2975 sutilis
450 2928 469 2974 a
490 2906 619 2993 perfidis
643 2914 676 2973 et
696 2906 875 2973 infidelibus
898 2914 1014 2975 sortem
1038 2907 1252 2991 mittentibus,
1278 2908 1365 2992 quod
1387 2908 1488 2973 duim

321 3029 445 3090 avertat
465 3023 643 3105 clementie,
665 3018 842 3088 dividatur'
858 3029 891 3088 st
905 3022 997 3088 nauis
1010 3021 1098 3088 Petri
1113 3020 1259 3089 fluctibus
1273 3024 1407 3089 marinis
1420 3023 1488 3089 hinc

321 3139 395 3204 inde
418 3157 570 3203 concussa
593 3138 798 3223 periclitetur,
820 3138 1023 3205 devotissime
1045 3138 1258 3221 suggerimus:
1284 3144 1322 3204 ut
1343 3140 1486 3205 domnum

321 3252 506 3319 Lothurium
529 3253 771 3319 invictissimum
792 3253 1005 3321 Romanorum
1028 3273 1134 3338 regem
1158 3255 1200 3321 ed
1221 3254 1331 3322 urbem
1354 3257 1424 3322 sine
1443 3254 1487 3319 di·

321 3368 439 3435 latione
462 3368 569 3435 uenire
591 3368 726 3435 viriliter
751 3376 782 3467 et
810 3370 966 3436 instanter
988 3371 1127 3437 exortari
1154 3370 1343 3453 dignemini3
1373 3375 1486 3437 ettam

323 3488 446 3551 restrae
467 3484 627 3553 dioceseos
649 3484 763 3550 iratres
787 3489 820 3551 et
840 3484 1044 3572 coepiscopos
1058 3506 1152 3570 quum
1176 3487 1271 3552 etism
1286 3486 1426 3571 reliquos
1439 3504 1486 3552 re·

323 3606 405 3667 stros
429 3599 724 3685 comprovinciales,
754 3600 841 3665 uelut
868 3600 950 3666 alter
975 3599 1088 3667 Petrus
1117 3600 1285 3686 aliquando
1312 3620 1484 3681 maveteus,

322 3717 355 3781 in
372 3716 534 3802 praedicta
547 3714 609 3782 fide
624 3714 840 3782 indubitanter
856 3715 1063 3798 confirmetis3
1082 3722 1237 3801 quatenus
1251 3723 1318 3784 um
1333 3738 1391 3803 per
1404 3718 1485 3783 don·

322 3852 398 3898 num
422 3852 528 3914 regem
558 3850 650 3915 quem
682 3835 714 3897 et
736 3850 793 3917 per
815 3852 871 3897 uos
894 3851 959 3918 pax
982 3832 1131 3898 ecclesiae
1158 3833 1362 3917 rdormetur,
1388 3839 1420 3899 et
1438 3830 1484 3897 lu·

323 3947 431 4015 dnicae
460 3944 610 4033 perfidiae
639 3946 774 4031 heresis,
802 3966 882 4033 quae
904 3968 1007 4035 nuper
1029 3949 1062 4013 in
1085 3949 1195 4017 eedem
1224 3948 1359 4017 ecclesie
1383 3951 1484 4015 exorta

324 4068 388 4147 est,
416 4067 598 4149 praestante
620 4064 756 4130 Domino
782 4063 925 4130 funditus
953 4064 1162 4151 exstirpetur3
1191 4070 1224 4130 st
1244 4068 1356 4131 cunta
1376 4062 1480 4143 omnia,

396 4251 417 4283 a
438 4238 541 4285 undem
557 4239 583 4286 Ζ.

397 4330 420 4384 1.
440 4334 455 4385 1
472 4332 545 4387 Patr.
558 4335 588 4403 b,
607 4334 633 4389 8.
746 4336 772 4390 i.
795 4334 891 4391 lluttlu.
904 4336 947 4405 ut,
966 4336 1015 4391 35:
1040 4334 1214 4405 ,divlserunt
1236 4335 1399 4392 voefimenta
1417 4331 1477 4397 ers,

324 4422 426 4473 sortem
444 4420 615 4477 mittentes“.
1480 4442 1484 4447 ’
