3142 4850
317 309 381 373 778
611 328 790 377 uuunonm
813 328 993 413 sinuosus.
1029 330 1095 377 urs.
1111 331 1137 376 u
1158 328 1193 380 na

229 501 296 557 1124
317 492 496 553 constructo
518 488 587 571 fuit,
611 488 744 555 interius
768 494 801 556 et
822 490 961 557 exterius
975 489 1154 576 sculpturas
1168 491 1296 574 babens,
1320 491 1361 556 de
1383 491 1487 575 parie-

316 603 401 670 tibus
424 604 653 689 prominentes:
678 604 834 688 imagines
856 604 1017 671 homiuum
1033 610 1066 671 et
1080 606 1242 673 volucrum
1256 613 1289 672 ct
1303 606 1487 689 bestiam,

317 726 382 785 tam
406 720 533 805 proprie
557 720 621 785 suis
645 718 882 786 habitudinibus
905 740 1082 805 expressus,
1104 726 1141 787 ut
1162 722 1283 808 spirare
1304 728 1436 807 putares
1452 742 1488 787 ac

316 836 432 902 vivore.
463 834 613 921 Quodque
628 856 735 901 rarum
753 836 898 921 dixerim,
915 836 1035 903 colores
1050 836 1223 920 imaginum
1238 838 1487 905 extrinsecarum

316 950 404 1017 nulla
426 956 614 1036 tempestate
637 952 756 1017 nivium
781 952 831 1019 vel
855 951 1001 1017 imbrium
1025 952 1142 1018 fuscari
1157 952 1207 1018 vel
1223 953 1301 1019 dilui
1324 958 1487 1038 poteraut3

316 1065 349 1131 id
372 1071 484 1149 agente
506 1066 665 1133 industria
687 1068 853 1152 pictorum.
895 1066 930 1133 lu
954 1067 1035 1133 banc
1057 1068 1147 1134 edem
1169 1088 1208 1133 eu
1231 1068 1337 1153 prisca
1360 1075 1487 1155 patrum

316 1182 541 1248 cousuetudine
563 1187 673 1268 captas
698 1203 773 1269 opes
797 1190 830 1250 et
846 1203 935 1249 arma
950 1182 1098 1265 bostium,
1121 1189 1154 1249 et
1168 1184 1317 1268 quicquid
1332 1205 1372 1249 ex
1389 1185 1488 1271 preda

315 1297 422 1363 navali
449 1297 499 1363 vel
521 1298 617 1363 etiam
641 1299 784 1365 terrestri
808 1318 915 1392 pugna
937 1298 1091 1383 quesitum
1117 1304 1201 1382 erat,
1231 1299 1288 1364 sub
1311 1298 1383 1383 lege
1405 1301 1487 1368 deci-

315 1413 464 1479 metionis
487 1413 707 1496 congerebant.
753 1414 899 1481 Oratores
922 1415 1017 1479 etiam
1042 1434 1153 1480 aureos
1177 1413 1227 1479 vel
1249 1423 1434 1497 argenteos,
1454 1417 1486 1483 iu

315 1528 428 1613 quibus
452 1530 600 1613 augurari
625 1530 745 1615 epulari
778 1536 811 1595 et
832 1535 941 1615 potare
964 1528 1084 1595 nobiles
1107 1528 1251 1596 solebant
1272 1549 1309 1595 ac
1333 1538 1486 1616 potentes,

315 1646 348 1709 iu
372 1644 482 1711 diebus
510 1644 779 1732 sollempnitatum
810 1646 900 1729 quasi
923 1644 963 1710 de
984 1645 1164 1711 sanctuario
1192 1645 1415 1731 proferendos,
1443 1648 1486 1713 ibi

315 1760 552 1828 collocaverant.
589 1760 714 1827 Cornua
737 1762 832 1827 etiam
855 1761 990 1843 mandis
1012 1765 1173 1827 taurorum
1197 1763 1370 1845 agrestium
1394 1763 1487 1829 deau-

315 1882 385 1942 rata
409 1882 441 1943 et
463 1878 595 1960 gemmis
620 1877 750 1960 intexta,
775 1875 901 1962 potibus
924 1882 1014 1963 apta3
1039 1882 1072 1942 et
1093 1896 1211 1943 cornua
1232 1877 1379 1943 cautibus
1397 1884 1485 1964 apta3

316 2012 480 2059 mucrones
497 1998 529 2059 et
543 1992 676 2072 cultros3
700 1992 896 2076 multamque
910 1991 1158 2078 suppellectilem
1175 1993 1363 2079 preciosam,
1384 2014 1485 2059 raram

316 2116 348 2175 et
371 2109 441 2175 visu
467 2108 648 2194 pulchram,
679 2109 711 2173 iu
735 2114 879 2174 ornatum
909 2113 943 2173 et
965 2108 1114 2174 honorem
1138 2107 1268 2175 deorum
1291 2128 1422 2174 suorum
1444 2108 1487 2174 ibi

316 2223 553 2291 conservabant.
634 2224 700 2301 Quo
723 2224 830 2289 omnia
851 2225 999 2309 episcopo
1014 2227 1047 2287 et
1061 2223 1287 2308 sacerdotibus,
1309 2224 1364 2291 ubi
1381 2223 1485 2289 fanum

316 2340 456 2407 dirutum
479 2339 599 2424 merit,
624 2340 727 2406 danda
751 2339 929 2405 censebant
977 2338 1040 2405 Sed
1061 2338 1131 2405 ille:
1156 2340 1250 2405 noio
1271 2366 1292 2405 a
1313 2363 1365 2406 nee
1385 2340 1487 2425 iuquit

315 2470 351 2523 ut
373 2482 394 2521 a
409 2457 496 2522 voto
519 2459 669 2534 ditescam·
691 2479 767 2522 aum
790 2457 869 2521 tolia
891 2469 920 2520 et
941 2457 991 2520 bis
1005 2456 1138 2521 meliora
1153 2459 1241 2522 domi
1259 2459 1352 2523 nobee
1366 2460 1486 2524 iatu-

316 2575 411 2648 dani3
434 2595 488 2638 oon
511 2597 547 2637 eu
561 2577 678 2659 potius,
704 2595 838 2658 quorum
853 2584 935 2652 sunt,
959 2575 994 2636 ia
1009 2586 1127 2637 vestros
1140 2594 1216 2636 aona
1232 2596 1303 2637 cum
1316 2574 1386 2639 Dea'
1399 2575 1487 2640 bens

316 2691 452 2754 dictione
474 2691 658 2755 distribuite.
704 2687 747 2752 Et
776 2705 860 2771 aqua
888 2685 1054 2753 benedicta
1081 2687 1189 2752 omnia
1215 2707 1429 2773 conspergens
1457 2697 1489 2756 et

317 2804 418 2870 erucis
442 2824 537 2890 super
560 2823 597 2869 eo
619 2803 837 2870 benedictione
856 2802 952 2886 facta,
975 2801 1077 2885 iussit,
1100 2807 1136 2868 ut
1151 2802 1234 2869 iuter
1248 2823 1283 2868 se
1297 2803 1355 2869 illa
1368 2804 1488 2872 divide·

316 2925 396 2985 rent.
488 2919 567 2985 Erat
589 2924 693 2984 autem
717 2917 759 2983 ibi
784 2915 988 2983 simulacrum
1011 2917 1144 3004 triceps,
1170 2918 1254 3003 quod
1276 2920 1310 2984 iu
1333 2939 1397 2985 uuo
1421 2939 1488 2986 cut·

317 3054 394 3120 pore
422 3035 485 3101 tria
512 3035 617 3120 capitu
646 3034 763 3100 habens
787 3031 933 3116 Triglaus
959 3033 1144 3113 vocabatur3
1175 3034 1259 3118 qnod
1281 3034 1383 3100 solum
1408 3037 1490 3102 aeci·

317 3150 417 3235 piens,
441 3151 512 3235 ipsa
535 3148 683 3234 capitella
705 3148 764 3214 sibi
788 3147 980 3232 coherentia,
1003 3167 1135 3234 corpore
1154 3149 1358 3233 comminuto,
1381 3170 1488 3218 secum

317 3263 391 3330 iude
420 3265 510 3348 quasi
537 3285 595 3351 pro
618 3264 748 3351 tropheo
772 3263 949 3349 asportavit
971 3267 1004 3329 et
1025 3269 1137 3349 postea
1158 3262 1289 3330 Romam
1313 3286 1373 3352 pro
1396 3288 1490 3352 argu·

317 3385 423 3446 mento
456 3381 667 3446 conversionis
701 3377 828 3443 illorum
864 3381 1057 3461 transmisit3
1091 3378 1214 3446 scibcet
1246 3380 1287 3445 ad
1318 3382 1489 3450 videndum

317 3495 432 3560 domno
456 3494 627 3580 apostolico
650 3500 682 3560 et
703 3494 877 3562 universali
894 3495 1042 3562 ecclesie:
1065 3495 1141 3580 quid
1157 3496 1226 3581 ipse
1240 3495 1327 3562 illins
1342 3497 1489 3565 obedieu-

317 3611 430 3676 tiarius
453 3609 594 3676 vellendo
624 3609 655 3676 et
681 3608 869 3696 plantando,
898 3609 1071 3677 edificando
1098 3616 1131 3676 et
1158 3610 1349 3679 destruendo
1359 3609 1378 3697 ¹,
1407 3613 1490 3700 apud

317 3724 404 3790 illam
427 3730 552 3807 gentem
577 3725 768 3810 profecisset.
850 3726 927 3792 Tres
950 3747 1025 3793 vero
1048 3725 1110 3792 alie
1132 3726 1259 3792 cdntiue
1275 3727 1383 3794 minus
1398 3749 1490 3795 vene·

317 3840 449 3906 rationis
472 3839 629 3906 habebant
651 3841 819 3924 minusque
837 3845 947 3908 ornate
960 3842 1096 3908 fueraut.
1132 3840 1251 3908 Sedilia
1264 3847 1391 3909 tautum
1406 3845 1490 3910 iuius

317 3955 350 4019 iu
381 3955 513 4020 circuitu
542 3960 702 4020 exstructa
731 3963 823 4023 eraut
851 3962 883 4022 et
909 3976 1031 4038 meuse3
1062 3957 1138 4041 quia
1158 3957 1203 4022 ibi
1227 3957 1439 4025 conciliabula
1459 3964 1489 4026 et

318 4075 489 4135 conventus
512 4089 585 4136 suos
608 4068 724 4137 habere
747 4069 831 4136 soliti
855 4079 961 4153 eraut3
984 4092 1059 4138 uam
1082 4072 1150 4139 sive
1171 4077 1284 4158 potare
1300 4074 1368 4140 sive
1381 4073 1489 4141 ludere

318 4185 385 4249 sive
415 4184 498 4250 seria
527 4204 584 4250 sua
611 4190 748 4252 tractare
772 4186 904 4270 vellent,
935 4188 970 4253 iu
997 4186 1125 4254 easdem
1153 4187 1229 4255 edes
1256 4190 1351 4256 uerbo
1379 4190 1488 4258 diebus

318 4299 545 4365 conveniebant
574 4303 606 4365 et
632 4299 727 4365 boris.
818 4302 899 4367 Erat
926 4307 1072 4388 preterea
1097 4303 1141 4369 ibi
1166 4323 1301 4389 quercus
1323 4305 1436 4387 ingens
1458 4312 1487 4372 et

390 4427 416 4480 1.
434 4426 475 4482 cl.
492 4427 588 4482 ierem.
601 4430 626 4500 1,
646 4431 688 4485 10.
