3142 4850
207 488 276 543 1146

187 560 254 608 Μαι-ί.
264 564 294 608 14

312 295 378 362 532
622 314 811 364 samsones
833 314 1112 363 sansunsnssus.
1147 314 1181 365 aa

311 472 394 541 fiuae
416 473 599 561 episcopum
624 480 657 541 et
678 474 858 556 Tthomam)
882 474 1100 561 presbyterum
1125 469 1335 541 cardinalem¹
1356 492 1413 559 pro
1435 472 1480 538 di-

313 590 413 656 vorsis
436 590 572 673 negotiis
588 590 628 657 ad
652 594 759 676 partes
782 590 854 657 illas
870 591 908 657 de
927 594 1036 656 nostro
1058 588 1157 656 latere
1173 589 1401 674 delegavimus;
1424 589 1482 655 eis-

314 725 374 790 que
392 705 465 772 vira
485 726 561 773 voce
583 706 807 791 iniuucximus,
831 710 868 772 ut
891 706 931 771 ad
954 704 1116 773 ecclesiam
1141 710 1277 771 vestram
1301 704 1483 771 accederent

313 826 408 907 atque
430 820 470 887 de
485 821 551 887 vita
574 826 607 887 et
627 822 789 889 miraculis
805 822 933 889 Haurici
957 822 1039 906 regis
1063 822 1109 888 rsi
1130 822 1293 889 veritatem
1319 819 1484 904 diligenter

311 936 508 1022 inquirerent
531 941 563 1002 et
584 934 700 1004 litteris
723 938 789 1003 suis
813 938 903 1005 nobis
927 936 1150 1022 significarent.

401 1052 493 1119 Nunc
515 1057 620 1119 autom
644 1048 814 1120 e'orundem
838 1054 972 1119 fratrum
995 1058 1176 1119 nostrorum
1199 1057 1231 1119 et
1247 1050 1419 1117 multorum
1435 1068 1483 1116 ro·

311 1168 496 1250 ligioeorum
512 1172 545 1234 et
559 1168 768 1235 discretorum
782 1169 922 1235 virorum
940 1170 1140 1237 attestatione
1156 1167 1196 1234 de
1214 1167 1359 1233 castitate
1374 1166 1483 1253 ipsius,

313 1282 353 1349 de
384 1282 568 1350 fundatione
597 1283 867 1368 Pabenbergensis
897 1284 1046 1367 ecclesiae
1077 1289 1111 1351 et
1136 1282 1307 1349 multarum
1340 1282 1484 1363 alienun,

314 1399 520 1483 quarumdam
545 1418 669 1483 quoque
691 1400 917 1485 episcopalium
945 1399 1065 1466 sedium
1096 1399 1296 1485 reparatione
1325 1404 1358 1465 ct
1381 1396 1484 1463 multi·

313 1513 389 1599 plici
412 1514 654 1581 elemosinarum
678 1514 861 1599 largitione,
886 1516 926 1582 de
949 1515 1152 1597 conversione
1174 1515 1258 1598 regis
1278 1512 1434 1599 Stephani
1455 1518 1485 1579 et

313 1631 411 1696 totius
433 1629 591 1713 ngariae
614 1629 751 1697 Domino
774 1636 963 1717 cooperante
986 1651 1043 1717 per
1066 1650 1138 1696 eum
1161 1630 1261 1715 iacta,
1287 1630 1327 1697 dc
1349 1629 1483 1713 glorioso

314 1745 410 1813 etiam
432 1746 534 1833 ipsius
557 1745 660 1831 obitu,
689 1745 895 1832 pluribusque
920 1746 1078 1813 miraculis
1107 1750 1180 1832 post
1201 1746 1269 1812 eius
1297 1745 1418 1813 obitum
1447 1744 1483 1811 ad

313 1861 414 1947 ipsius
437 1863 578 1949 corporis
601 1863 792 1949 presentiam
817 1862 968 1929 divinitus
992 1862 1127 1929 ostensis
1151 1860 1251 1927 multa
1272 1861 1481 1944 cognorimus

314 1977 400 2044 Inter
414 1996 475 2062 que
490 1977 569 2044 illud
582 1978 733 2065 precipue
749 1978 955 2045 memorabile
974 1978 1145 2065 plurimum
1161 1977 1372 2061 attendentes,
1394 1976 1483 2063 quod,

314 2112 385 2160 cum
409 2093 556 2160 diadema
579 2099 611 2160 et
634 2100 793 2181 sceptrum
818 2094 944 2181 imperii
968 2095 1168 2180 suscepisset,
1191 2113 1255 2159 uon
1278 2092 1483 2179 imperialiter

315 2207 370 2275 sed
398 2208 606 2294 spiritualiter
629 2207 724 2293 vixit,
754 2211 788 2275 in
817 2210 908 2276 thoro
938 2211 1031 2276 etiam
1060 2210 1202 2294 legitimo
1231 2209 1371 2295 positus,
1405 2207 1483 2293 quod

315 2343 486 2411 paucorum
509 2324 608 2391 tuisse
628 2324 755 2410 legitur,
778 2325 993 2410 integritatem
1010 2326 1214 2391 castimoniae
1230 2344 1329 2410 usque
1344 2325 1378 2391 in
1393 2322 1484 2391 finem

315 2440 399 2507 vitae
421 2441 628 2507 conservavit.

404 2556 491 2635 Quae
505 2556 631 2642 quidem
655 2559 762 2622 omnia
779 2557 908 2622 insimul
931 2557 1161 2643 perpendentes
1178 2563 1272 2642 atque
1288 2557 1484 2624 devotionem

315 2674 451 2740 vestram
476 2678 508 2738 et
531 2672 661 2739 ecclesie
677 2671 956 2757 Pabenbergensis,
982 2693 1042 2758 que
1059 2679 1166 2739 sancte
1181 2673 1343 2740 Romanae
1359 2673 1486 2742 ecclesie

315 2785 375 2853 soli
397 2787 526 2855 subesse
548 2787 732 2872 dinoscitur,
760 2786 928 2871 diligenter
950 2788 1202 2872 considerantes,
1231 2790 1358 2857 tametsi
1381 2789 1487 2856 buius·

315 2903 402 2970 modi
431 2905 542 2991 petitio
569 2902 632 2970 uisi
660 2904 693 2969 in
728 2903 928 2988 generalibus
962 2903 1102 2970 conciliis
1134 2904 1259 2972 admitti
1286 2927 1350 2974 nou
1378 2905 1487 2988 soleat,

316 3019 504 3086 auctoritate
527 3025 632 3086 tamen
657 3024 786 3086 sauctae
801 3019 962 3086 Romanae
985 3019 1143 3105 ecclesiae,
1168 3041 1228 3106 que
1251 3022 1393 3088 omnium
1416 3041 1487 3088 eon·

316 3134 459 3201 ciliorum
482 3133 715 3202 firmamentum
740 3141 798 3220 est,
822 3121 1027 3222 petitionibus
1042 3137 1156 3203 vestris
1174 3138 1418 3222 acquiescimus3
1442 3143 1488 3203 at·

317 3269 378 3335 que
401 3250 539 3318 eiusdem
562 3250 775 3319 memorabilis
792 3251 861 3336 viri,
886 3251 974 3319 cuius
992 3251 1214 3320 exaltationem
1231 3254 1404 3339 requiritis,
1426 3253 1489 3320 ira·

316 3370 402 3432 trum
429 3372 607 3434 nostrorum
638 3368 945 3454 archiepiscoporum
976 3367 1211 3454 cpiscoporum,
1244 3370 1298 3454 qui
1325 3375 1490 3456 presentes

318 3481 460 3566 aderant,
484 3485 714 3550 communicato
730 3482 872 3568 coasilio,
893 3485 1077 3551 memoriam
1094 3487 1176 3551 inter
1191 3491 1315 3552 sanctos
1331 3486 1370 3552 de
1386 3491 1490 3553 cetero

317 3593 386 3663 fieri
409 3617 573 3665 censemus
603 3603 636 3664 et
658 3599 909 3666 anniversarium
938 3601 1038 3686 ipsius
1062 3600 1146 3668 diem
1169 3600 1387 3688 sollempniter
1409 3600 1492 3668 cele·

318 3712 403 3780 brari
426 3713 655 3781 constituimus.
747 3715 862 3782 Vestra
884 3716 991 3801 itaque
1013 3717 1155 3801 interest,
1180 3717 1225 3783 sic
1249 3718 1281 3784 in
1304 3723 1414 3784 sancte
1426 3715 1492 3783 Ro-

249 3832 254 3840 ’
317 3849 411 3898 mane
434 3829 563 3898 ecclesie
592 3829 772 3897 obedientia
795 3836 826 3897 et
852 3830 1002 3898 fidelitate
1027 3832 1197 3919 persistere
1221 3835 1321 3901 etsie
1343 3833 1370 3899 ei
1396 3833 1493 3916 digne

317 3946 493 4013 devotionis
516 3946 675 4032 obsequiis
690 3947 891 4034 respondere,
915 3953 951 4014 ut
966 3949 1112 4035 ampliori
1128 3949 1211 4016 beati
1227 3949 1312 4016 Petri
1331 3955 1361 4016 et
1381 3956 1493 4017 nostra

318 4063 422 4146 grstia
444 4062 531 4144 digni
553 4062 768 4129 inveniamini.
804 4063 889 4129 Data
912 4061 1139 4131 Transtiberim
1164 4067 1184 4132 2
1207 4065 1280 4133 Idus
1303 4065 1420 4132 llant'.

389 4199 409 4231 a
433 4184 543 4246 ιφωιιι
564 4184 628 4232 suaa
645 4185 767 4246 pressa,
789 4186 815 4234 ot
832 4187 900 4235 coro
921 4187 999 4236 atera
1016 4195 1088 4249 pare
1109 4187 1216 4250 aqam
1236 4189 1384 4238 evasurus
1400 4173 1438 4237 a’i
1453 4191 1493 4248 ιιι

317 4262 345 4310 ia
359 4263 439 4312 alteru
453 4279 525 4325 repar
540 4262 601 4312 decr
616 4262 718 4326 effipia:
734 4265 750 4313 S
766 4265 812 4323 ΡΑ,
829 4267 845 4314 S
861 4267 905 4313 PE.

391 4353 415 4406 1.
434 4350 507 4407 tituli
523 4348 553 4406 S.
563 4351 702 4407 vestinae.

800 4463 1008 4472 ...ψ-...-
