3142 4850
200 465 269 521 leae

187 538 279 584 naso

297 277 340 342 36
688 293 855 342 unaumm
876 293 1004 343 conam
1041 293 1075 342 14

296 476 387 518 saum
409 454 588 536 beneficium
610 475 711 533 seam,
736 453 854 519 scilicet
874 476 1001 518 mamm
1018 454 1138 540 repulsa
1160 466 1231 518 tres.
1267 451 1328 519 Sin
1352 465 1462 532 wem,

295 583 475 656 potestatem
504 570 638 635 babeant
666 571 768 634 abices
792 582 948 635 terraram
970 572 1095 655 decere,
1123 571 1190 633 assi
1214 571 1295 633 iasto
1321 568 1464 650 emfim

295 699 486 751 revocentur.
521 685 669 772 Denique
694 709 755 773 pro
775 686 908 768 filiabus
936 688 1055 752 aarum
1078 687 1233 770 petimus,
1257 706 1297 749 ne
1317 705 1467 770 umquem

296 814 448 886 coquntur
463 804 497 865 in
513 805 678 866 servicium
692 804 962 888 pedissequarum,
982 813 1109 887 acceptu
1125 799 1241 865 Italico
1257 801 1467 885 expedicione.

299 913 390 981 Tunc
413 917 539 1002 quadan
563 917 807 1002 proficiscuntur
837 918 1042 982 Wireabarcle
1059 916 1153 1001 frma
1181 917 1318 980 secunda
1345 917 1392 980 ad
1419 937 1467 979 rs-

295 1033 496 1096 acrcimdns'
529 1045 624 1098 acates
661 1055 715 1097 sea
749 1033 904 1118 quaelibet
937 1035 1113 1096 necesaria
1145 1053 1245 1117 usqae
1277 1034 1313 1095 in
1344 1031 1470 1115 feriam

296 1145 472 1231 qaamaml.
508 1147 570 1212 His
591 1149 725 1233 simpatia
748 1151 792 1212 ad
806 1150 973 1212 seviciam
987 1150 1177 1212 decrevimus
1198 1147 1341 1212 dandam
1354 1167 1470 1210 amam

295 1285 393 1326 anum
414 1264 565 1344 medonis,
583 1265 750 1329 dimidiam
765 1265 843 1343 viai,
861 1266 1001 1349 quiaque
1015 1265 1180 1328 casuue
1199 1262 1334 1348 dapalis
1348 1261 1468 1341 didus,

297 1377 507 1463 'similcpinem
534 1402 631 1444 anum
662 1392 690 1445 et
718 1379 861 1444 subeam
889 1401 1006 1465 pamm
1033 1400 1132 1443 anam
1166 1391 1195 1443 et
1222 1378 1387 1442 duodecim
1413 1397 1469 1441 co·

298 1496 413 1574 catius,
438 1496 579 1560 modium
601 1517 698 1559 anam
727 1497 766 1559 de
786 1493 914 1580 pabulo.
962 1493 1147 1560 Vmatioaes
1172 1495 1325 1573 menori,
1352 1492 1471 1557 seilicet

288 1607 450 1693 feroram·
462 1610 630 1675 testaceum
645 1614 752 1674 ceiam
762 1613 903 1695 piscium
918 1632 1015 1695 epam
1038 1630 1178 1688 eacmm,
1193 1607 1271 1692 seni
1284 1609 1471 1672 arcedonem

297 1747 331 1790 eo
355 1729 588 1812 inceperimus,
615 1747 676 1812 qno
700 1752 720 1790 a
744 1726 871 1790 domino
890 1738 997 1790 anemo
1021 1726 1168 1790 iacemus
1191 1724 1366 1788 babuimus.
1403 1719 1471 1787 Hes

297 1844 345 1906 est
367 1840 499 1906 uadicio
523 1841 647 1906 comitis
662 1838 821 1921 Ericen,
843 1859 902 1924 pro
926 1859 989 1924 qua
1010 1843 1248 1925 recompensato
1268 1837 1329 1904 sibi
1351 1837 1471 1904 bonore

298 1955 445 2020 ducatum
468 1953 668 2021 Baioaricum
692 1954 890 2020 tradidimus.
924 1953 1024 2020 Primi
1040 1955 1230 2021 servitorum
1252 1954 1320 2020 eius
1342 1954 1471 2020 inerunt

297 2068 454 2152 Reginus·
479 2069 517 2136 de
533 2068 694 2152 salehach,
711 2067 801 2136 Wizo
825 2069 864 2135 ds
879 2067 1129 2153 Wimeresbsim,
1151 2070 1290 2154 Adelger
1307 2069 1346 2136 ds
1362 2068 1469 2135 Curta

297 2183 407 2268 Igitur,
431 2190 467 2250 ut
489 2184 546 2250 hec
569 2190 678 2250 nostra
693 2186 864 2251 auctoritas
887 2184 1011 2251 stabilis
1034 2179 1267 2253 stinconvulsa
1288 2185 1376 2251 omni
1397 2203 1472 2270 per·

297 2304 507 2383 menesteus,
531 2299 612 2366 hanc
627 2305 744 2366 cartam
765 2301 841 2366 inde
863 2301 1014 2387 scriptam
1036 2301 1208 2386 subtusque
1224 2320 1320 2366 manu
1340 2299 1473 2387 propria

297 2415 476 2483 roboratam
507 2415 603 2499 sigilli
631 2415 732 2482 nostri
760 2415 969 2502 impressione
993 2401 1145 2484 iussimus
1172 2415 1327 2500 insigniri.
1418 2414 1472 2483 Iu·

298 2531 390 2597 sticia
412 2531 581 2598 eorundem
607 2531 768 2614 clientum,
792 2530 913 2597 scilicet
934 2532 1142 2617 singulorum,
1166 2539 1229 2599 est:
1253 2537 1289 2598 nt
1310 2534 1346 2598 in
1360 2530 1472 2598 Italica

299 2647 503 2733 expedicione
525 2646 641 2729 singuli
665 2646 705 2713 ab
726 2646 886 2734 imperiali
908 2648 1083 2715 tradicione
1105 2648 1263 2735 accipiant
1290 2648 1399 2714 decem
1422 2653 1472 2713 ta·

255 2854 257 2859 Ι
297 2762 384 2830 lenta
406 2767 438 2829 st
459 2762 652 2829 ferramenta
675 2762 814 2847 quinque
836 2781 998 2845 equorum,
1021 2762 1120 2847 pelles
1142 2782 1310 2850 caprarum
1326 2763 1415 2847 duas,
1439 2766 1474 2830 st

297 2878 471 2945 burdonem
486 2898 595 2962 unum,
611 2884 777 2944 oneratum
792 2877 914 2943 duabus
929 2878 1075 2943 manticis
1091 2878 1194 2963 plenis
1209 2878 1472 2962 necessariorum,

298 3014 370 3061 enm
393 2994 547 3060 serviente
570 2992 724 3075 trahente,
749 2976 811 3057 alio
834 2991 987 3077 pellente;
1011 2998 1044 3058 st
1057 2998 1189 3077 uterque
1202 2992 1357 3060 talentum
1372 3013 1475 3060 unum

299 3114 331 3174 et
352 3108 509 3176 caballum
533 3107 676 3192 accipiat.
718 3106 855 3172 Domino
878 3127 987 3173 eorum
1010 3110 1112 3174 vietus
1142 3113 1215 3194 post
1236 3107 1338 3195 alpes¹
1366 3115 1476 3175 uana-

298 3242 406 3289 cureas
429 3221 468 3287 de
491 3222 580 3287 curia
602 3222 702 3288 detur.
738 3220 922 3307 Ubicunque
945 3244 1003 3289 rex
1026 3224 1121 3289 vadat
1142 3224 1176 3289 in
1199 3224 1403 3309 expedicione
1426 3223 1476 3290 al-

298 3338 397 3405 terius
411 3342 525 3420 terrae,
546 3337 660 3402 dentur
675 3336 842 3403 clientibus
857 3338 996 3422 quinque
1011 3338 1132 3404 talenta
1151 3343 1184 3405 st
1198 3338 1338 3405 caballus
1353 3338 1476 3425 absque

299 3472 394 3519 onere
417 3456 449 3517 et
471 3452 663 3517 ferramenta
685 3452 823 3536 quinque
845 3472 997 3536 equorum
1020 3459 1053 3519 et
1074 3453 1156 3519 duae
1178 3453 1277 3539 pelles
1292 3474 1476 3541 caprarum.

298 3546 483 3633 iidalricusss
511 3565 715 3631 cancellarius
748 3568 817 3633 vice
845 3568 984 3635 Arboris
1018 3568 1261 3656 archicapellani
1294 3572 1475 3654 recognovi.

298 3681 383 3748 Data
407 3684 449 3747 13
472 3680 541 3747 Kal.
558 3680 650 3765 lunii,
673 3681 917 3767 indictionem,
941 3703 1024 3750 anno
1041 3684 1082 3751 ab
1104 3686 1321 3753 incarnatione
1341 3686 1479 3754 Domini

301 3796 404 3880 1029,
432 3816 515 3863 anno
543 3816 618 3863 vero
646 3798 737 3881 regni
766 3798 875 3865 domni
903 3798 1062 3866 Onomadi
1088 3801 1128 3885 5,
1155 3801 1282 3889 imperii
1310 3806 1416 3868 autem
1441 3804 1477 3869 3.

298 3909 415 3978 Actum
438 3910 608 3996 Tungirde.

368 4094 390 4126 ι
413 4080 569 4127 resarciendas
586 4081 609 4127 V.
687 4081 709 4127 b.
734 4082 757 4127 in
773 4082 831 4129 ieris
847 4087 926 4143 quarta
941 4084 964 4130 V.
1043 4098 1063 4131 a.
1087 4084 1175 4131 cerviae
1190 4084 1217 4130 Z.
1295 4084 1317 4131 d.
1340 4084 1436 4132 amun
1452 4086 1482 4135 V.

300 4178 321 4212 ο.
343 4166 434 4225 magor
450 4168 474 4226 v,
491 4168 590 4227 munio
607 4168 633 4215 a.
709 4169 726 4215 f.
750 4170 819 4231 upon
835 4170 861 4217 n.
943 4184 966 4229 g.
989 4150 1122 4218 bunum
1138 4172 1161 4218 v,

781 4328 993 4341 ψ
