3142 4850
229 509 296 562 1191

216 580 280 640 Sept
290 582 300 626 1

319 315 384 380 616
609 329 733 378 uacuus
756 329 836 377 vrrs
858 327 1016 377 ornours.
1050 327 1147 374 amr
1168 325 1204 376 aa

319 491 483 575 sanctique
505 489 667 556 Benedicti
690 456 828 571 abbatis,
858 489 941 553 sicut
962 507 981 553 a
1003 485 1175 572 primordio
1204 484 1395 551 hmdationis
1414 503 1474 548 mo·

317 606 449 672 nestorii
473 604 641 672 diffinitum
666 610 723 672 est.

711 917 836 1022 Lleuu
864 915 1092 984 SECUNDUS.

407 1065 435 1126 1.
471 1061 571 1145 Igitur
593 1065 776 1126 senescente
803 1061 866 1124 iam
895 1058 1012 1124 mundo
1040 1064 1073 1124 et
1094 1058 1145 1124 die
1172 1056 1270 1123 seculi
1299 1057 1477 1142 munuera·

316 1183 437 1259 scente,
460 1196 531 1242 cum
555 1175 660 1241 divine
683 1175 812 1260 pietatis
835 1174 980 1256 dignaoio
1002 1172 1210 1255 Pomeranos,
1238 1177 1369 1237 eatenus
1390 1190 1478 1256 paga-

315 1291 425 1358 nitatis
448 1310 554 1357 errore
577 1289 759 1375 depressos,
789 1287 956 1374 splendore
984 1287 1058 1352 tidei
1082 1287 1265 1354 illuminare
1286 1286 1478 1365 decrevisset

315 1407 405 1472 iuxta
427 1407 510 1490 quod
534 1405 687 1490 scriptum
712 1408 774 1470 est:
803 1404 840 1468 In
856 1425 960 1469 omnes
981 1415 1086 1489 gentes
1107 1407 1248 1490 premam
1270 1416 1395 1489 oportet
1412 1423 1479 1488 prs·

315 1523 420 1586 dicari
442 1521 639 1608 eoooyelium
649 1515 667 1599 ¹,
690 1518 839 1584 idoneum
863 1519 909 1582 eis
932 1518 1020 1584 verbi
1042 1518 1234 1600 ministrum,
1256 1515 1380 1582 seilicet
1400 1517 1479 1602 pium

315 1634 462 1700 Ottonem
486 1635 668 1720 episcopum
694 1631 876 1698 destinavit
916 1631 976 1698 Hic
998 1632 1100 1715 enim,
1126 1638 1212 1698 totus
1237 1631 1399 1697 lucrandis
1420 1631 1480 1696 ani·

314 1749 426 1816 mebns
449 1749 628 1832 invigilans,
652 1746 863 1833 amplificatus
878 1753 928 1813 ast
942 1747 1032 1830 quasi
1047 1747 1140 1812 stella
1155 1747 1312 1814 matutina
1333 1749 1371 1812 iu
1386 1745 1479 1812 medio

314 1863 427 1930 nebule
457 1869 489 1930 et
511 1869 547 1930 ut
568 1863 644 1929 luna
673 1862 768 1948 plena
795 1862 830 1926 in
852 1861 962 1928 diebus
986 1862 1051 1927 suis
1074 1859 1230 1942 lucabat'3
1259 1880 1297 1928 ac
1318 1860 1419 1927 veluti
1438 1858 1480 1925 eol

313 1975 487 2062 refulgens³
510 1980 593 2045 inter
617 1997 691 2043 suos
720 1976 856 2059 collegae
879 1977 1044 2062 episcopos
1071 1978 1208 2042 emicuit.
1250 1976 1355 2042 Huius
1383 1983 1480 2043 autam

314 2093 507 2180 apostolatus
533 2113 594 2177 que
612 2093 708 2158 fuerit
723 2091 856 2175 occasio,
880 2093 961 2158 scire
977 2092 1152 2158 volentibus
1168 2092 1319 2177 aponum,
1346 2092 1429 2159 sicut
1446 2109 1479 2156 er

314 2229 367 2275 ore
397 2210 479 2275 servi
503 2208 564 2274 Dei
586 2207 741 2289 Udalrici,
772 2207 944 2272 sacerdotis
973 2205 1104 2273 ecdesie
1131 2177 1215 2272 hbati
1237 2206 1363 2291 Egidii,
1394 2225 1479 2290 quam

312 2325 396 2390 idem
425 2324 496 2410 pius
520 2323 594 2389 Otto
617 2323 811 2404 construxit,
842 2321 964 2402 audiri3
994 2322 1083 2388 euius
1110 2321 1282 2388 reverende
1308 2322 1481 2388 maturitati

313 2446 345 2506 et
367 2446 508 2525 spectate
531 2458 635 2505 eoram
660 2438 728 2504 Deo
758 2443 790 2503 et
818 2436 996 2503 hominihus
1023 2437 1097 2503 fidei
1127 2436 1173 2503 ita
1199 2458 1251 2504 me
1276 2457 1410 2505 necesse
1428 2438 1482 2503 fuit

313 2555 451 2638 credero,
475 2555 539 2619 acsi
564 2555 700 2639 propriis
724 2554 823 2620 oeulis
846 2573 885 2619 ea
907 2572 967 2638 que
989 2552 1114 2619 dicebat
1136 2553 1295 2619 vidissem.

402 2670 517 2737 Aiebat
546 2688 635 2751 ergo:
673 2670 746 2753 quia
774 2669 941 2755 epiecopus
969 2668 1097 2752 qnidam
1131 2669 1211 2734 mire
1243 2669 1425 2735 sanctitatis
1455 2674 1483 2733 et

313 2785 447 2851 sciencie
469 2785 531 2850 fuit
550 2782 753 2849 Bernhardus
775 2785 913 2867 nomine,
937 2782 1108 2868 Hyepanus
1131 2783 1258 2867 quidem
1281 2804 1410 2868 genere,
1432 2782 1482 2849 aed

313 2900 410 2967 Rome
426 2900 466 2965 ad
483 2900 699 2986 episcopatum
716 2898 834 2964 electus
849 2904 882 2963 et
896 2904 1106 2964 consecratus.
1141 2869 1202 2965 Hie
1223 2898 1390 2984 aliquanto
1410 2896 1484 2966 tem·

312 3034 390 3101 pore
411 3014 628 3080 heremiticam
653 3015 749 3079 uitam
774 3033 845 3079 cnm
870 3013 940 3079 aliis
963 3014 1063 3079 serris
1085 3013 1146 3079 Dei
1169 3014 1317 3095 duxerat3
1345 3017 1414 3099 sed,
1434 3015 1483 3080 de

313 3131 415 3215 posito
433 3128 531 3195 Rome
555 3128 690 3213 quodem
713 3148 844 3194 erroneo
867 3130 1026 3215 episcopo,
1049 3129 1128 3215 ipse,
1149 3136 1229 3195 nutu
1246 3131 1356 3198 divino
1379 3136 1483 3217 raptm

314 3264 352 3309 eu
375 3244 512 3327 heremo,
537 3245 566 3309 ei
588 3243 775 3325 subrogatus
799 3251 855 3310 est
891 3244 950 3322 Qui
966 3262 1097 3311 cernens
1113 3245 1275 3312 ecclesiam
1299 3266 1396 3314 snam
1419 3247 1484 3313 hor·

313 3358 410 3425 raudo
426 3359 574 3427 scismate
588 3358 702 3425 laniari
719 3394 760 3405 -
775 3360 851 3444 quia
872 3380 947 3445 pars
963 3380 1027 3425 una
1041 3360 1113 3444 sibi,
1137 3380 1212 3446 pars
1226 3361 1330 3428 attera
1345 3363 1483 3448 deposito

311 3474 438 3540 favebat
454 3512 495 3522 -
512 3480 549 3538 ut
562 3475 612 3539 vir
635 3474 774 3560 prudeus
798 3480 830 3539 et
853 3476 974 3558 doetus,
997 3477 1030 3542 in
1053 3477 1192 3542 scissura
1213 3478 1484 3545 mentium-Deam

311 3608 374 3653 uon
399 3608 467 3654 esse
490 3590 703 3675 perpendens,
733 3588 905 3655 cedendum
929 3590 1067 3676 tempori
1090 3596 1122 3657 et
1143 3591 1254 3658 diebus
1275 3595 1375 3661 malie
1396 3594 1484 3661 intel·

311 3702 406 3785 lexit3
432 3723 569 3786 curaque
592 3704 744 3789 pastorali
760 3704 914 3790 deposita,
938 3707 979 3771 ad
999 3706 1161 3772 heremum
1176 3709 1300 3791 regredi
1315 3712 1484 3795 cogitabat

312 3823 473 3903 tamquam
505 3825 537 3884 et
565 3819 635 3904 ipse
658 3838 727 3884 cum
752 3818 966 3885 Athanasio·⁴
988 3821 1121 3887 diceret:
1152 3824 1194 3890 Si
1218 3839 1353 3912 propter
1375 3852 1425 3893 rrae
1445 3840 1485 3892 est

384 3972 404 4004 a.
430 3959 539 4017 Gregorio
556 3959 690 4005 Nazenzenc
705 3958 731 4005 in
748 3959 823 4005 littera
838 3960 862 4007 E
876 3960 990 4022 scripura
1005 3969 1040 4008 cet
1051 3977 1099 4023 pro
1114 3964 1247 4011 Athanasio.

384 4056 408 4107 1.
429 4052 620 4123 Marc.13,10.
688 4055 713 4107 2.
732 4054 870 4124 ΕοοΙί.ὃΟ,
884 4057 914 4109 e:
936 4056 1036 4126 ,Quasi
1053 4058 1179 4113 stella-
1193 4060 1293 4115 lueet“.
1358 4063 1386 4115 3.
1405 4060 1483 4115 ueeu

311 4140 354 4208 50,
368 4142 394 4195 7.
484 4142 510 4195 4.
534 4141 589 4196 imo
613 4140 762 4209 Gregorius
785 4142 975 4198 Nazianzenus
1002 4144 1030 4199 iu
1054 4147 1163 4217 synodo
1185 4149 1484 4221 Constantinopolim

311 4226 376 4281 anni
394 4228 455 4282 381.
485 4228 517 4284 V.
537 4228 662 4297 Gregorii
679 4228 746 4284 Nan.
766 4230 883 4285 Carmen
901 4232 937 4285 de
955 4232 1014 4286 rita
1031 4248 1083 4289 sua
1100 4251 1127 4289 v.
1143 4236 1336 4305 1839-1841,
1360 4253 1424 4309 opp.
1442 4236 1481 4290 ert

312 4312 416 4413 Caillau
435 4316 467 4369 T.
480 4315 505 4370 11
525 4332 552 4385 p.
567 4318 632 4388 7713
658 4314 692 4372 of.
711 4318 824 4373 Beronii
841 4318 940 4374 Annal.
958 4320 1011 4375 381
1030 4338 1057 4376 n.
1071 4322 1130 4379 LV.
1166 4322 1208 4380 Of.
1227 4326 1310 4380 etiam
1334 4326 1418 4382 huius
1438 4338 1482 4396 ps·

310 4414 392 4469 genae
409 4417 436 4456 n.
450 4417 474 4457 a.
