<?xml version="1.0" encoding="UTF-8"?>
<!DOCTYPE html PUBLIC "-//W3C//DTD XHTML 1.0 Transitional//EN"
    "http://www.w3.org/TR/xhtml1/DTD/xhtml1-transitional.dtd">
<html xmlns="http://www.w3.org/1999/xhtml" xml:lang="en" lang="en">
 <head>
  <title>
</title>
<meta http-equiv="Content-Type" content="text/html;charset=utf-8" />
  <meta name='ocr-system' content='tesseract 3.04.00' />
  <meta name='ocr-capabilities' content='ocr_page ocr_carea ocr_par ocr_line ocrx_word'/>
</head>
<body>
  <div class='ocr_page' id='page_1' title='image "./bibliothecareru06jaffgoog_0608.png"; bbox 0 0 3142 4850; ppageno 0'>
   <div class='ocr_carea' id='block_1_1' title="bbox 360 266 1263 333">
    <p class='ocr_par' dir='ltr' id='par_1_1' title="bbox 360 266 1263 333">
     <span class='ocr_line' id='line_1_1' title="bbox 360 266 1263 333; baseline 0.004 -5"><span class='ocrx_word' id='word_1_1' title='bbox 360 280 484 328; x_wconf 77' lang='lat' dir='ltr'><strong>neonis</strong></span> <span class='ocrx_word' id='word_1_2' title='bbox 507 281 585 328; x_wconf 78' lang='lat' dir='ltr'><strong>vrrs</strong></span> <span class='ocrx_word' id='word_1_3' title='bbox 609 280 766 330; x_wconf 78' lang='lat' dir='ltr'><strong>orrorus.</strong></span> <span class='ocrx_word' id='word_1_4' title='bbox 802 283 899 330; x_wconf 79' lang='lat' dir='ltr'><strong>cunr</strong></span> <span class='ocrx_word' id='word_1_5' title='bbox 921 280 991 332; x_wconf 83' lang='lat' dir='ltr'><strong>s-s</strong></span> <span class='ocrx_word' id='word_1_6' title='bbox 1196 266 1263 333; x_wconf 79' lang='lat'><strong>593</strong></span> 
     </span>
    </p>
   </div>
   <div class='ocr_carea' id='block_1_2' title="bbox 81 421 1262 2376">
    <p class='ocr_par' dir='ltr' id='par_1_2' title="bbox 88 421 1262 1100">
     <span class='ocr_line' id='line_1_2' title="bbox 92 421 1262 527; baseline 0.007 -25"><span class='ocrx_word' id='word_1_7' title='bbox 92 435 271 504; x_wconf 88' lang='lat' dir='ltr'><strong>Heinrionm</strong></span> <span class='ocrx_word' id='word_1_8' title='bbox 301 439 440 521; x_wconf 78' lang='lat' dir='ltr'><strong>venisse3</strong></span> <span class='ocrx_word' id='word_1_9' title='bbox 477 445 508 508; x_wconf 93' lang='lat' dir='ltr'><strong>et</strong></span> <span class='ocrx_word' id='word_1_10' title='bbox 535 447 608 527; x_wconf 90' lang='lat' dir='ltr'><strong>post</strong></span> <span class='ocrx_word' id='word_1_11' title='bbox 635 440 796 508; x_wconf 91' lang='lat' dir='ltr'><strong>modicum</strong></span> <span class='ocrx_word' id='word_1_12' title='bbox 825 442 958 508; x_wconf 87' lang='lat' dir='ltr'><strong>eundem</strong></span> <span class='ocrx_word' id='word_1_13' title='bbox 987 421 1173 509; x_wconf 79' lang='lat' dir='ltr'><strong>Heinricum</strong></span> <span class='ocrx_word' id='word_1_14' title='bbox 1202 441 1262 512; x_wconf 87' lang='lat' dir='ltr'><strong>Dei</strong></span> 
     </span>
     <span class='ocr_line' id='line_1_3' title="bbox 90 550 1261 644; baseline 0.007 -26"><span class='ocrx_word' id='word_1_15' title='bbox 90 557 166 618; x_wconf 89' lang='lat' dir='ltr'><strong>nutu</strong></span> <span class='ocrx_word' id='word_1_16' title='bbox 181 552 214 618; x_wconf 90' lang='lat' dir='ltr'><strong>iu</strong></span> <span class='ocrx_word' id='word_1_17' title='bbox 229 550 362 621; x_wconf 89' lang='lat' dir='ltr'><strong>Polcnia</strong></span> <span class='ocrx_word' id='word_1_18' title='bbox 376 556 664 642; x_wconf 85' lang='lat' dir='ltr'><strong>archiepiscopatus</strong></span> <span class='ocrx_word' id='word_1_19' title='bbox 681 557 803 643; x_wconf 78' lang='lat' dir='ltr'><strong>apicem</strong></span> <span class='ocrx_word' id='word_1_20' title='bbox 820 557 1048 626; x_wconf 71' lang='lat' dir='ltr'><strong>conscendisse.</strong></span> <span class='ocrx_word' id='word_1_21' title='bbox 1082 556 1140 624; x_wconf 81' lang='lat' dir='ltr'><strong>Cui</strong></span> <span class='ocrx_word' id='word_1_22' title='bbox 1155 558 1261 644; x_wconf 89' lang='lat' dir='ltr'><strong>ipsum</strong></span> 
     </span>
     <span class='ocr_line' id='line_1_4' title="bbox 90 665 1262 758; baseline 0.006 -25"><span class='ocrx_word' id='word_1_23' title='bbox 90 665 270 735; x_wconf 85' lang='lat' dir='ltr'><strong>fidelissimo</strong></span> <span class='ocrx_word' id='word_1_24' title='bbox 295 669 454 738; x_wconf 87' lang='lat' dir='ltr'><strong>adhesisse</strong></span> <span class='ocrx_word' id='word_1_25' title='bbox 476 671 631 739; x_wconf 85' lang='lat' dir='ltr'><strong>famulatu</strong></span> <span class='ocrx_word' id='word_1_26' title='bbox 653 677 811 740; x_wconf 87' lang='lat' dir='ltr'><strong>testantur</strong></span> <span class='ocrx_word' id='word_1_27' title='bbox 827 679 868 758; x_wconf 85' lang='lat' dir='ltr'><strong>et,</strong></span> <span class='ocrx_word' id='word_1_28' title='bbox 892 673 1030 740; x_wconf 88' lang='lat' dir='ltr'><strong>mirabili</strong></span> <span class='ocrx_word' id='word_1_29' title='bbox 1053 674 1262 743; x_wconf 86' lang='lat' dir='ltr'><strong>strennuitate</strong></span> 
     </span>
     <span class='ocr_line' id='line_1_5' title="bbox 91 785 1262 873; baseline 0.003 -23"><span class='ocrx_word' id='word_1_30' title='bbox 91 803 126 850; x_wconf 87' lang='lat' dir='ltr'><strong>ac</strong></span> <span class='ocrx_word' id='word_1_31' title='bbox 147 785 306 870; x_wconf 88' lang='lat' dir='ltr'><strong>sapientia</strong></span> <span class='ocrx_word' id='word_1_32' title='bbox 327 787 361 852; x_wconf 88' lang='lat' dir='ltr'><strong>in</strong></span> <span class='ocrx_word' id='word_1_33' title='bbox 383 786 472 852; x_wconf 82' lang='lat' dir='ltr'><strong>brevi</strong></span> <span class='ocrx_word' id='word_1_34' title='bbox 502 807 559 872; x_wconf 91' lang='lat' dir='ltr'><strong>pcr</strong></span> <span class='ocrx_word' id='word_1_35' title='bbox 581 793 680 854; x_wconf 88' lang='lat' dir='ltr'><strong>totam</strong></span> <span class='ocrx_word' id='word_1_36' title='bbox 704 788 866 872; x_wconf 79' lang='lat' dir='ltr'><strong>regionem</strong></span> <span class='ocrx_word' id='word_1_37' title='bbox 890 789 1102 873; x_wconf 83' lang='lat' dir='ltr'><strong>divulgatum,</strong></span> <span class='ocrx_word' id='word_1_38' title='bbox 1131 794 1198 856; x_wconf 85' lang='lat' dir='ltr'><strong>tam</strong></span> <span class='ocrx_word' id='word_1_39' title='bbox 1221 788 1262 854; x_wconf 89' lang='lat' dir='ltr'><strong>ab</strong></span> 
     </span>
     <span class='ocr_line' id='line_1_6' title="bbox 90 899 1261 990; baseline 0.004 -25"><span class='ocrx_word' id='word_1_40' title='bbox 90 899 324 987; x_wconf 85' lang='lat' dir='ltr'><strong>archiepiscopo</strong></span> <span class='ocrx_word' id='word_1_41' title='bbox 352 922 445 985; x_wconf 88' lang='lat' dir='ltr'><strong>quam</strong></span> <span class='ocrx_word' id='word_1_42' title='bbox 477 909 509 969; x_wconf 89' lang='lat' dir='ltr'><strong>et</strong></span> <span class='ocrx_word' id='word_1_43' title='bbox 538 924 558 969; x_wconf 90' lang='lat' dir='ltr'><strong>a</strong></span> <span class='ocrx_word' id='word_1_44' title='bbox 584 904 757 972; x_wconf 78' lang='lat' dir='ltr'><strong>venerabili</strong></span> <span class='ocrx_word' id='word_1_45' title='bbox 786 903 891 972; x_wconf 86' lang='lat' dir='ltr'><strong>ludita</strong></span> <span class='ocrx_word' id='word_1_46' title='bbox 917 904 1075 990; x_wconf 89' lang='lat' dir='ltr'><strong>imperiali</strong></span> <span class='ocrx_word' id='word_1_47' title='bbox 1111 903 1182 972; x_wconf 88' lang='lat' dir='ltr'><strong>aule</strong></span> <span class='ocrx_word' id='word_1_48' title='bbox 1210 924 1261 970; x_wconf 89' lang='lat' dir='ltr'><strong>as·</strong></span> 
     </span>
     <span class='ocr_line' id='line_1_7' title="bbox 88 1016 256 1100; baseline 0.006 -18"><span class='ocrx_word' id='word_1_49' title='bbox 88 1016 256 1100; x_wconf 87' lang='lat' dir='ltr'><strong>signatum.</strong></span> 
     </span>
    </p>

    <p class='ocr_par' dir='ltr' id='par_1_3' title="bbox 81 1131 1261 2376">
     <span class='ocr_line' id='line_1_8' title="bbox 175 1131 1259 1220; baseline 0.003 -23"><span class='ocrx_word' id='word_1_50' title='bbox 175 1133 207 1198; x_wconf 90' lang='lat'><strong>4.</strong></span> <span class='ocrx_word' id='word_1_51' title='bbox 241 1131 289 1198; x_wconf 91' lang='lat' dir='ltr'><strong>Eo</strong></span> <span class='ocrx_word' id='word_1_52' title='bbox 312 1138 454 1218; x_wconf 91' lang='lat' dir='ltr'><strong>tempore</strong></span> <span class='ocrx_word' id='word_1_53' title='bbox 476 1133 722 1217; x_wconf 89' lang='lat' dir='ltr'><strong>gloriosissimus</strong></span> <span class='ocrx_word' id='word_1_54' title='bbox 737 1136 912 1220; x_wconf 88' lang='lat' dir='ltr'><strong>imperator</strong></span> <span class='ocrx_word' id='word_1_55' title='bbox 927 1134 1094 1203; x_wconf 86' lang='lat' dir='ltr'><strong>Heinricus</strong></span> <span class='ocrx_word' id='word_1_56' title='bbox 1109 1155 1259 1218; x_wconf 86' lang='lat' dir='ltr'><strong>magnum</strong></span> 
     </span>
     <span class='ocr_line' id='line_1_9' title="bbox 87 1247 1259 1345; baseline 0.003 -33"><span class='ocrx_word' id='word_1_57' title='bbox 87 1247 164 1314; x_wconf 85' lang='lat' dir='ltr'><strong>illud</strong></span> <span class='ocrx_word' id='word_1_58' title='bbox 188 1254 220 1314; x_wconf 86' lang='lat' dir='ltr'><strong>ct</strong></span> <span class='ocrx_word' id='word_1_59' title='bbox 242 1247 428 1315; x_wconf 79' lang='lat' dir='ltr'><strong>admirabile</strong></span> <span class='ocrx_word' id='word_1_60' title='bbox 446 1248 605 1336; x_wconf 80' lang='lat' dir='ltr'><strong>Spirensis</strong></span> <span class='ocrx_word' id='word_1_61' title='bbox 629 1250 758 1318; x_wconf 82' lang='lat' dir='ltr'><strong>ecclesie</strong></span> <span class='ocrx_word' id='word_1_62' title='bbox 781 1249 938 1318; x_wconf 84' lang='lat' dir='ltr'><strong>editicium</strong></span> <span class='ocrx_word' id='word_1_63' title='bbox 962 1251 1002 1318; x_wconf 95' lang='lat' dir='ltr'><strong>ob</strong></span> <span class='ocrx_word' id='word_1_64' title='bbox 1025 1251 1259 1345; x_wconf 83' lang='lat' dir='ltr'><strong>venerationem</strong></span> 
     </span>
     <span class='ocr_line' id='line_1_10' title="bbox 86 1362 1260 1453; baseline 0.001 -23"><span class='ocrx_word' id='word_1_65' title='bbox 86 1369 237 1450; x_wconf 88' lang='lat' dir='ltr'><strong>perpetue</strong></span> <span class='ocrx_word' id='word_1_66' title='bbox 259 1364 390 1448; x_wconf 83' lang='lat' dir='ltr'><strong>virginis</strong></span> <span class='ocrx_word' id='word_1_67' title='bbox 415 1363 529 1448; x_wconf 84' lang='lat' dir='ltr'><strong>Maris,</strong></span> <span class='ocrx_word' id='word_1_68' title='bbox 562 1367 650 1433; x_wconf 90' lang='lat' dir='ltr'><strong>cuius</strong></span> <span class='ocrx_word' id='word_1_69' title='bbox 674 1366 821 1452; x_wconf 87' lang='lat' dir='ltr'><strong>specialis</strong></span> <span class='ocrx_word' id='word_1_70' title='bbox 848 1366 1018 1453; x_wconf 86' lang='lat' dir='ltr'><strong>alumpnus</strong></span> <span class='ocrx_word' id='word_1_71' title='bbox 1044 1366 1105 1432; x_wconf 85' lang='lat' dir='ltr'><strong>fuit</strong></span> <span class='ocrx_word' id='word_1_72' title='bbox 1113 1362 1132 1448; x_wconf 88' lang='lat'><strong>¹,</strong></span> <span class='ocrx_word' id='word_1_73' title='bbox 1160 1364 1260 1450; x_wconf 81' lang='lat' dir='ltr'><strong>regali</strong></span> 
     </span>
     <span class='ocr_line' id='line_1_11' title="bbox 86 1479 1261 1567; baseline 0.002 -23"><span class='ocrx_word' id='word_1_74' title='bbox 86 1479 321 1564; x_wconf 88' lang='lat' dir='ltr'><strong>magnificentia</strong></span> <span class='ocrx_word' id='word_1_75' title='bbox 344 1481 535 1547; x_wconf 78' lang='lat' dir='ltr'><strong>exstruebat.</strong></span> <span class='ocrx_word' id='word_1_76' title='bbox 578 1481 640 1548; x_wconf 86' lang='lat' dir='ltr'><strong>Sed</strong></span> <span class='ocrx_word' id='word_1_77' title='bbox 668 1483 813 1564; x_wconf 76' lang='lat' dir='ltr'><strong>magistri</strong></span> <span class='ocrx_word' id='word_1_78' title='bbox 841 1482 961 1567; x_wconf 81' lang='lat' dir='ltr'><strong>operia,</strong></span> <span class='ocrx_word' id='word_1_79' title='bbox 989 1481 1206 1548; x_wconf 86' lang='lat' dir='ltr'><strong>fraudulenter</strong></span> <span class='ocrx_word' id='word_1_80' title='bbox 1229 1487 1261 1546; x_wconf 89' lang='lat' dir='ltr'><strong>et</strong></span> 
     </span>
     <span class='ocr_line' id='line_1_12' title="bbox 85 1594 1260 1684; baseline 0 -22"><span class='ocrx_word' id='word_1_81' title='bbox 85 1595 153 1662; x_wconf 90' lang='lat' dir='ltr'><strong>sine</strong></span> <span class='ocrx_word' id='word_1_82' title='bbox 170 1594 229 1661; x_wconf 90' lang='lat' dir='ltr'><strong>Dei</strong></span> <span class='ocrx_word' id='word_1_83' title='bbox 253 1595 367 1662; x_wconf 91' lang='lat' dir='ltr'><strong>timore</strong></span> <span class='ocrx_word' id='word_1_84' title='bbox 390 1601 529 1680; x_wconf 87' lang='lat' dir='ltr'><strong>agentes,</strong></span> <span class='ocrx_word' id='word_1_85' title='bbox 552 1617 701 1680; x_wconf 86' lang='lat' dir='ltr'><strong>magnam</strong></span> <span class='ocrx_word' id='word_1_86' title='bbox 724 1597 855 1684; x_wconf 87' lang='lat' dir='ltr'><strong>pecunie</strong></span> <span class='ocrx_word' id='word_1_87' title='bbox 874 1597 1082 1680; x_wconf 83' lang='lat' dir='ltr'><strong>quantitatem</strong></span> <span class='ocrx_word' id='word_1_88' title='bbox 1106 1597 1172 1663; x_wconf 90' lang='lat' dir='ltr'><strong>suis</strong></span> <span class='ocrx_word' id='word_1_89' title='bbox 1194 1597 1260 1664; x_wconf 90' lang='lat' dir='ltr'><strong>usi·</strong></span> 
     </span>
     <span class='ocr_line' id='line_1_13' title="bbox 85 1709 1259 1799; baseline 0 -21"><span class='ocrx_word' id='word_1_90' title='bbox 85 1709 142 1778; x_wconf 89' lang='lat' dir='ltr'><strong>bns</strong></span> <span class='ocrx_word' id='word_1_91' title='bbox 167 1711 382 1792; x_wconf 84' lang='lat' dir='ltr'><strong>insumebant3</strong></span> <span class='ocrx_word' id='word_1_92' title='bbox 412 1711 458 1778; x_wconf 87' lang='lat' dir='ltr'><strong>ita</strong></span> <span class='ocrx_word' id='word_1_93' title='bbox 485 1717 521 1777; x_wconf 91' lang='lat' dir='ltr'><strong>ut</strong></span> <span class='ocrx_word' id='word_1_94' title='bbox 548 1713 729 1798; x_wconf 85' lang='lat' dir='ltr'><strong>frequenter</strong></span> <span class='ocrx_word' id='word_1_95' title='bbox 753 1713 793 1778; x_wconf 88' lang='lat' dir='ltr'><strong>ad</strong></span> <span class='ocrx_word' id='word_1_96' title='bbox 817 1732 896 1798; x_wconf 89' lang='lat' dir='ltr'><strong>opus</strong></span> <span class='ocrx_word' id='word_1_97' title='bbox 918 1717 984 1778; x_wconf 88' lang='lat' dir='ltr'><strong>tam</strong></span> <span class='ocrx_word' id='word_1_98' title='bbox 1008 1711 1176 1778; x_wconf 87' lang='lat' dir='ltr'><strong>mirificum</strong></span> <span class='ocrx_word' id='word_1_99' title='bbox 1203 1731 1259 1799; x_wconf 90' lang='lat' dir='ltr'><strong>pe·</strong></span> 
     </span>
     <span class='ocr_line' id='line_1_14' title="bbox 84 1825 1260 1914; baseline 0.002 -22"><span class='ocrx_word' id='word_1_100' title='bbox 84 1828 179 1892; x_wconf 88' lang='lat' dir='ltr'><strong>cunia</strong></span> <span class='ocrx_word' id='word_1_101' title='bbox 205 1829 277 1914; x_wconf 88' lang='lat' dir='ltr'><strong>ipsa</strong></span> <span class='ocrx_word' id='word_1_102' title='bbox 299 1826 455 1894; x_wconf 82' lang='lat' dir='ltr'><strong>delineret.</strong></span> <span class='ocrx_word' id='word_1_103' title='bbox 496 1825 586 1894; x_wconf 85' lang='lat' dir='ltr'><strong>Unde</strong></span> <span class='ocrx_word' id='word_1_104' title='bbox 611 1833 761 1911; x_wconf 71' lang='lat' dir='ltr'><strong>augumus</strong></span> <span class='ocrx_word' id='word_1_105' title='bbox 789 1847 852 1894; x_wconf 91' lang='lat' dir='ltr'><strong>non</strong></span> <span class='ocrx_word' id='word_1_106' title='bbox 879 1828 1030 1895; x_wconf 87' lang='lat' dir='ltr'><strong>mediocri</strong></span> <span class='ocrx_word' id='word_1_107' title='bbox 1053 1827 1160 1894; x_wconf 88' lang='lat' dir='ltr'><strong>dolore</strong></span> <span class='ocrx_word' id='word_1_108' title='bbox 1187 1847 1260 1913; x_wconf 89' lang='lat' dir='ltr'><strong>per·</strong></span> 
     </span>
     <span class='ocr_line' id='line_1_15' title="bbox 84 1943 1259 2026; baseline 0.002 -20"><span class='ocrx_word' id='word_1_109' title='bbox 84 1946 204 2026; x_wconf 85' lang='lat' dir='ltr'><strong>motus,</strong></span> <span class='ocrx_word' id='word_1_110' title='bbox 234 1963 271 2010; x_wconf 80' lang='lat' dir='ltr'><strong>er</strong></span> <span class='ocrx_word' id='word_1_111' title='bbox 297 1943 448 2009; x_wconf 85' lang='lat' dir='ltr'><strong>consultis</strong></span> <span class='ocrx_word' id='word_1_112' title='bbox 472 1943 571 2010; x_wconf 89' lang='lat' dir='ltr'><strong>accito</strong></span> <span class='ocrx_word' id='word_1_113' title='bbox 600 1943 749 2010; x_wconf 79' lang='lat' dir='ltr'><strong>familiari</strong></span> <span class='ocrx_word' id='word_1_114' title='bbox 776 1943 964 2011; x_wconf 88' lang='lat' dir='ltr'><strong>auriculario</strong></span> <span class='ocrx_word' id='word_1_115' title='bbox 987 1963 1045 2010; x_wconf 90' lang='lat' dir='ltr'><strong>suo</strong></span> <span class='ocrx_word' id='word_1_116' title='bbox 1069 1943 1201 2025; x_wconf 88' lang='lat' dir='ltr'><strong>Ottone,</strong></span> <span class='ocrx_word' id='word_1_117' title='bbox 1229 1945 1259 2010; x_wconf 91' lang='lat' dir='ltr'><strong>ei</strong></span> 
     </span>
     <span class='ocr_line' id='line_1_16' title="bbox 82 2058 1259 2145; baseline 0 -21"><span class='ocrx_word' id='word_1_118' title='bbox 82 2058 184 2124; x_wconf 89' lang='lat' dir='ltr'><strong>tocius</strong></span> <span class='ocrx_word' id='word_1_119' title='bbox 200 2059 305 2144; x_wconf 90' lang='lat' dir='ltr'><strong>operis</strong></span> <span class='ocrx_word' id='word_1_120' title='bbox 321 2059 538 2143; x_wconf 81' lang='lat' dir='ltr'><strong>magisterium</strong></span> <span class='ocrx_word' id='word_1_121' title='bbox 555 2058 727 2138; x_wconf 84' lang='lat' dir='ltr'><strong>commisit3</strong></span> <span class='ocrx_word' id='word_1_122' title='bbox 752 2064 863 2145; x_wconf 88' lang='lat' dir='ltr'><strong>utpote</strong></span> <span class='ocrx_word' id='word_1_123' title='bbox 878 2059 967 2126; x_wconf 90' lang='lat' dir='ltr'><strong>cuius</strong></span> <span class='ocrx_word' id='word_1_124' title='bbox 982 2058 1150 2145; x_wconf 85' lang='lat' dir='ltr'><strong>sapientia,</strong></span> <span class='ocrx_word' id='word_1_125' title='bbox 1165 2077 1259 2125; x_wconf 84' lang='lat' dir='ltr'><strong>eunc-</strong></span> 
     </span>
     <span class='ocr_line' id='line_1_17' title="bbox 82 2173 1260 2261; baseline 0.002 -23"><span class='ocrx_word' id='word_1_126' title='bbox 82 2173 123 2238; x_wconf 87' lang='lat' dir='ltr'><strong>tis</strong></span> <span class='ocrx_word' id='word_1_127' title='bbox 146 2174 291 2260; x_wconf 61' lang='lat' dir='ltr'><strong>probats</strong></span> <span class='ocrx_word' id='word_1_128' title='bbox 315 2176 410 2240; x_wconf 91' lang='lat' dir='ltr'><strong>etiam</strong></span> <span class='ocrx_word' id='word_1_129' title='bbox 435 2175 475 2240; x_wconf 92' lang='lat' dir='ltr'><strong>ad</strong></span> <span class='ocrx_word' id='word_1_130' title='bbox 499 2173 621 2240; x_wconf 85' lang='lat' dir='ltr'><strong>maiora</strong></span> <span class='ocrx_word' id='word_1_131' title='bbox 638 2193 760 2259; x_wconf 85' lang='lat' dir='ltr'><strong>quoquc</strong></span> <span class='ocrx_word' id='word_1_132' title='bbox 783 2178 816 2241; x_wconf 91' lang='lat' dir='ltr'><strong>et</strong></span> <span class='ocrx_word' id='word_1_133' title='bbox 832 2175 932 2242; x_wconf 90' lang='lat' dir='ltr'><strong>ardua</strong></span> <span class='ocrx_word' id='word_1_134' title='bbox 946 2174 1161 2261; x_wconf 89' lang='lat' dir='ltr'><strong>dispensanda</strong></span> <span class='ocrx_word' id='word_1_135' title='bbox 1175 2180 1260 2242; x_wconf 88' lang='lat' dir='ltr'><strong>esset</strong></span> 
     </span>
     <span class='ocr_line' id='line_1_18' title="bbox 81 2289 1257 2376; baseline 0.002 -22"><span class='ocrx_word' id='word_1_136' title='bbox 81 2289 205 2356; x_wconf 89' lang='lat' dir='ltr'><strong>idonea.</strong></span> <span class='ocrx_word' id='word_1_137' title='bbox 247 2289 317 2373; x_wconf 84' lang='lat' dir='ltr'><strong>Qui,</strong></span> <span class='ocrx_word' id='word_1_138' title='bbox 342 2290 497 2374; x_wconf 78' lang='lat' dir='ltr'><strong>sagaciter</strong></span> <span class='ocrx_word' id='word_1_139' title='bbox 521 2294 553 2356; x_wconf 86' lang='lat' dir='ltr'><strong>ct</strong></span> <span class='ocrx_word' id='word_1_140' title='bbox 574 2289 705 2376; x_wconf 89' lang='lat' dir='ltr'><strong>provide</strong></span> <span class='ocrx_word' id='word_1_141' title='bbox 728 2291 896 2357; x_wconf 89' lang='lat' dir='ltr'><strong>commisso</strong></span> <span class='ocrx_word' id='word_1_142' title='bbox 920 2291 1009 2376; x_wconf 89' lang='lat' dir='ltr'><strong>operi</strong></span> <span class='ocrx_word' id='word_1_143' title='bbox 1032 2289 1199 2356; x_wconf 88' lang='lat' dir='ltr'><strong>intendens</strong></span> <span class='ocrx_word' id='word_1_144' title='bbox 1215 2325 1257 2337; x_wconf 83' lang='lat'><em>-</em></span> 
     </span>
    </p>
   </div>
   <div class='ocr_carea' id='block_1_3' title="bbox 82 2395 1258 2491">
    <p class='ocr_par' dir='ltr' id='par_1_4' title="bbox 82 2395 1258 2491">
     <span class='ocr_line' id='line_1_19' title="bbox 82 2395 1258 2491; baseline 0 -20"><span class='ocrx_word' id='word_1_145' title='bbox 82 2395 202 2473; x_wconf 83' lang='lat' dir='ltr'><strong>sciebat</strong></span> <span class='ocrx_word' id='word_1_146' title='bbox 230 2405 312 2472; x_wconf 93' lang='lat' dir='ltr'><strong>enim</strong></span> <span class='ocrx_word' id='word_1_147' title='bbox 343 2406 434 2473; x_wconf 83' lang='lat' dir='ltr'><strong>iuxta</strong></span> <span class='ocrx_word' id='word_1_148' title='bbox 462 2404 669 2491; x_wconf 88' lang='lat' dir='ltr'><strong>apostolicum</strong></span> <span class='ocrx_word' id='word_1_149' title='bbox 699 2405 883 2473; x_wconf 88' lang='lat' dir='ltr'><strong>mandatum</strong></span> <span class='ocrx_word' id='word_1_150' title='bbox 912 2406 1047 2473; x_wconf 88' lang='lat' dir='ltr'><strong>dominis</strong></span> <span class='ocrx_word' id='word_1_151' title='bbox 1079 2405 1258 2476; x_wconf 87' lang='lat' dir='ltr'><strong>carnalibus</strong></span> 
     </span>
    </p>
   </div>
   <div class='ocr_carea' id='block_1_4' title="bbox 78 2516 1258 4366">
    <p class='ocr_par' dir='ltr' id='par_1_5' title="bbox 78 2516 1258 3762">
     <span class='ocr_line' id='line_1_20' title="bbox 81 2516 1258 2607; baseline 0.002 -20"><span class='ocrx_word' id='word_1_152' title='bbox 81 2522 126 2587; x_wconf 91' lang='lat' dir='ltr'><strong>sic</strong></span> <span class='ocrx_word' id='word_1_153' title='bbox 150 2523 242 2607; x_wconf 88' lang='lat' dir='ltr'><strong>quasi</strong></span> <span class='ocrx_word' id='word_1_154' title='bbox 265 2521 332 2589; x_wconf 93' lang='lat' dir='ltr'><strong>Deo</strong></span> <span class='ocrx_word' id='word_1_155' title='bbox 355 2516 574 2588; x_wconf 87' lang='lat' dir='ltr'><strong>serviendum¹</strong></span> <span class='ocrx_word' id='word_1_156' title='bbox 590 2558 631 2567; x_wconf 91' lang='lat'><em>-</em></span> <span class='ocrx_word' id='word_1_157' title='bbox 654 2522 836 2607; x_wconf 87' lang='lat' dir='ltr'><strong>frequenter</strong></span> <span class='ocrx_word' id='word_1_158' title='bbox 858 2523 898 2588; x_wconf 86' lang='lat' dir='ltr'><strong>ad</strong></span> <span class='ocrx_word' id='word_1_159' title='bbox 921 2527 1041 2589; x_wconf 87' lang='lat' dir='ltr'><strong>curtem</strong></span> <span class='ocrx_word' id='word_1_160' title='bbox 1065 2522 1187 2603; x_wconf 87' lang='lat' dir='ltr'><strong>regiam</strong></span> <span class='ocrx_word' id='word_1_161' title='bbox 1208 2541 1258 2589; x_wconf 88' lang='lat' dir='ltr'><strong>rc-</strong></span> 
     </span>
     <span class='ocr_line' id='line_1_21' title="bbox 80 2636 1257 2724; baseline -0.002 -19"><span class='ocrx_word' id='word_1_162' title='bbox 80 2658 227 2721; x_wconf 81' lang='lat' dir='ltr'><strong>grcssus,</strong></span> <span class='ocrx_word' id='word_1_163' title='bbox 252 2638 431 2724; x_wconf 82' lang='lat' dir='ltr'><strong>pecuniam,</strong></span> <span class='ocrx_word' id='word_1_164' title='bbox 456 2658 516 2722; x_wconf 86' lang='lat' dir='ltr'><strong>que</strong></span> <span class='ocrx_word' id='word_1_165' title='bbox 539 2642 705 2723; x_wconf 87' lang='lat' dir='ltr'><strong>supererat</strong></span> <span class='ocrx_word' id='word_1_166' title='bbox 727 2642 846 2703; x_wconf 89' lang='lat' dir='ltr'><strong>statuto</strong></span> <span class='ocrx_word' id='word_1_167' title='bbox 869 2638 974 2723; x_wconf 88' lang='lat' dir='ltr'><strong>operi,</strong></span> <span class='ocrx_word' id='word_1_168' title='bbox 998 2636 1133 2703; x_wconf 84' lang='lat' dir='ltr'><strong>fideliter</strong></span> <span class='ocrx_word' id='word_1_169' title='bbox 1156 2637 1184 2703; x_wconf 92' lang='lat' dir='ltr'><strong>ei</strong></span> <span class='ocrx_word' id='word_1_170' title='bbox 1208 2656 1257 2703; x_wconf 91' lang='lat' dir='ltr'><strong>re·</strong></span> 
     </span>
     <span class='ocr_line' id='line_1_22' title="bbox 80 2752 1256 2839; baseline 0 -20"><span class='ocrx_word' id='word_1_171' title='bbox 80 2754 242 2837; x_wconf 83' lang='lat' dir='ltr'><strong>signabat3</strong></span> <span class='ocrx_word' id='word_1_172' title='bbox 271 2753 401 2839; x_wconf 89' lang='lat' dir='ltr'><strong>insuper</strong></span> <span class='ocrx_word' id='word_1_173' title='bbox 430 2753 470 2819; x_wconf 90' lang='lat' dir='ltr'><strong>ad</strong></span> <span class='ocrx_word' id='word_1_174' title='bbox 498 2752 649 2819; x_wconf 88' lang='lat' dir='ltr'><strong>indicium</strong></span> <span class='ocrx_word' id='word_1_175' title='bbox 678 2753 841 2837; x_wconf 85' lang='lat' dir='ltr'><strong>ingeniose</strong></span> <span class='ocrx_word' id='word_1_176' title='bbox 868 2752 1030 2835; x_wconf 85' lang='lat' dir='ltr'><strong>diligentie</strong></span> <span class='ocrx_word' id='word_1_177' title='bbox 1058 2772 1115 2817; x_wconf 89' lang='lat' dir='ltr'><strong>sue</strong></span> <span class='ocrx_word' id='word_1_178' title='bbox 1143 2770 1256 2836; x_wconf 89' lang='lat' dir='ltr'><strong>equam</strong></span> 
     </span>
     <span class='ocr_line' id='line_1_23' title="bbox 79 2866 1257 2954; baseline -0.003 -19"><span class='ocrx_word' id='word_1_179' title='bbox 79 2870 291 2937; x_wconf 83' lang='lat' dir='ltr'><strong>fenestrarum</strong></span> <span class='ocrx_word' id='word_1_180' title='bbox 315 2869 446 2935; x_wconf 87' lang='lat' dir='ltr'><strong>ecclesie</strong></span> <span class='ocrx_word' id='word_1_181' title='bbox 467 2888 658 2951; x_wconf 86' lang='lat' dir='ltr'><strong>mensnram,</strong></span> <span class='ocrx_word' id='word_1_182' title='bbox 683 2869 855 2954; x_wconf 88' lang='lat' dir='ltr'><strong>prudenter</strong></span> <span class='ocrx_word' id='word_1_183' title='bbox 878 2890 898 2935; x_wconf 88' lang='lat' dir='ltr'><strong>a</strong></span> <span class='ocrx_word' id='word_1_184' title='bbox 919 2889 953 2935; x_wconf 88' lang='lat' dir='ltr'><strong>sc</strong></span> <span class='ocrx_word' id='word_1_185' title='bbox 976 2867 1173 2954; x_wconf 85' lang='lat' dir='ltr'><strong>dispositam,</strong></span> <span class='ocrx_word' id='word_1_186' title='bbox 1197 2866 1257 2933; x_wconf 92' lang='lat' dir='ltr'><strong>im·</strong></span> 
     </span>
     <span class='ocr_line' id='line_1_24' title="bbox 80 2981 1257 3071; baseline -0.005 -17"><span class='ocrx_word' id='word_1_187' title='bbox 80 2986 222 3071; x_wconf 88' lang='lat' dir='ltr'><strong>peratori</strong></span> <span class='ocrx_word' id='word_1_188' title='bbox 257 2984 516 3051; x_wconf 88' lang='lat' dir='ltr'><strong>considerandam</strong></span> <span class='ocrx_word' id='word_1_189' title='bbox 547 2983 706 3051; x_wconf 82' lang='lat' dir='ltr'><strong>offerebat.</strong></span> <span class='ocrx_word' id='word_1_190' title='bbox 753 2984 815 3051; x_wconf 90' lang='lat' dir='ltr'><strong>Pro</strong></span> <span class='ocrx_word' id='word_1_191' title='bbox 843 3004 905 3069; x_wconf 84' lang='lat' dir='ltr'><strong>qua</strong></span> <span class='ocrx_word' id='word_1_192' title='bbox 938 2982 1150 3051; x_wconf 86' lang='lat' dir='ltr'><strong>sincerissime</strong></span> <span class='ocrx_word' id='word_1_193' title='bbox 1182 2981 1257 3049; x_wconf 90' lang='lat' dir='ltr'><strong>fidei</strong></span> 
     </span>
     <span class='ocr_line' id='line_1_25' title="bbox 79 3099 1256 3185; baseline -0.001 -18"><span class='ocrx_word' id='word_1_194' title='bbox 79 3100 344 3169; x_wconf 82' lang='lat' dir='ltr'><strong>constantianus</strong></span> <span class='ocrx_word' id='word_1_195' title='bbox 369 3100 470 3167; x_wconf 89' lang='lat' dir='ltr'><strong>solum</strong></span> <span class='ocrx_word' id='word_1_196' title='bbox 494 3100 560 3183; x_wconf 89' lang='lat' dir='ltr'><strong>regi</strong></span> <span class='ocrx_word' id='word_1_197' title='bbox 584 3099 639 3167; x_wconf 89' lang='lat' dir='ltr'><strong>sed</strong></span> <span class='ocrx_word' id='word_1_198' title='bbox 663 3105 695 3165; x_wconf 90' lang='lat' dir='ltr'><strong>et</strong></span> <span class='ocrx_word' id='word_1_199' title='bbox 714 3100 835 3166; x_wconf 86' lang='lat' dir='ltr'><strong>cunctis</strong></span> <span class='ocrx_word' id='word_1_200' title='bbox 851 3099 1056 3185; x_wconf 85' lang='lat' dir='ltr'><strong>optimatibus</strong></span> <span class='ocrx_word' id='word_1_201' title='bbox 1078 3099 1124 3163; x_wconf 84' lang='lat' dir='ltr'><strong>ita</strong></span> <span class='ocrx_word' id='word_1_202' title='bbox 1148 3118 1182 3165; x_wconf 90' lang='lat' dir='ltr'><strong>se</strong></span> <span class='ocrx_word' id='word_1_203' title='bbox 1205 3118 1256 3165; x_wconf 83' lang='lat' dir='ltr'><strong>aa·</strong></span> 
     </span>
     <span class='ocr_line' id='line_1_26' title="bbox 80 3214 1256 3304; baseline -0.003 -20"><span class='ocrx_word' id='word_1_204' title='bbox 80 3222 207 3304; x_wconf 91' lang='lat' dir='ltr'><strong>ceptum</strong></span> <span class='ocrx_word' id='word_1_205' title='bbox 231 3216 378 3300; x_wconf 86' lang='lat' dir='ltr'><strong>reddidit,</strong></span> <span class='ocrx_word' id='word_1_206' title='bbox 402 3220 439 3281; x_wconf 90' lang='lat' dir='ltr'><strong>ut</strong></span> <span class='ocrx_word' id='word_1_207' title='bbox 453 3214 520 3282; x_wconf 88' lang='lat' dir='ltr'><strong>Deo</strong></span> <span class='ocrx_word' id='word_1_208' title='bbox 544 3214 663 3299; x_wconf 84' lang='lat' dir='ltr'><strong>gratias</strong></span> <span class='ocrx_word' id='word_1_209' title='bbox 681 3220 821 3300; x_wconf 68' lang='lat' dir='ltr'><strong>agerent,</strong></span> <span class='ocrx_word' id='word_1_210' title='bbox 845 3214 930 3299; x_wconf 88' lang='lat' dir='ltr'><strong>quod</strong></span> <span class='ocrx_word' id='word_1_211' title='bbox 952 3214 994 3279; x_wconf 92' lang='lat' dir='ltr'><strong>ad</strong></span> <span class='ocrx_word' id='word_1_212' title='bbox 1016 3214 1083 3281; x_wconf 87' lang='lat' dir='ltr'><strong>eins</strong></span> <span class='ocrx_word' id='word_1_213' title='bbox 1106 3214 1256 3281; x_wconf 85' lang='lat' dir='ltr'><strong>noticiam</strong></span> 
     </span>
     <span class='ocr_line' id='line_1_27' title="bbox 80 3328 1256 3417; baseline -0.003 -19"><span class='ocrx_word' id='word_1_214' title='bbox 80 3332 308 3417; x_wconf 89' lang='lat' dir='ltr'><strong>pervenissent.</strong></span> <span class='ocrx_word' id='word_1_215' title='bbox 352 3330 513 3415; x_wconf 87' lang='lat' dir='ltr'><strong>Siquidem</strong></span> <span class='ocrx_word' id='word_1_216' title='bbox 543 3329 725 3397; x_wconf 89' lang='lat' dir='ltr'><strong>interiorem</strong></span> <span class='ocrx_word' id='word_1_217' title='bbox 756 3330 855 3398; x_wconf 88' lang='lat' dir='ltr'><strong>animi</strong></span> <span class='ocrx_word' id='word_1_218' title='bbox 877 3329 946 3396; x_wconf 89' lang='lat' dir='ltr'><strong>eius</strong></span> <span class='ocrx_word' id='word_1_219' title='bbox 968 3328 1146 3396; x_wconf 79' lang='lat' dir='ltr'><strong>sollertiam</strong></span> <span class='ocrx_word' id='word_1_220' title='bbox 1169 3335 1256 3396; x_wconf 86' lang='lat' dir='ltr'><strong>exte·</strong></span> 
     </span>
     <span class='ocr_line' id='line_1_28' title="bbox 79 3444 1256 3533; baseline -0.002 -20"><span class='ocrx_word' id='word_1_221' title='bbox 79 3448 174 3515; x_wconf 86' lang='lat' dir='ltr'><strong>rioris</strong></span> <span class='ocrx_word' id='word_1_222' title='bbox 198 3467 322 3533; x_wconf 87' lang='lat' dir='ltr'><strong>quoque</strong></span> <span class='ocrx_word' id='word_1_223' title='bbox 344 3447 481 3515; x_wconf 86' lang='lat' dir='ltr'><strong>hominis</strong></span> <span class='ocrx_word' id='word_1_224' title='bbox 504 3445 630 3511; x_wconf 90' lang='lat' dir='ltr'><strong>habitus</strong></span> <span class='ocrx_word' id='word_1_225' title='bbox 654 3445 849 3531; x_wconf 83' lang='lat' dir='ltr'><strong>preferebat3</strong></span> <span class='ocrx_word' id='word_1_226' title='bbox 872 3446 919 3511; x_wconf 89' lang='lat' dir='ltr'><strong>ita</strong></span> <span class='ocrx_word' id='word_1_227' title='bbox 941 3451 977 3511; x_wconf 89' lang='lat' dir='ltr'><strong>ut</strong></span> <span class='ocrx_word' id='word_1_228' title='bbox 998 3444 1169 3531; x_wconf 88' lang='lat' dir='ltr'><strong>prudentes</strong></span> <span class='ocrx_word' id='word_1_229' title='bbox 1187 3444 1256 3529; x_wconf 91' lang='lat' dir='ltr'><strong>qui·</strong></span> 
     </span>
     <span class='ocr_line' id='line_1_29' title="bbox 80 3560 1256 3649; baseline -0.002 -20"><span class='ocrx_word' id='word_1_230' title='bbox 80 3583 140 3647; x_wconf 88' lang='lat' dir='ltr'><strong>que</strong></span> <span class='ocrx_word' id='word_1_231' title='bbox 164 3584 205 3630; x_wconf 86' lang='lat' dir='ltr'><strong>ex</strong></span> <span class='ocrx_word' id='word_1_232' title='bbox 228 3564 298 3649; x_wconf 89' lang='lat' dir='ltr'><strong>ipso</strong></span> <span class='ocrx_word' id='word_1_233' title='bbox 322 3562 389 3629; x_wconf 90' lang='lat' dir='ltr'><strong>eins</strong></span> <span class='ocrx_word' id='word_1_234' title='bbox 413 3566 563 3644; x_wconf 89' lang='lat' dir='ltr'><strong>scemate,</strong></span> <span class='ocrx_word' id='word_1_235' title='bbox 588 3560 670 3645; x_wconf 90' lang='lat' dir='ltr'><strong>quod</strong></span> <span class='ocrx_word' id='word_1_236' title='bbox 694 3560 727 3626; x_wconf 91' lang='lat' dir='ltr'><strong>in</strong></span> <span class='ocrx_word' id='word_1_237' title='bbox 750 3580 787 3627; x_wconf 93' lang='lat' dir='ltr'><strong>eo</strong></span> <span class='ocrx_word' id='word_1_238' title='bbox 810 3561 951 3627; x_wconf 87' lang='lat' dir='ltr'><strong>futurum</strong></span> <span class='ocrx_word' id='word_1_239' title='bbox 974 3564 1073 3644; x_wconf 88' lang='lat' dir='ltr'><strong>esset,</strong></span> <span class='ocrx_word' id='word_1_240' title='bbox 1100 3562 1256 3645; x_wconf 55' lang='lat' dir='ltr'><strong>amanter</strong></span> 
     </span>
     <span class='ocr_line' id='line_1_30' title="bbox 78 3678 300 3762; baseline -0.005 -17"><span class='ocrx_word' id='word_1_241' title='bbox 78 3678 300 3762; x_wconf 84' lang='lat' dir='ltr'><strong>intelligerent</strong></span> 
     </span>
    </p>

    <p class='ocr_par' dir='ltr' id='par_1_6' title="bbox 79 3789 1255 4224">
     <span class='ocr_line' id='line_1_31' title="bbox 170 3789 1255 3876; baseline -0.004 -15"><span class='ocrx_word' id='word_1_242' title='bbox 170 3796 202 3861; x_wconf 82' lang='lat' dir='ltr'><strong>b.</strong></span> <span class='ocrx_word' id='word_1_243' title='bbox 237 3794 318 3861; x_wconf 87' lang='lat' dir='ltr'><strong>Nam</strong></span> <span class='ocrx_word' id='word_1_244' title='bbox 343 3797 379 3859; x_wconf 89' lang='lat' dir='ltr'><strong>ut</strong></span> <span class='ocrx_word' id='word_1_245' title='bbox 401 3792 440 3858; x_wconf 94' lang='lat' dir='ltr'><strong>de</strong></span> <span class='ocrx_word' id='word_1_246' title='bbox 462 3790 570 3857; x_wconf 90' lang='lat' dir='ltr'><strong>multis</strong></span> <span class='ocrx_word' id='word_1_247' title='bbox 593 3810 691 3857; x_wconf 92' lang='lat' dir='ltr'><strong>unum</strong></span> <span class='ocrx_word' id='word_1_248' title='bbox 707 3789 846 3876; x_wconf 80' lang='lat' dir='ltr'><strong>exempli</strong></span> <span class='ocrx_word' id='word_1_249' title='bbox 868 3810 964 3857; x_wconf 83' lang='lat' dir='ltr'><strong>causa</strong></span> <span class='ocrx_word' id='word_1_250' title='bbox 986 3794 1163 3873; x_wconf 87' lang='lat' dir='ltr'><strong>annectam,</strong></span> <span class='ocrx_word' id='word_1_251' title='bbox 1186 3789 1255 3875; x_wconf 85' lang='lat' dir='ltr'><strong>qui·</strong></span> 
     </span>
     <span class='ocr_line' id='line_1_32' title="bbox 80 3905 1254 3995; baseline -0.004 -19"><span class='ocrx_word' id='word_1_252' title='bbox 80 3908 152 3976; x_wconf 92' lang='lat' dir='ltr'><strong>dam</strong></span> <span class='ocrx_word' id='word_1_253' title='bbox 178 3913 268 3995; x_wconf 85' lang='lat' dir='ltr'><strong>paler</strong></span> <span class='ocrx_word' id='word_1_254' title='bbox 291 3908 428 3974; x_wconf 87' lang='lat' dir='ltr'><strong>familias</strong></span> <span class='ocrx_word' id='word_1_255' title='bbox 450 3907 489 3973; x_wconf 91' lang='lat' dir='ltr'><strong>de</strong></span> <span class='ocrx_word' id='word_1_256' title='bbox 506 3905 648 3992; x_wconf 88' lang='lat' dir='ltr'><strong>Spirensi</strong></span> <span class='ocrx_word' id='word_1_257' title='bbox 671 3906 801 3973; x_wconf 83' lang='lat' dir='ltr'><strong>civitate</strong></span> <span class='ocrx_word' id='word_1_258' title='bbox 814 3905 1007 3975; x_wconf 88' lang='lat' dir='ltr'><strong>Anshelmus</strong></span> <span class='ocrx_word' id='word_1_259' title='bbox 1029 3905 1168 3989; x_wconf 88' lang='lat' dir='ltr'><strong>nomine,</strong></span> <span class='ocrx_word' id='word_1_260' title='bbox 1190 3926 1254 3971; x_wconf 92' lang='lat' dir='ltr'><strong>non</strong></span> 
     </span>
     <span class='ocr_line' id='line_1_33' title="bbox 79 4019 1255 4109; baseline -0.004 -18"><span class='ocrx_word' id='word_1_261' title='bbox 79 4029 146 4091; x_wconf 85' lang='lat' dir='ltr'><strong>tam</strong></span> <span class='ocrx_word' id='word_1_262' title='bbox 161 4024 286 4091; x_wconf 88' lang='lat' dir='ltr'><strong>diviciis</strong></span> <span class='ocrx_word' id='word_1_263' title='bbox 301 4044 396 4109; x_wconf 87' lang='lat' dir='ltr'><strong>quam</strong></span> <span class='ocrx_word' id='word_1_264' title='bbox 413 4022 565 4107; x_wconf 86' lang='lat' dir='ltr'><strong>religione</strong></span> <span class='ocrx_word' id='word_1_265' title='bbox 582 4025 615 4089; x_wconf 87' lang='lat' dir='ltr'><strong>et</strong></span> <span class='ocrx_word' id='word_1_266' title='bbox 632 4020 807 4107; x_wconf 88' lang='lat' dir='ltr'><strong>prudencia</strong></span> <span class='ocrx_word' id='word_1_267' title='bbox 817 4021 963 4105; x_wconf 88' lang='lat' dir='ltr'><strong>insignis,</strong></span> <span class='ocrx_word' id='word_1_268' title='bbox 986 4020 1119 4088; x_wconf 87' lang='lat' dir='ltr'><strong>eundem</strong></span> <span class='ocrx_word' id='word_1_269' title='bbox 1137 4019 1255 4093; x_wconf 78' lang='lat' dir='ltr'><strong>Christi</strong></span> 
     </span>
     <span class='ocr_line' id='line_1_34' title="bbox 79 4134 1254 4224; baseline -0.002 -21"><span class='ocrx_word' id='word_1_270' title='bbox 79 4158 218 4224; x_wconf 78' lang='lat' dir='ltr'><strong>servum,</strong></span> <span class='ocrx_word' id='word_1_271' title='bbox 242 4140 344 4207; x_wconf 88' lang='lat' dir='ltr'><strong>adhuc</strong></span> <span class='ocrx_word' id='word_1_272' title='bbox 362 4140 397 4205; x_wconf 93' lang='lat' dir='ltr'><strong>in</strong></span> <span class='ocrx_word' id='word_1_273' title='bbox 413 4138 567 4207; x_wconf 86' lang='lat' dir='ltr'><strong>tenuitate</strong></span> <span class='ocrx_word' id='word_1_274' title='bbox 589 4137 738 4223; x_wconf 88' lang='lat' dir='ltr'><strong>positum,</strong></span> <span class='ocrx_word' id='word_1_275' title='bbox 764 4143 933 4222; x_wconf 86' lang='lat' dir='ltr'><strong>antequam</strong></span> <span class='ocrx_word' id='word_1_276' title='bbox 946 4137 982 4205; x_wconf 89' lang='lat' dir='ltr'><strong>iu</strong></span> <span class='ocrx_word' id='word_1_277' title='bbox 996 4140 1118 4203; x_wconf 87' lang='lat' dir='ltr'><strong>curtem</strong></span> <span class='ocrx_word' id='word_1_278' title='bbox 1133 4134 1254 4217; x_wconf 81' lang='lat' dir='ltr'><strong>regiam</strong></span> 
     </span>
    </p>

    <p class='ocr_par' dir='ltr' id='par_1_7' title="bbox 153 4292 1255 4366">
     <span class='ocr_line' id='line_1_35' title="bbox 153 4292 1255 4366; baseline -0.003 -15"><span class='ocrx_word' id='word_1_279' title='bbox 153 4299 178 4351; x_wconf 93' lang='lat'><strong>1.</strong></span> <span class='ocrx_word' id='word_1_280' title='bbox 198 4294 238 4353; x_wconf 80' lang='lat' dir='ltr'><strong>cf.</strong></span> <span class='ocrx_word' id='word_1_281' title='bbox 252 4296 371 4353; x_wconf 86' lang='lat' dir='ltr'><strong>Heinrici</strong></span> <span class='ocrx_word' id='word_1_282' title='bbox 383 4296 422 4353; x_wconf 89' lang='lat' dir='ltr'><strong>lV</strong></span> <span class='ocrx_word' id='word_1_283' title='bbox 437 4294 517 4366; x_wconf 89' lang='lat' dir='ltr'><strong>epist.</strong></span> <span class='ocrx_word' id='word_1_284' title='bbox 536 4309 620 4364; x_wconf 86' lang='lat' dir='ltr'><strong>supra</strong></span> <span class='ocrx_word' id='word_1_285' title='bbox 636 4310 663 4364; x_wconf 93' lang='lat' dir='ltr'><strong>p.</strong></span> <span class='ocrx_word' id='word_1_286' title='bbox 676 4294 744 4349; x_wconf 78' lang='lat'>506:</span> <span class='ocrx_word' id='word_1_287' title='bbox 764 4294 979 4365; x_wconf 71' lang='lat' dir='ltr'><strong>„Conquerimur</strong></span> <span class='ocrx_word' id='word_1_288' title='bbox 996 4294 1056 4350; x_wconf 87' lang='lat' dir='ltr'><strong>Deo</strong></span> <span class='ocrx_word' id='word_1_289' title='bbox 1073 4292 1255 4364; x_wconf 85' lang='lat' dir='ltr'><strong>omnipotenti</strong></span> 
     </span>
    </p>
   </div>
   <div class='ocr_carea' id='block_1_5' title="bbox 79 4381 1042 4534">
    <p class='ocr_par' dir='ltr' id='par_1_8' title="bbox 79 4381 1042 4534">
     <span class='ocr_line' id='line_1_36' title="bbox 79 4381 976 4452; baseline -0.002 -12"><span class='ocrx_word' id='word_1_290' title='bbox 79 4388 109 4440; x_wconf 83' lang='lat' dir='ltr'><strong>et</strong></span> <span class='ocrx_word' id='word_1_291' title='bbox 127 4384 260 4441; x_wconf 86' lang='lat' dir='ltr'><strong>domins</strong></span> <span class='ocrx_word' id='word_1_292' title='bbox 278 4399 348 4441; x_wconf 88' lang='lat' dir='ltr'><strong>mee</strong></span> <span class='ocrx_word' id='word_1_293' title='bbox 366 4387 461 4441; x_wconf 86' lang='lat' dir='ltr'><strong>sancto</strong></span> <span class='ocrx_word' id='word_1_294' title='bbox 480 4383 580 4439; x_wconf 81' lang='lat' dir='ltr'><strong>llarie“</strong></span> <span class='ocrx_word' id='word_1_295' title='bbox 600 4390 652 4437; x_wconf 88' lang='lat' dir='ltr'><strong>cet.</strong></span> <span class='ocrx_word' id='word_1_296' title='bbox 743 4384 768 4439; x_wconf 80' lang='grc'><strong>2.</strong></span> <span class='ocrx_word' id='word_1_297' title='bbox 790 4381 892 4451; x_wconf 77' lang='lat' dir='ltr'><strong>untes.</strong></span> <span class='ocrx_word' id='word_1_298' title='bbox 905 4384 931 4452; x_wconf 81' lang='lat'><strong>6,</strong></span> <span class='ocrx_word' id='word_1_299' title='bbox 949 4384 976 4438; x_wconf 86' lang='lat'><strong>5.</strong></span> 
     </span>
     <span class='ocr_line' id='line_1_37' title="bbox 124 4480 1042 4534; baseline -0.003 -6"><span class='ocrx_word' id='word_1_300' title='bbox 124 4480 205 4533; x_wconf 68' lang='lat' dir='ltr'><strong>suri.</strong></span> <span class='ocrx_word' id='word_1_301' title='bbox 220 4484 364 4529; x_wconf 63' lang='lat' dir='ltr'><strong>suanense·</strong></span> <span class='ocrx_word' id='word_1_302' title='bbox 374 4484 403 4527; x_wconf 89' lang='lat' dir='ltr'><strong>v.</strong></span> <span class='ocrx_word' id='word_1_303' title='bbox 1005 4482 1042 4534; x_wconf 77' lang='lat'><strong>38</strong></span> 
     </span>
    </p>
   </div>
   <div class='ocr_carea' id='block_1_6' title="bbox 0 0 1576 4850">
    <p class='ocr_par' dir='ltr' id='par_1_9' title="bbox 0 0 1576 4850">
     <span class='ocr_line' id='line_1_38' title="bbox 0 0 1576 4850; baseline 0 3"><span class='ocrx_word' id='word_1_304' title='bbox 0 0 1576 4850; x_wconf 95' lang='lat' dir='ltr'><strong> </strong></span> 
     </span>
    </p>
   </div>
  </div>
 </body>
</html>
