3142 4850
501 340 666 389 uosunrcr
689 341 816 388 consa.
851 340 887 390 aa
1236 325 1281 390 49

104 518 140 562 cx
163 497 231 563 vita
255 517 365 564 eorum
390 499 560 565 secundum
583 519 718 566 canonas
742 500 788 566 eis
804 500 947 566 obsistat.
1038 500 1141 566 Tanta
1163 502 1281 587 quippe
1300 517 1391 572 1063?

103 612 213 678 talium
243 613 416 680 multitudo
446 620 509 696 cst,
537 619 588 698 ut,
619 615 693 680 dum
717 617 854 699 rigorem
878 614 1020 681 canonici
1043 614 1161 697 vigoris
1185 635 1281 702 super

103 749 154 794 cos
177 749 308 794 servare
332 749 394 794 non
412 749 589 814 possumus,
613 749 742 796 necesse
765 731 818 811 sit,
837 736 874 797 at
893 731 1124 816 dispensatoria
1146 730 1187 796 ad
1207 732 1279 818 piae

103 844 379 910 condescensionis
394 845 533 910 studium
558 846 680 912 animos
703 851 829 912 nostros
851 845 1058 931 adpraesens
1074 846 1279 929 inclinemus3

102 959 146 1024 its
166 963 287 1042 mmen,
311 967 349 1026 ut
371 962 560 1028 auctoritate
581 966 761 1028 sauctorum
785 961 1002 1047 apostolorum
1024 961 1111 1027 Petri
1133 968 1167 1028 et
1188 961 1278 1028 Pauli

103 1075 294 1142 omnimodis
316 1076 558 1143 interdicamus:
588 1096 628 1143 nc
652 1076 765 1162 aliquis
795 1097 1012 1144 successorum
1037 1082 1217 1143 nostrorum
1241 1098 1281 1144 ex

101 1188 160 1256 bac
174 1195 288 1256 nostra
302 1192 510 1276 permissione
524 1191 668 1276 regulam
683 1191 744 1258 sibi
759 1193 811 1258 vel
826 1193 919 1259 alicui
930 1198 1113 1279 praesumat
1124 1193 1175 1259 vel
1189 1213 1282 1279 prae·

101 1303 193 1388 tigat3
218 1307 295 1389 qnia
317 1325 382 1372 non
404 1307 484 1374 bano
507 1309 707 1392 antiquorum
730 1314 859 1393 patrum
881 1309 1053 1376 auctoritas
1067 1309 1203 1376 iubendo
1227 1314 1282 1375 aut

102 1421 303 1488 concedendo
332 1421 561 1507 promulgavit,
591 1424 646 1490 sed
679 1425 782 1510 turpis
813 1430 845 1492 et
877 1425 978 1490 nimia
1005 1425 1177 1492 necessitas
1209 1445 1282 1510 per·

102 1536 258 1602 mittendo
283 1557 303 1602 a
324 1538 416 1606 nobis
439 1539 582 1606 extorsit.

190 1652 241 1718 Dc
270 1658 375 1720 cetero
406 1660 527 1738 autem,
557 1655 585 1721 si
613 1655 684 1740 quis
712 1655 786 1720 binc
807 1656 843 1721 in
865 1660 1027 1740 posteram
1050 1654 1091 1720 ab
1114 1675 1162 1738 eo,
1185 1675 1280 1740 quam

103 1769 318 1852 symoniacum
344 1789 413 1836 esse
435 1789 498 1836 non
521 1770 655 1852 dubitat,
680 1789 713 1836 se
736 1772 913 1837 consecrari
936 1770 1125 1855 permiserit,
1152 1775 1185 1836 et
1207 1791 1280 1836 con-

1 1921 2 1924 =
104 1889 243 1950 sacrator
273 1891 305 1952 et
332 1891 532 1952 consecratus
560 1905 624 1952 uon
648 1885 808 1972 disparem
830 1886 1065 1973 dampnationis
1088 1886 1278 1952 sententiam

103 1999 202 2080 ineat;
220 2005 252 2066 et
268 2005 399 2085 uterque
416 2000 575 2087 depositus
592 2001 804 2088 penitenciam
819 2007 893 2085 agat
904 2007 937 2068 et
950 2002 1094 2088 privatus
1114 2001 1280 2088 apropria

104 2113 256 2197 dignitate
279 2116 439 2200 persistat.

189 2230 303 2298 Preter
336 2231 416 2298 haec
447 2229 570 2300 autem¹
607 2232 830 2319 praecipiendo
864 2232 1068 2316 mandamus,
1104 2236 1140 2296 ut
1173 2231 1278 2298 nudos

1 2359 2 2362 ’
104 2347 232 2411 missam
263 2346 373 2413 audiat
400 2347 583 2434 presbiteri,
619 2367 711 2432 quem
740 2349 801 2414 scit
828 2346 1034 2414 concubinam
1062 2347 1279 2414 indubitanter

1 2444 2 2515 i
103 2461 216 2528 babere
232 2462 283 2529 vel
298 2462 569 2529 subintroductam
584 2463 758 2530 mulierem.
795 2463 884 2529 Unde
906 2464 1168 2548 sanctasynodus
1183 2463 1278 2529 baec·

105 2580 234 2664 scopite
247 2579 307 2645 sub
323 2580 647 2645 excommunicatione
662 2580 774 2645 statuit
789 2580 911 2645 diceus:
931 2580 1118 2666 Quicunque
1133 2582 1278 2645 accedes

1 2708 2 2783 j
104 2695 148 2758 ccl
174 2696 330 2760 diaconus
357 2697 406 2761 oet
432 2698 642 2762 subdiaconus
671 2730 712 2741 -
738 2708 814 2783 post
845 2700 1046 2761 eouedtutum
1078 2699 1183 2761 beatae
1212 2704 1290 2760 me·'

1 2798 2 2893 ,
102 2814 220 2875 awrice
240 2812 492 2897 praedecessoris
519 2815 623 2879 nostri
649 2816 841 2879 soacdoaimi
857 2835 967 2898 papae
994 2812 1111 2876 Meum
1134 2824 1191 2875 aut
1213 2811 1276 2874 Ni-

103 2924 198 2990 eoae*
230 2928 270 2992 dc
297 2930 437 2993 ccsatote
464 2929 649 2993 abacorum
674 2966 714 2977 -
739 2930 944 2993 concubinum
972 2929 1064 3000 ducit
1087 2926 1201 3012 polum
1228 2925 1279 2990 uel

103 3042 224 3107 ductam
248 3064 314 3107 noa
338 3044 480 3129 reliquit,
513 3066 550 3109 ea
577 3058 669 3132 purte
699 3046 919 3130 omnipotentio
949 3043 1016 3107 Dei
1042 3054 1072 3107 ec
1093 3044 1278 3106 caumate

1 3146 2 3207 i
103 3157 190 3221 Petri
212 3170 242 3223 et
264 3158 367 3224 Pauli
386 3164 600 3246 praecipimus
622 3173 651 3226 et
666 3163 793 3224 omuino
809 3159 1069 3224 contradicimus:
1092 3170 1128 3221 ut
1148 3160 1278 3221 uocaus

102 3296 162 3338 oon
190 3287 296 3339 caatct
316 3296 417 3361 aeque
440 3277 637 3361 euaapele'um
667 3278 711 3341 cd
732 3278 861 3340 comeo-m
884 3275 967 3359 leqot
990 3295 1089 3359 neque
1113 3272 1278 3357 epistolum
1403 3320 1406 3326 .

1 3384 2 3391 '
103 3388 197 3474 tepea·
222 3411 323 3475 neque
344 3394 379 3455 iu
397 3394 585 3477 presbiterio
609 3394 653 3457 ud
675 3394 785 3456 diviua
809 3391 915 3475 officia
934 3412 1004 3455 cum
1026 3391 1085 3467 bie,
1112 3391 1170 3473 qui
1178 3410 1276 3473 proe-

94 3504 184 3589 satoe
208 3508 426 3571 concertationi
447 3508 618 3573 obedientes
631 3506 770 3592 fuerint,
801 3518 945 3582 maneum
974 3526 1074 3590 acque
1101 3516 1207 3589 partes
1237 3504 1277 3568 cd

103 3622 229 3686 mulmis
250 3624 413 3707 ewcipiot.

187 3736 231 3802 Et
254 3732 502 3822 praecipientes¹
525 3736 717 3819 statuimus,
732 3742 768 3801 ut
789 3736 841 3801 bi·
864 3734 1098 3821 praedictorum
1120 3732 1277 3816 ordinum,

103 3853 153 3935 qui
176 3852 296 3918 eisdem
326 3850 621 3937 praedecessoribus
651 3850 769 3917 uostris
798 3850 980 3917 obedientes
1009 3849 1187 3915 castitatem
1211 3866 1277 3912 sor·

102 3967 253 4051 caverint,
276 3966 369 4034 iuxta
391 3966 548 4051 ecclosias,
573 3966 686 4051 quibus
710 3966 848 4033 ordinati
869 3970 954 4050 suut,
977 3965 1060 4031 sicut
1080 3967 1207 4050 oportet
1226 3980 1277 4028 re·

169 4159 188 4191 a
212 4144 258 4191 boc
274 4144 304 4190 B.
382 4143 405 4190 b.
429 4143 534 4191 Nicbolsi
550 4142 574 4191 V.
653 4158 672 4191 c.
696 4144 767 4193 biiV.

171 4266 194 4320 l.
215 4265 344 4335 ,Praeter
360 4264 415 4320 boc
432 4270 524 4321 autem
544 4294 577 4305 -·
596 4264 632 4320 ab
651 4265 768 4319 ecclesia
786 4263 935 4335 suseipiat¹⁴
955 4265 1083 4332 tegantur
1103 4262 1131 4316 iu
1150 4259 1275 4317 Gratiam

99 4352 172 4408 deur.
190 4353 246 4407 P.1
265 4353 300 4407 D.
313 4355 349 4409 32
368 4369 392 4408 c.
406 4355 432 4409 6.
508 4356 535 4410 2.
556 4352 775 4424 ,Praecipiuntes
789 4380 823 4393 -
838 4356 994 4408 mercantur
1012 4349 1127 4406 ascribi“
1147 4355 1213 4405 snut
1229 4366 1274 4419 ap.

99 4440 260 4497 Gratianum
279 4442 297 4496 l.
309 4442 327 4496 l.

143 4536 221 4590 ἔκη’.
238 4540 385 4585 Bibliotheca
400 4540 429 4582 V.
1046 4527 1063 4581 4
