<?xml version="1.0" encoding="UTF-8"?>
<!DOCTYPE html PUBLIC "-//W3C//DTD XHTML 1.0 Transitional//EN"
    "http://www.w3.org/TR/xhtml1/DTD/xhtml1-transitional.dtd">
<html xmlns="http://www.w3.org/1999/xhtml" xml:lang="en" lang="en">
 <head>
  <title>
</title>
<meta http-equiv="Content-Type" content="text/html;charset=utf-8" />
  <meta name='ocr-system' content='tesseract 3.04.00' />
  <meta name='ocr-capabilities' content='ocr_page ocr_carea ocr_par ocr_line ocrx_word'/>
</head>
<body>
  <div class='ocr_page' id='page_1' title='image "./bibliothecareru06jaffgoog_0482.png"; bbox 0 0 3142 4850; ppageno 0'>
   <div class='ocr_carea' id='block_1_1' title="bbox 430 332 912 386">
    <p class='ocr_par' dir='ltr' id='par_1_1' title="bbox 430 332 912 386">
     <span class='ocr_line' id='line_1_1' title="bbox 430 332 912 386; baseline -0.002 0"><span class='ocrx_word' id='word_1_1' title='bbox 430 337 597 386; x_wconf 63' lang='lat' dir='ltr'><strong>summor</strong></span> <span class='ocrx_word' id='word_1_2' title='bbox 620 337 746 386; x_wconf 74' lang='lat' dir='ltr'>OODBX.</span> <span class='ocrx_word' id='word_1_3' title='bbox 782 333 845 386; x_wconf 75' lang='grc'><strong>279.</strong></span> <span class='ocrx_word' id='word_1_4' title='bbox 857 332 912 385; x_wconf 72' lang='lat' dir='ltr'><strong>udo</strong></span> 
     </span>
    </p>
   </div>
   <div class='ocr_carea' id='block_1_2' title="bbox 184 494 1110 928">
    <p class='ocr_par' dir='ltr' id='par_1_2' title="bbox 184 494 1110 928">
     <span class='ocr_line' id='line_1_2' title="bbox 184 494 1080 584; baseline 0 -24"><span class='ocrx_word' id='word_1_5' title='bbox 184 513 227 560; x_wconf 78' lang='lat' dir='ltr'><strong>rie</strong></span> <span class='ocrx_word' id='word_1_6' title='bbox 242 494 360 564; x_wconf 87' lang='lat' dir='ltr'><strong>Lucius</strong></span> <span class='ocrx_word' id='word_1_7' title='bbox 382 496 465 580; x_wconf 69' lang='lat' dir='ltr'><strong>hinc,</strong></span> <span class='ocrx_word' id='word_1_8' title='bbox 488 497 599 562; x_wconf 91' lang='lat' dir='ltr'><strong>mundi</strong></span> <span class='ocrx_word' id='word_1_9' title='bbox 621 497 751 584; x_wconf 87' lang='lat' dir='ltr'><strong>cupiens</strong></span> <span class='ocrx_word' id='word_1_10' title='bbox 774 494 928 562; x_wconf 89' lang='lat' dir='ltr'><strong>obsistere</strong></span> <span class='ocrx_word' id='word_1_11' title='bbox 950 495 1080 579; x_wconf 78' lang='lat' dir='ltr'><strong>morbis,</strong></span> 
     </span>
     <span class='ocr_line' id='line_1_3' title="bbox 241 609 1056 700; baseline -0.004 -22"><span class='ocrx_word' id='word_1_12' title='bbox 241 611 302 678; x_wconf 86' lang='lat' dir='ltr'><strong>Est</strong></span> <span class='ocrx_word' id='word_1_13' title='bbox 323 618 445 700; x_wconf 81' lang='lat' dir='ltr'><strong>raptus,</strong></span> <span class='ocrx_word' id='word_1_14' title='bbox 468 611 525 679; x_wconf 87' lang='lat' dir='ltr'><strong>tali</strong></span> <span class='ocrx_word' id='word_1_15' title='bbox 549 611 624 696; x_wconf 90' lang='lat' dir='ltr'><strong>quia</strong></span> <span class='ocrx_word' id='word_1_16' title='bbox 646 611 759 696; x_wconf 82' lang='lat' dir='ltr'><strong>dignus</strong></span> <span class='ocrx_word' id='word_1_17' title='bbox 783 631 848 676; x_wconf 90' lang='lat' dir='ltr'><strong>nan</strong></span> <span class='ocrx_word' id='word_1_18' title='bbox 871 616 940 677; x_wconf 90' lang='lat' dir='ltr'><strong>erat</strong></span> <span class='ocrx_word' id='word_1_19' title='bbox 962 609 1056 678; x_wconf 88' lang='lat' dir='ltr'><strong>orbis.</strong></span> 
     </span>
     <span class='ocr_line' id='line_1_4' title="bbox 243 725 1099 812; baseline -0.004 -18"><span class='ocrx_word' id='word_1_20' title='bbox 243 727 371 796; x_wconf 80' lang='lat' dir='ltr'><strong>Tertius</strong></span> <span class='ocrx_word' id='word_1_21' title='bbox 393 727 565 812; x_wconf 76' lang='lat' dir='ltr'><strong>Eugenius,</strong></span> <span class='ocrx_word' id='word_1_22' title='bbox 589 727 643 812; x_wconf 90' lang='lat' dir='ltr'><strong>qni</strong></span> <span class='ocrx_word' id='word_1_23' title='bbox 665 747 749 794; x_wconf 89' lang='lat' dir='ltr'><strong>nune</strong></span> <span class='ocrx_word' id='word_1_24' title='bbox 771 725 933 812; x_wconf 86' lang='lat' dir='ltr'><strong>praelatus</strong></span> <span class='ocrx_word' id='word_1_25' title='bbox 955 725 1099 808; x_wconf 85' lang='lat' dir='ltr'><strong>babetur,</strong></span> 
     </span>
     <span class='ocr_line' id='line_1_5' title="bbox 242 840 1110 928; baseline -0.002 -20"><span class='ocrx_word' id='word_1_26' title='bbox 242 841 351 911; x_wconf 85' lang='lat' dir='ltr'><strong>Donec</strong></span> <span class='ocrx_word' id='word_1_27' title='bbox 373 843 451 928; x_wconf 78' lang='lat' dir='ltr'><strong>vult,</strong></span> <span class='ocrx_word' id='word_1_28' title='bbox 474 844 576 925; x_wconf 83' lang='lat' dir='ltr'><strong>vivat3</strong></span> <span class='ocrx_word' id='word_1_29' title='bbox 601 841 727 910; x_wconf 90' lang='lat' dir='ltr'><strong>demum</strong></span> <span class='ocrx_word' id='word_1_30' title='bbox 751 862 847 928; x_wconf 89' lang='lat' dir='ltr'><strong>super</strong></span> <span class='ocrx_word' id='word_1_31' title='bbox 869 848 957 908; x_wconf 85' lang='lat' dir='ltr'><strong>astra</strong></span> <span class='ocrx_word' id='word_1_32' title='bbox 978 840 1110 908; x_wconf 84' lang='lat' dir='ltr'><strong>leretur.</strong></span> 
     </span>
    </p>
   </div>
   <div class='ocr_carea' id='block_1_3' title="bbox 181 991 1118 1194">
    <p class='ocr_par' dir='ltr' id='par_1_3' title="bbox 181 991 1118 1194">
     <span class='ocr_line' id='line_1_6' title="bbox 242 991 1049 1079; baseline 0 -21"><span class='ocrx_word' id='word_1_33' title='bbox 242 993 378 1071; x_wconf 76' lang='lat' dir='ltr'><strong>Quartus</strong></span> <span class='ocrx_word' id='word_1_34' title='bbox 401 994 590 1060; x_wconf 79' lang='lat' dir='ltr'><strong>Anastasius</strong></span> <span class='ocrx_word' id='word_1_35' title='bbox 613 997 686 1079; x_wconf 89' lang='lat' dir='ltr'><strong>post</strong></span> <span class='ocrx_word' id='word_1_36' title='bbox 708 992 874 1058; x_wconf 88' lang='lat' dir='ltr'><strong>eeclesiam</strong></span> <span class='ocrx_word' id='word_1_37' title='bbox 896 991 1049 1075; x_wconf 73' lang='lat' dir='ltr'>viduavit,</span> 
     </span>
     <span class='ocr_line' id='line_1_7' title="bbox 181 1105 1118 1194; baseline 0 -22"><span class='ocrx_word' id='word_1_38' title='bbox 181 1126 227 1172; x_wconf 83' lang='lat' dir='ltr'><strong>rao</strong></span> <span class='ocrx_word' id='word_1_39' title='bbox 242 1107 342 1187; x_wconf 85' lang='lat' dir='ltr'><strong>Quam</strong></span> <span class='ocrx_word' id='word_1_40' title='bbox 366 1107 427 1176; x_wconf 86' lang='lat' dir='ltr'><strong>sibi</strong></span> <span class='ocrx_word' id='word_1_41' title='bbox 449 1129 523 1174; x_wconf 84' lang='lat' dir='ltr'><strong>mox</strong></span> <span class='ocrx_word' id='word_1_42' title='bbox 546 1109 697 1194; x_wconf 86' lang='lat' dir='ltr'><strong>copulans</strong></span> <span class='ocrx_word' id='word_1_43' title='bbox 719 1107 882 1174; x_wconf 75' lang='lat' dir='ltr'><strong>Adrianus</strong></span> <span class='ocrx_word' id='word_1_44' title='bbox 904 1105 1118 1174; x_wconf 85' lang='lat' dir='ltr'><strong>clarificavit·.</strong></span> 
     </span>
    </p>
   </div>
   <div class='ocr_carea' id='block_1_4' title="bbox 82 1395 1259 4387">
    <p class='ocr_par' dir='ltr' id='par_1_4' title="bbox 82 1395 1259 4387">
     <span class='ocr_line' id='line_1_8' title="bbox 90 1395 1256 1489; baseline -0.002 -23"><span class='ocrx_word' id='word_1_45' title='bbox 90 1395 173 1470; x_wconf 78' lang='lat'><strong>280.</strong></span> <span class='ocrx_word' id='word_1_46' title='bbox 194 1399 322 1470; x_wconf 71' lang='lat' dir='ltr'><strong>Ceam</strong></span> <span class='ocrx_word' id='word_1_47' title='bbox 356 1402 610 1489; x_wconf 73' lang='lat' dir='ltr'><strong>archiepiscopus</strong></span> <span class='ocrx_word' id='word_1_48' title='bbox 639 1401 815 1468; x_wconf 80' lang='lat' dir='ltr'><strong>Colooeneo‘e</strong></span> <span class='ocrx_word' id='word_1_49' title='bbox 842 1402 1045 1486; x_wconf 82' lang='lat' dir='ltr'><strong>Morqoordo</strong></span> <span class='ocrx_word' id='word_1_50' title='bbox 1080 1399 1189 1466; x_wconf 76' lang='lat' dir='ltr'><strong>abbati</strong></span> <span class='ocrx_word' id='word_1_51' title='bbox 1218 1399 1256 1467; x_wconf 81' lang='lat' dir='ltr'><strong>S.</strong></span> 
     </span>
     <span class='ocr_line' id='line_1_9' title="bbox 195 1489 1257 1606; baseline -0.004 -22"><span class='ocrx_word' id='word_1_52' title='bbox 195 1515 304 1584; x_wconf 64' lang='lat' dir='ltr'><strong>&amp;ecre</strong></span> <span class='ocrx_word' id='word_1_53' title='bbox 326 1520 507 1606; x_wconf 76' lang='lat' dir='ltr'><strong>respondet,</strong></span> <span class='ocrx_word' id='word_1_54' title='bbox 537 1519 678 1584; x_wconf 79' lang='lat' dir='ltr'><strong>coenobii</strong></span> <span class='ocrx_word' id='word_1_55' title='bbox 700 1529 863 1603; x_wconf 74' lang='lat' dir='ltr'><strong>epectatem</strong></span> <span class='ocrx_word' id='word_1_56' title='bbox 886 1517 1048 1582; x_wconf 82' lang='lat' dir='ltr'><strong>sublevere</strong></span> <span class='ocrx_word' id='word_1_57' title='bbox 1070 1489 1126 1582; x_wconf 72' lang='lat' dir='ltr'><strong>ad</strong></span> <span class='ocrx_word' id='word_1_58' title='bbox 1137 1529 1257 1602; x_wconf 76' lang='lat' dir='ltr'><strong>tempos</strong></span> 
     </span>
     <span class='ocr_line' id='line_1_10' title="bbox 192 1629 1256 1711; baseline -0.003 -13"><span class='ocrx_word' id='word_1_59' title='bbox 192 1633 257 1698; x_wconf 71' lang='lat' dir='ltr'><strong>abe·</strong></span> <span class='ocrx_word' id='word_1_60' title='bbox 276 1656 341 1700; x_wconf 78' lang='lat' dir='ltr'><strong>ooo</strong></span> <span class='ocrx_word' id='word_1_61' title='bbox 364 1632 484 1699; x_wconf 72' lang='lat' dir='ltr'><strong>licere⁵.</strong></span> <span class='ocrx_word' id='word_1_62' title='bbox 1122 1629 1160 1711; x_wconf 84' lang='lat' dir='ltr'><strong>(E</strong></span> <span class='ocrx_word' id='word_1_63' title='bbox 1177 1631 1256 1710; x_wconf 84' lang='lat'><strong>368)</strong></span> 
     </span>
     <span class='ocr_line' id='line_1_11' title="bbox 170 1763 1255 1851; baseline -0.003 -20"><span class='ocrx_word' id='word_1_64' title='bbox 170 1763 327 1847; x_wconf 74' lang='lat' dir='ltr'><strong>Olosmas)</strong></span> <span class='ocrx_word' id='word_1_65' title='bbox 351 1766 411 1832; x_wconf 91' lang='lat' dir='ltr'><strong>Dei</strong></span> <span class='ocrx_word' id='word_1_66' title='bbox 435 1766 538 1850; x_wconf 77' lang='lat' dir='ltr'><strong>gratia</strong></span> <span class='ocrx_word' id='word_1_67' title='bbox 561 1763 740 1832; x_wconf 68' lang='lat' dir='ltr'><strong>(tolosensis</strong></span> <span class='ocrx_word' id='word_1_68' title='bbox 763 1763 1020 1851; x_wconf 76' lang='lat' dir='ltr'><strong>archiepiscopus</strong></span> <span class='ocrx_word' id='word_1_69' title='bbox 1039 1763 1255 1848; x_wconf 82' lang='lat' dir='ltr'><strong>M(arquardo)</strong></span> 
     </span>
     <span class='ocr_line' id='line_1_12' title="bbox 85 1877 1254 1948; baseline 0.002 -5"><span class='ocrx_word' id='word_1_70' title='bbox 85 1877 187 1946; x_wconf 85' lang='lat' dir='ltr'><strong>abbati</strong></span> <span class='ocrx_word' id='word_1_71' title='bbox 204 1879 340 1948; x_wconf 84' lang='lat' dir='ltr'><strong>Sanctae</strong></span> <span class='ocrx_word' id='word_1_72' title='bbox 356 1881 465 1948; x_wconf 81' lang='lat' dir='ltr'><strong>Crucis</strong></span> <span class='ocrx_word' id='word_1_73' title='bbox 489 1887 522 1947; x_wconf 92' lang='lat' dir='ltr'><strong>et</strong></span> <span class='ocrx_word' id='word_1_74' title='bbox 537 1881 596 1948; x_wconf 91' lang='lat' dir='ltr'><strong>toti</strong></span> <span class='ocrx_word' id='word_1_75' title='bbox 613 1879 780 1948; x_wconf 81' lang='lat' dir='ltr'><strong>conventui</strong></span> <span class='ocrx_word' id='word_1_76' title='bbox 797 1880 932 1946; x_wconf 91' lang='lat' dir='ltr'><strong>salutem</strong></span> <span class='ocrx_word' id='word_1_77' title='bbox 948 1885 980 1946; x_wconf 91' lang='lat' dir='ltr'><strong>et</strong></span> <span class='ocrx_word' id='word_1_78' title='bbox 995 1879 1254 1946; x_wconf 87' lang='lat' dir='ltr'><strong>benedictionem.</strong></span> 
     </span>
     <span class='ocr_line' id='line_1_13' title="bbox 169 1994 1257 2080; baseline -0.003 -17"><span class='ocrx_word' id='word_1_79' title='bbox 169 1995 222 2063; x_wconf 78' lang='lat' dir='ltr'><strong>Ex</strong></span> <span class='ocrx_word' id='word_1_80' title='bbox 249 2003 357 2080; x_wconf 74' lang='lat' dir='ltr'><strong>tenore</strong></span> <span class='ocrx_word' id='word_1_81' title='bbox 386 1997 550 2064; x_wconf 87' lang='lat' dir='ltr'><strong>literarum</strong></span> <span class='ocrx_word' id='word_1_82' title='bbox 579 2001 756 2062; x_wconf 87' lang='lat' dir='ltr'><strong>vestrarum</strong></span> <span class='ocrx_word' id='word_1_83' title='bbox 784 1996 1003 2080; x_wconf 79' lang='lat' dir='ltr'><strong>eognovimus,</strong></span> <span class='ocrx_word' id='word_1_84' title='bbox 1032 1995 1116 2080; x_wconf 90' lang='lat' dir='ltr'><strong>quod</strong></span> <span class='ocrx_word' id='word_1_85' title='bbox 1144 1994 1257 2061; x_wconf 90' lang='lat' dir='ltr'><strong>domus</strong></span> 
     </span>
     <span class='ocr_line' id='line_1_14' title="bbox 85 2109 1257 2200; baseline -0.001 -23"><span class='ocrx_word' id='word_1_86' title='bbox 85 2118 186 2178; x_wconf 89' lang='lat' dir='ltr'><strong>vestra</strong></span> <span class='ocrx_word' id='word_1_87' title='bbox 209 2113 384 2178; x_wconf 80' lang='lat' dir='ltr'><strong>maximum</strong></span> <span class='ocrx_word' id='word_1_88' title='bbox 408 2133 504 2200; x_wconf 89' lang='lat' dir='ltr'><strong>passa</strong></span> <span class='ocrx_word' id='word_1_89' title='bbox 525 2112 568 2178; x_wconf 87' lang='lat' dir='ltr'><strong>sit</strong></span> <span class='ocrx_word' id='word_1_90' title='bbox 594 2110 793 2197; x_wconf 81' lang='lat' dir='ltr'><strong>dispendium</strong></span> <span class='ocrx_word' id='word_1_91' title='bbox 817 2117 850 2178; x_wconf 91' lang='lat' dir='ltr'><strong>et</strong></span> <span class='ocrx_word' id='word_1_92' title='bbox 872 2131 956 2178; x_wconf 87' lang='lat' dir='ltr'><strong>nuno</strong></span> <span class='ocrx_word' id='word_1_93' title='bbox 977 2127 1040 2177; x_wconf 94' lang='lat' dir='ltr'><strong>non</strong></span> <span class='ocrx_word' id='word_1_94' title='bbox 1063 2111 1188 2178; x_wconf 88' lang='lat' dir='ltr'><strong>modica</strong></span> <span class='ocrx_word' id='word_1_95' title='bbox 1209 2109 1257 2176; x_wconf 90' lang='lat' dir='ltr'><strong>la·</strong></span> 
     </span>
     <span class='ocr_line' id='line_1_15' title="bbox 83 2225 1256 2312; baseline 0.001 -19"><span class='ocrx_word' id='word_1_96' title='bbox 83 2225 171 2294; x_wconf 89' lang='lat' dir='ltr'><strong>beret</strong></span> <span class='ocrx_word' id='word_1_97' title='bbox 199 2233 350 2312; x_wconf 77' lang='lat' dir='ltr'><strong>egestate.</strong></span> <span class='ocrx_word' id='word_1_98' title='bbox 393 2227 510 2294; x_wconf 86' lang='lat' dir='ltr'><strong>Verum</strong></span> <span class='ocrx_word' id='word_1_99' title='bbox 539 2227 803 2309; x_wconf 66' lang='lat' dir='ltr'><strong>vestram-latere</strong></span> <span class='ocrx_word' id='word_1_100' title='bbox 830 2226 977 2293; x_wconf 90' lang='lat' dir='ltr'><strong>nolumus</strong></span> <span class='ocrx_word' id='word_1_101' title='bbox 1007 2226 1256 2311; x_wconf 80' lang='lat' dir='ltr'><strong>uniuersitatem,</strong></span> 
     </span>
     <span class='ocr_line' id='line_1_16' title="bbox 84 2340 1257 2429; baseline -0.001 -20"><span class='ocrx_word' id='word_1_102' title='bbox 84 2343 163 2428; x_wconf 85' lang='lat' dir='ltr'><strong>quod</strong></span> <span class='ocrx_word' id='word_1_103' title='bbox 188 2344 324 2411; x_wconf 84' lang='lat' dir='ltr'><strong>domnus</strong></span> <span class='ocrx_word' id='word_1_104' title='bbox 353 2340 427 2412; x_wconf 81' lang='lat' dir='ltr'><strong>rex&#39;</strong></span> <span class='ocrx_word' id='word_1_105' title='bbox 455 2343 494 2411; x_wconf 93' lang='lat' dir='ltr'><strong>ob</strong></span> <span class='ocrx_word' id='word_1_106' title='bbox 523 2343 789 2427; x_wconf 73' lang='lat' dir='ltr'><strong>indignationem,</strong></span> <span class='ocrx_word' id='word_1_107' title='bbox 819 2363 915 2429; x_wconf 85' lang='lat' dir='ltr'><strong>quam</strong></span> <span class='ocrx_word' id='word_1_108' title='bbox 944 2343 1095 2410; x_wconf 86' lang='lat' dir='ltr'><strong>adversus</strong></span> <span class='ocrx_word' id='word_1_109' title='bbox 1121 2363 1179 2410; x_wconf 89' lang='lat' dir='ltr'><strong>nos</strong></span> <span class='ocrx_word' id='word_1_110' title='bbox 1208 2343 1257 2408; x_wconf 92' lang='lat' dir='ltr'><strong>in·</strong></span> 
     </span>
     <span class='ocr_line' id='line_1_17' title="bbox 83 2458 1255 2548; baseline 0 -23"><span class='ocrx_word' id='word_1_111' title='bbox 83 2458 184 2544; x_wconf 75' lang='lat' dir='ltr'><strong>debite</strong></span> <span class='ocrx_word' id='word_1_112' title='bbox 208 2462 369 2548; x_wconf 83' lang='lat' dir='ltr'><strong>concepit,</strong></span> <span class='ocrx_word' id='word_1_113' title='bbox 392 2460 534 2527; x_wconf 88' lang='lat' dir='ltr'><strong>redditus</strong></span> <span class='ocrx_word' id='word_1_114' title='bbox 557 2465 681 2526; x_wconf 90' lang='lat' dir='ltr'><strong>nostros</strong></span> <span class='ocrx_word' id='word_1_115' title='bbox 710 2459 938 2527; x_wconf 74' lang='lat' dir='ltr'><strong>aeclesiasticos</strong></span> <span class='ocrx_word' id='word_1_116' title='bbox 960 2460 1051 2527; x_wconf 90' lang='lat' dir='ltr'><strong>nobis</strong></span> <span class='ocrx_word' id='word_1_117' title='bbox 1080 2460 1255 2527; x_wconf 84' lang='lat' dir='ltr'><strong>interdixit</strong></span> 
     </span>
     <span class='ocr_line' id='line_1_18' title="bbox 82 2572 1256 2662; baseline 0.001 -22"><span class='ocrx_word' id='word_1_118' title='bbox 82 2572 168 2643; x_wconf 89' lang='lat' dir='ltr'><strong>Unde</strong></span> <span class='ocrx_word' id='word_1_119' title='bbox 192 2576 272 2645; x_wconf 87' lang='lat' dir='ltr'><strong>licet</strong></span> <span class='ocrx_word' id='word_1_120' title='bbox 292 2582 416 2645; x_wconf 86' lang='lat' dir='ltr'><strong>vestrae</strong></span> <span class='ocrx_word' id='word_1_121' title='bbox 439 2596 534 2661; x_wconf 91' lang='lat' dir='ltr'><strong>quam</strong></span> <span class='ocrx_word' id='word_1_122' title='bbox 557 2576 727 2662; x_wconf 91' lang='lat' dir='ltr'><strong>plurimum</strong></span> <span class='ocrx_word' id='word_1_123' title='bbox 758 2576 993 2661; x_wconf 76' lang='lat' dir='ltr'><strong>comperiamus</strong></span> <span class='ocrx_word' id='word_1_124' title='bbox 1014 2575 1155 2659; x_wconf 85' lang='lat' dir='ltr'><strong>inediae,</strong></span> <span class='ocrx_word' id='word_1_125' title='bbox 1186 2595 1256 2641; x_wconf 90' lang='lat' dir='ltr'><strong>eam</strong></span> 
     </span>
     <span class='ocr_line' id='line_1_19' title="bbox 83 2690 1257 2778; baseline -0.001 -21"><span class='ocrx_word' id='word_1_126' title='bbox 83 2690 120 2757; x_wconf 87' lang='lat' dir='ltr'><strong>ad</strong></span> <span class='ocrx_word' id='word_1_127' title='bbox 142 2712 297 2778; x_wconf 87' lang='lat' dir='ltr'><strong>praesens</strong></span> <span class='ocrx_word' id='word_1_128' title='bbox 319 2697 427 2759; x_wconf 89' lang='lat' dir='ltr'><strong>nostro</strong></span> <span class='ocrx_word' id='word_1_129' title='bbox 455 2692 595 2775; x_wconf 79' lang='lat' dir='ltr'><strong>relevare</strong></span> <span class='ocrx_word' id='word_1_130' title='bbox 623 2712 687 2757; x_wconf 92' lang='lat' dir='ltr'><strong>non</strong></span> <span class='ocrx_word' id='word_1_131' title='bbox 717 2712 886 2778; x_wconf 87' lang='lat' dir='ltr'><strong>possumus</strong></span> <span class='ocrx_word' id='word_1_132' title='bbox 914 2690 1043 2757; x_wconf 84' lang='lat' dir='ltr'><strong>auxilio.</strong></span> <span class='ocrx_word' id='word_1_133' title='bbox 1141 2690 1257 2757; x_wconf 87' lang='lat' dir='ltr'><strong>Sciatis</strong></span> 
     </span>
     <span class='ocr_line' id='line_1_20' title="bbox 82 2806 1258 2895; baseline 0 -22"><span class='ocrx_word' id='word_1_134' title='bbox 82 2810 196 2893; x_wconf 88' lang='lat' dir='ltr'><strong>tamen,</strong></span> <span class='ocrx_word' id='word_1_135' title='bbox 223 2808 318 2893; x_wconf 88' lang='lat' dir='ltr'><strong>quod,</strong></span> <span class='ocrx_word' id='word_1_136' title='bbox 342 2808 522 2895; x_wconf 86' lang='lat' dir='ltr'><strong>quamcito</strong></span> <span class='ocrx_word' id='word_1_137' title='bbox 545 2808 725 2875; x_wconf 76' lang='lat' dir='ltr'><strong>reddituum</strong></span> <span class='ocrx_word' id='word_1_138' title='bbox 748 2813 929 2875; x_wconf 88' lang='lat' dir='ltr'><strong>nostrorum</strong></span> <span class='ocrx_word' id='word_1_139' title='bbox 952 2806 1079 2893; x_wconf 90' lang='lat' dir='ltr'><strong>plenam</strong></span> <span class='ocrx_word' id='word_1_140' title='bbox 1102 2807 1258 2893; x_wconf 87' lang='lat' dir='ltr'><strong>receperi-</strong></span> 
     </span>
     <span class='ocr_line' id='line_1_21' title="bbox 82 2922 1257 3009; baseline 0 -21"><span class='ocrx_word' id='word_1_141' title='bbox 82 2942 148 2990; x_wconf 92' lang='lat' dir='ltr'><strong>mus</strong></span> <span class='ocrx_word' id='word_1_142' title='bbox 172 2924 423 3009; x_wconf 87' lang='lat' dir='ltr'><strong>reetitucionam,</strong></span> <span class='ocrx_word' id='word_1_143' title='bbox 448 2924 619 2991; x_wconf 90' lang='lat' dir='ltr'><strong>secundum</strong></span> <span class='ocrx_word' id='word_1_144' title='bbox 635 2923 818 2989; x_wconf 78' lang='lat' dir='ltr'><strong>tenultatem</strong></span> <span class='ocrx_word' id='word_1_145' title='bbox 833 2927 974 2989; x_wconf 89' lang='lat' dir='ltr'><strong>nostram</strong></span> <span class='ocrx_word' id='word_1_146' title='bbox 990 2927 1152 3006; x_wconf 82' lang='lat' dir='ltr'><strong>gratanter</strong></span> <span class='ocrx_word' id='word_1_147' title='bbox 1168 2922 1257 2988; x_wconf 91' lang='lat' dir='ltr'><strong>vebis</strong></span> 
     </span>
     <span class='ocr_line' id='line_1_22' title="bbox 83 3038 1258 3127; baseline 0 -24"><span class='ocrx_word' id='word_1_148' title='bbox 83 3038 313 3107; x_wconf 84' lang='lat' dir='ltr'><strong>subveniemus.</strong></span> <span class='ocrx_word' id='word_1_149' title='bbox 350 3040 451 3127; x_wconf 87' lang='lat' dir='ltr'><strong>Super</strong></span> <span class='ocrx_word' id='word_1_150' title='bbox 475 3060 511 3107; x_wconf 91' lang='lat' dir='ltr'><strong>ae</strong></span> <span class='ocrx_word' id='word_1_151' title='bbox 536 3060 620 3123; x_wconf 84' lang='lat' dir='ltr'><strong>varo,</strong></span> <span class='ocrx_word' id='word_1_152' title='bbox 644 3040 728 3125; x_wconf 91' lang='lat' dir='ltr'><strong>quod</strong></span> <span class='ocrx_word' id='word_1_153' title='bbox 750 3040 994 3126; x_wconf 80' lang='lat' dir='ltr'><strong>disposicionem</strong></span> <span class='ocrx_word' id='word_1_154' title='bbox 1016 3038 1118 3125; x_wconf 88' lang='lat' dir='ltr'><strong>patris</strong></span> <span class='ocrx_word' id='word_1_155' title='bbox 1142 3044 1174 3104; x_wconf 87' lang='lat' dir='ltr'><strong>at</strong></span> <span class='ocrx_word' id='word_1_156' title='bbox 1190 3057 1258 3103; x_wconf 84' lang='lat' dir='ltr'><strong>me·</strong></span> 
     </span>
     <span class='ocr_line' id='line_1_23' title="bbox 82 3154 1257 3243; baseline -0.002 -22"><span class='ocrx_word' id='word_1_157' title='bbox 82 3156 137 3221; x_wconf 88' lang='lat' dir='ltr'><strong>tris</strong></span> <span class='ocrx_word' id='word_1_158' title='bbox 159 3162 292 3223; x_wconf 88' lang='lat' dir='ltr'><strong>nostrae</strong></span> <span class='ocrx_word' id='word_1_159' title='bbox 315 3174 410 3243; x_wconf 90' lang='lat' dir='ltr'><strong>super</strong></span> <span class='ocrx_word' id='word_1_160' title='bbox 434 3155 506 3239; x_wconf 87' lang='lat' dir='ltr'><strong>hiis,</strong></span> <span class='ocrx_word' id='word_1_161' title='bbox 530 3175 610 3240; x_wconf 90' lang='lat' dir='ltr'><strong>quae</strong></span> <span class='ocrx_word' id='word_1_162' title='bbox 626 3160 731 3222; x_wconf 86' lang='lat' dir='ltr'><strong>vestro</strong></span> <span class='ocrx_word' id='word_1_163' title='bbox 755 3162 821 3221; x_wconf 90' lang='lat' dir='ltr'><strong>tam</strong></span> <span class='ocrx_word' id='word_1_164' title='bbox 844 3156 878 3221; x_wconf 92' lang='lat' dir='ltr'><strong>in</strong></span> <span class='ocrx_word' id='word_1_165' title='bbox 893 3156 959 3222; x_wconf 87' lang='lat' dir='ltr'><strong>vita</strong></span> <span class='ocrx_word' id='word_1_166' title='bbox 981 3175 1077 3240; x_wconf 87' lang='lat' dir='ltr'><strong>quam</strong></span> <span class='ocrx_word' id='word_1_167' title='bbox 1098 3154 1132 3221; x_wconf 91' lang='lat' dir='ltr'><strong>in</strong></span> <span class='ocrx_word' id='word_1_168' title='bbox 1155 3158 1257 3238; x_wconf 81' lang='lat' dir='ltr'><strong>morte</strong></span> 
     </span>
     <span class='ocr_line' id='line_1_24' title="bbox 83 3270 1256 3357; baseline -0.002 -20"><span class='ocrx_word' id='word_1_169' title='bbox 83 3272 283 3339; x_wconf 88' lang='lat' dir='ltr'><strong>contulerunt</strong></span> <span class='ocrx_word' id='word_1_170' title='bbox 313 3272 521 3355; x_wconf 85' lang='lat' dir='ltr'><strong>monasterio,</strong></span> <span class='ocrx_word' id='word_1_171' title='bbox 550 3290 590 3337; x_wconf 84' lang='lat' dir='ltr'><strong>ex</strong></span> <span class='ocrx_word' id='word_1_172' title='bbox 619 3276 728 3339; x_wconf 84' lang='lat' dir='ltr'><strong>nostre</strong></span> <span class='ocrx_word' id='word_1_173' title='bbox 755 3272 936 3357; x_wconf 79' lang='lat' dir='ltr'><strong>provisione</strong></span> <span class='ocrx_word' id='word_1_174' title='bbox 959 3270 1096 3357; x_wconf 79' lang='lat' dir='ltr'><strong>pendere</strong></span> <span class='ocrx_word' id='word_1_175' title='bbox 1120 3270 1256 3354; x_wconf 82' lang='lat' dir='ltr'><strong>dixistis,</strong></span> 
     </span>
     <span class='ocr_line' id='line_1_25' title="bbox 82 3384 1258 3475; baseline 0.001 -24"><span class='ocrx_word' id='word_1_176' title='bbox 82 3392 189 3455; x_wconf 88' lang='lat' dir='ltr'><strong>natum</strong></span> <span class='ocrx_word' id='word_1_177' title='bbox 213 3388 305 3455; x_wconf 86' lang='lat' dir='ltr'><strong>vobis</strong></span> <span class='ocrx_word' id='word_1_178' title='bbox 333 3388 482 3455; x_wconf 85' lang='lat' dir='ltr'><strong>tacimus:</strong></span> <span class='ocrx_word' id='word_1_179' title='bbox 513 3387 614 3471; x_wconf 84' lang='lat' dir='ltr'><strong>quod,</strong></span> <span class='ocrx_word' id='word_1_180' title='bbox 642 3387 830 3475; x_wconf 80' lang='lat' dir='ltr'><strong>disponente</strong></span> <span class='ocrx_word' id='word_1_181' title='bbox 852 3387 1009 3471; x_wconf 86' lang='lat' dir='ltr'><strong>Domino,</strong></span> <span class='ocrx_word' id='word_1_182' title='bbox 1039 3392 1112 3473; x_wconf 92' lang='lat' dir='ltr'><strong>post</strong></span> <span class='ocrx_word' id='word_1_183' title='bbox 1140 3384 1258 3473; x_wconf 87' lang='lat' dir='ltr'><strong>pascha</strong></span> 
     </span>
     <span class='ocr_line' id='line_1_26' title="bbox 82 3500 1257 3571; baseline -0.002 -2"><span class='ocrx_word' id='word_1_184' title='bbox 82 3503 162 3571; x_wconf 80' lang='lat' dir='ltr'><strong>eirea</strong></span> <span class='ocrx_word' id='word_1_185' title='bbox 185 3504 307 3571; x_wconf 87' lang='lat' dir='ltr'><strong>festum</strong></span> <span class='ocrx_word' id='word_1_186' title='bbox 329 3510 458 3571; x_wconf 82' lang='lat' dir='ltr'><strong>sauctae</strong></span> <span class='ocrx_word' id='word_1_187' title='bbox 473 3504 576 3570; x_wconf 88' lang='lat' dir='ltr'><strong>erucis</strong></span> <span class='ocrx_word' id='word_1_188' title='bbox 598 3524 660 3570; x_wconf 90' lang='lat' dir='ltr'><strong>una</strong></span> <span class='ocrx_word' id='word_1_189' title='bbox 683 3524 754 3570; x_wconf 89' lang='lat' dir='ltr'><strong>aum</strong></span> <span class='ocrx_word' id='word_1_190' title='bbox 778 3502 990 3571; x_wconf 85' lang='lat' dir='ltr'><strong>confratribus</strong></span> <span class='ocrx_word' id='word_1_191' title='bbox 1005 3503 1122 3569; x_wconf 88' lang='lat' dir='ltr'><strong>nostris</strong></span> <span class='ocrx_word' id='word_1_192' title='bbox 1144 3502 1178 3567; x_wconf 90' lang='lat' dir='ltr'><strong>in</strong></span> <span class='ocrx_word' id='word_1_193' title='bbox 1201 3500 1257 3567; x_wconf 90' lang='lat' dir='ltr'><strong>illo</strong></span> 
     </span>
     <span class='ocr_line' id='line_1_27' title="bbox 83 3617 1258 3704; baseline -0.002 -19"><span class='ocrx_word' id='word_1_194' title='bbox 83 3620 215 3687; x_wconf 80' lang='lat' dir='ltr'><strong>confinio</strong></span> <span class='ocrx_word' id='word_1_195' title='bbox 239 3620 331 3704; x_wconf 78' lang='lat' dir='ltr'><strong>regni</strong></span> <span class='ocrx_word' id='word_1_196' title='bbox 353 3620 487 3701; x_wconf 91' lang='lat' dir='ltr'><strong>erimns;</strong></span> <span class='ocrx_word' id='word_1_197' title='bbox 518 3625 549 3686; x_wconf 90' lang='lat' dir='ltr'><strong>et</strong></span> <span class='ocrx_word' id='word_1_198' title='bbox 571 3620 615 3703; x_wconf 91' lang='lat' dir='ltr'><strong>si,</strong></span> <span class='ocrx_word' id='word_1_199' title='bbox 639 3620 845 3687; x_wconf 79' lang='lat' dir='ltr'><strong>donacionem</strong></span> <span class='ocrx_word' id='word_1_200' title='bbox 870 3619 919 3687; x_wconf 91' lang='lat' dir='ltr'><strong>vel</strong></span> <span class='ocrx_word' id='word_1_201' title='bbox 942 3618 1175 3685; x_wconf 88' lang='lat' dir='ltr'><strong>ordinacionem</strong></span> <span class='ocrx_word' id='word_1_202' title='bbox 1199 3617 1258 3683; x_wconf 91' lang='lat' dir='ltr'><strong>ali·</strong></span> 
     </span>
     <span class='ocr_line' id='line_1_28' title="bbox 83 3734 1257 3822; baseline -0.001 -20"><span class='ocrx_word' id='word_1_203' title='bbox 83 3753 173 3817; x_wconf 86' lang='lat' dir='ltr'><strong>quam</strong></span> <span class='ocrx_word' id='word_1_204' title='bbox 199 3743 334 3822; x_wconf 83' lang='lat' dir='ltr'><strong>epatre</strong></span> <span class='ocrx_word' id='word_1_205' title='bbox 363 3736 429 3817; x_wconf 79' lang='lat' dir='ltr'><strong>sive</strong></span> <span class='ocrx_word' id='word_1_206' title='bbox 452 3740 553 3802; x_wconf 90' lang='lat' dir='ltr'><strong>matra</strong></span> <span class='ocrx_word' id='word_1_207' title='bbox 581 3740 691 3802; x_wconf 87' lang='lat' dir='ltr'><strong>nostra</strong></span> <span class='ocrx_word' id='word_1_208' title='bbox 718 3735 911 3801; x_wconf 77' lang='lat' dir='ltr'><strong>monasterio</strong></span> <span class='ocrx_word' id='word_1_209' title='bbox 934 3741 1039 3801; x_wconf 89' lang='lat' dir='ltr'><strong>vestre</strong></span> <span class='ocrx_word' id='word_1_210' title='bbox 1067 3734 1165 3818; x_wconf 80' lang='lat' dir='ltr'><strong>fuisse</strong></span> <span class='ocrx_word' id='word_1_211' title='bbox 1192 3735 1257 3801; x_wconf 84' lang='lat' dir='ltr'><strong>fao·</strong></span> 
     </span>
     <span class='ocr_line' id='line_1_29' title="bbox 83 3850 1257 3939; baseline 0.002 -24"><span class='ocrx_word' id='word_1_212' title='bbox 83 3852 161 3937; x_wconf 90' lang='lat' dir='ltr'><strong>tam,</strong></span> <span class='ocrx_word' id='word_1_213' title='bbox 189 3872 250 3939; x_wconf 91' lang='lat' dir='ltr'><strong>per</strong></span> <span class='ocrx_word' id='word_1_214' title='bbox 274 3870 327 3918; x_wconf 89' lang='lat' dir='ltr'><strong>ecs</strong></span> <span class='ocrx_word' id='word_1_215' title='bbox 356 3850 551 3937; x_wconf 89' lang='lat' dir='ltr'><strong>perpendere</strong></span> <span class='ocrx_word' id='word_1_216' title='bbox 579 3850 769 3939; x_wconf 86' lang='lat' dir='ltr'><strong>poterimus,</strong></span> <span class='ocrx_word' id='word_1_217' title='bbox 802 3851 1001 3917; x_wconf 87' lang='lat' dir='ltr'><strong>consulemus</strong></span> <span class='ocrx_word' id='word_1_218' title='bbox 1030 3850 1075 3916; x_wconf 90' lang='lat' dir='ltr'><strong>eis</strong></span> <span class='ocrx_word' id='word_1_219' title='bbox 1106 3856 1137 3917; x_wconf 87' lang='lat' dir='ltr'><strong>et</strong></span> <span class='ocrx_word' id='word_1_220' title='bbox 1164 3870 1257 3937; x_wconf 91' lang='lat' dir='ltr'><strong>prae·</strong></span> 
     </span>
     <span class='ocr_line' id='line_1_30' title="bbox 83 3965 1258 4053; baseline 0.001 -21"><span class='ocrx_word' id='word_1_221' title='bbox 83 3966 251 4051; x_wconf 86' lang='lat' dir='ltr'><strong>oipiemue,</strong></span> <span class='ocrx_word' id='word_1_222' title='bbox 286 3973 323 4032; x_wconf 86' lang='lat' dir='ltr'><strong>ut</strong></span> <span class='ocrx_word' id='word_1_223' title='bbox 354 3987 424 4033; x_wconf 85' lang='lat' dir='ltr'><strong>eam</strong></span> <span class='ocrx_word' id='word_1_224' title='bbox 454 3966 679 4035; x_wconf 82' lang='lat' dir='ltr'><strong>inviolabiliter</strong></span> <span class='ocrx_word' id='word_1_225' title='bbox 709 3966 877 4035; x_wconf 88' lang='lat' dir='ltr'><strong>observent</strong></span> <span class='ocrx_word' id='word_1_226' title='bbox 904 3972 951 4051; x_wconf 90' lang='lat' dir='ltr'><strong>at,</strong></span> <span class='ocrx_word' id='word_1_227' title='bbox 985 3966 1014 4032; x_wconf 92' lang='lat' dir='ltr'><strong>ai</strong></span> <span class='ocrx_word' id='word_1_228' title='bbox 1044 3965 1166 4053; x_wconf 90' lang='lat' dir='ltr'><strong>inpleta</strong></span> <span class='ocrx_word' id='word_1_229' title='bbox 1192 3985 1258 4033; x_wconf 91' lang='lat' dir='ltr'><strong>uon</strong></span> 
     </span>
     <span class='ocr_line' id='line_1_31' title="bbox 83 4078 573 4169; baseline 0.002 -22"><span class='ocrx_word' id='word_1_230' title='bbox 83 4078 208 4168; x_wconf 71' lang='lat' dir='ltr'><strong>merim,</strong></span> <span class='ocrx_word' id='word_1_231' title='bbox 234 4082 427 4169; x_wconf 85' lang='lat' dir='ltr'><strong>adinpleant</strong></span> <span class='ocrx_word' id='word_1_232' title='bbox 461 4083 573 4151; x_wconf 84' lang='lat' dir='ltr'><strong>Amen.</strong></span> 
     </span>
     <span class='ocr_line' id='line_1_32' title="bbox 152 4232 1259 4296; baseline 0 -15"><span class='ocrx_word' id='word_1_233' title='bbox 152 4249 172 4281; x_wconf 84' lang='grc' dir='ltr'><strong>ι.</strong></span> <span class='ocrx_word' id='word_1_234' title='bbox 199 4234 337 4296; x_wconf 74' lang='lat' dir='ltr'><strong>Sequuntur</strong></span> <span class='ocrx_word' id='word_1_235' title='bbox 352 4233 378 4281; x_wconf 79' lang='lat' dir='ltr'><strong>ia</strong></span> <span class='ocrx_word' id='word_1_236' title='bbox 395 4232 444 4281; x_wconf 76' lang='lat' dir='ltr'><strong>eod</strong></span> <span class='ocrx_word' id='word_1_237' title='bbox 461 4232 509 4292; x_wconf 87' lang='lat' dir='ltr'><strong>(V)</strong></span> <span class='ocrx_word' id='word_1_238' title='bbox 526 4233 595 4281; x_wconf 82' lang='lat' dir='ltr'><strong>boec:</strong></span> <span class='ocrx_word' id='word_1_239' title='bbox 614 4233 707 4281; x_wconf 80' lang='lat' dir='ltr'><strong>Ftuiuut</strong></span> <span class='ocrx_word' id='word_1_240' title='bbox 722 4234 822 4295; x_wconf 76' lang='lat' dir='ltr'><strong>capitula</strong></span> <span class='ocrx_word' id='word_1_241' title='bbox 837 4233 890 4281; x_wconf 83' lang='lat' dir='ltr'><strong>libri</strong></span> <span class='ocrx_word' id='word_1_242' title='bbox 905 4233 981 4295; x_wconf 79' lang='lat' dir='ltr'><strong>primi.</strong></span> <span class='ocrx_word' id='word_1_243' title='bbox 1057 4233 1081 4279; x_wconf 89' lang='lat' dir='ltr'><strong>b.</strong></span> <span class='ocrx_word' id='word_1_244' title='bbox 1104 4232 1259 4281; x_wconf 70' lang='lat' dir='ltr'><strong>sotadeo.</strong></span> 
     </span>
     <span class='ocr_line' id='line_1_33' title="bbox 151 4329 327 4387; baseline -0.006 -2"><span class='ocrx_word' id='word_1_245' title='bbox 151 4330 177 4387; x_wconf 90' lang='grc'><strong>1.</strong></span> <span class='ocrx_word' id='word_1_246' title='bbox 196 4329 267 4385; x_wconf 80' lang='lat' dir='ltr'><strong>Bela</strong></span> <span class='ocrx_word' id='word_1_247' title='bbox 278 4330 327 4385; x_wconf 85' lang='lat'>111.</span> 
     </span>
    </p>
   </div>
   <div class='ocr_carea' id='block_1_5' title="bbox 564 4420 775 4431">
    <p class='ocr_par' dir='ltr' id='par_1_5' title="bbox 564 4420 775 4431">
     <span class='ocr_line' id='line_1_34' title="bbox 564 4420 775 4431; baseline -0.014 0"><span class='ocrx_word' id='word_1_248' title='bbox 564 4420 775 4431; x_wconf 76' lang='lat'>———-——=</span> 
     </span>
    </p>
   </div>
   <div class='ocr_carea' id='block_1_6' title="bbox 124 4533 1046 4593">
    <p class='ocr_par' dir='ltr' id='par_1_6' title="bbox 124 4533 1046 4593">
     <span class='ocr_line' id='line_1_35' title="bbox 124 4533 1046 4593; baseline 0.003 -7"><span class='ocrx_word' id='word_1_249' title='bbox 124 4540 206 4593; x_wconf 59' lang='grc' dir='ltr'><strong>ἔκη’.</strong></span> <span class='ocrx_word' id='word_1_250' title='bbox 222 4542 367 4588; x_wconf 75' lang='lat' dir='ltr'><strong>Bibliotheca</strong></span> <span class='ocrx_word' id='word_1_251' title='bbox 377 4544 405 4585; x_wconf 91' lang='lat' dir='ltr'><strong>V.</strong></span> <span class='ocrx_word' id='word_1_252' title='bbox 1009 4533 1046 4589; x_wconf 81' lang='lat'><strong>30</strong></span> 
     </span>
    </p>
   </div>
   <div class='ocr_carea' id='block_1_7' title="bbox 1272 737 1426 793">
    <p class='ocr_par' dir='ltr' id='par_1_7' title="bbox 1272 737 1426 793">
     <span class='ocr_line' id='line_1_36' title="bbox 1272 737 1426 793; baseline 0.006 -1"><span class='ocrx_word' id='word_1_253' title='bbox 1272 737 1426 793; x_wconf 69' lang='lat' dir='ltr'><strong>nasute</strong></span> 
     </span>
    </p>
   </div>
   <div class='ocr_carea' id='block_1_8' title="bbox 1271 1116 1425 1173">
    <p class='ocr_par' dir='ltr' id='par_1_8' title="bbox 1271 1116 1425 1173">
     <span class='ocr_line' id='line_1_37' title="bbox 1271 1116 1425 1173; baseline -0.006 -1"><span class='ocrx_word' id='word_1_254' title='bbox 1271 1116 1425 1173; x_wconf 73' lang='lat'><strong>11641159</strong></span> 
     </span>
    </p>
   </div>
   <div class='ocr_carea' id='block_1_9' title="bbox 1274 1769 1498 1826">
    <p class='ocr_par' dir='ltr' id='par_1_9' title="bbox 1274 1769 1498 1826">
     <span class='ocr_line' id='line_1_38' title="bbox 1274 1769 1498 1826; baseline -0.027 0"><span class='ocrx_word' id='word_1_255' title='bbox 1274 1769 1425 1826; x_wconf 68' lang='lat' dir='ltr'><strong>mutnet</strong></span> <span class='ocrx_word' id='word_1_256' title='bbox 1494 1816 1498 1820; x_wconf 15' lang='grc' dir='ltr'><strong>Α</strong></span> 
     </span>
    </p>
   </div>
   <div class='ocr_carea' id='block_1_10' title="bbox 0 0 1576 4850">
    <p class='ocr_par' dir='ltr' id='par_1_10' title="bbox 0 0 1576 4850">
     <span class='ocr_line' id='line_1_39' title="bbox 0 0 1576 4850; baseline 0 0"><span class='ocrx_word' id='word_1_257' title='bbox 0 0 1576 4850; x_wconf 95' lang='lat' dir='ltr'><strong> </strong></span> 
     </span>
    </p>
   </div>
  </div>
 </body>
</html>
