3142 4850
365 285 489 333 nsours
511 287 590 334 vrrs
614 287 771 336 ornours.
807 289 903 337 num
927 287 996 338 r-a
1202 271 1265 338 591

99 440 165 522 bat3
190 440 289 508 donec
310 462 444 526 magnus
461 443 553 510 valde
577 448 609 512 et
631 446 812 513 nominatus
827 449 861 514 in
875 450 1004 530 regione
1020 447 1077 514 illa
1090 448 1193 514 tactus
1208 456 1266 516 est

100 554 157 622 Sed
179 563 212 623 et
233 557 372 624 nobiles·
396 560 512 644 quique
535 565 567 626 et
588 566 733 646 potentes
756 561 843 628 illins
866 567 950 630 terre
965 563 1110 630 certatim
1134 564 1163 629 ei
1184 562 1268 630 filios

98 691 165 738 suos
195 673 235 738 ad
265 673 470 741 erudiendum
494 674 680 758 offerebant3
710 677 818 762 sicque
841 678 910 745 Deo
932 684 1047 746 cuncta
1073 680 1141 746 eius
1170 699 1268 765 opera

97 788 263 872 dirigente,
295 810 357 855 non
385 789 587 858 mediocriter
609 793 697 862 dives
721 813 790 859 esse
812 795 898 879 cepit
919 795 953 860 in
976 794 1175 880 possessione
1197 795 1267 860 auri

97 909 126 969 et
146 906 279 988 argenti.
315 905 386 971 Non
402 907 486 972 enim
510 907 543 973 in
566 907 695 975 ludicris
713 913 745 974 et
760 909 851 975 vanis
873 908 985 976 mundi
1006 909 1164 977 illecebris
1180 929 1266 996 opes,

96 1021 249 1106 sapientia
278 1026 310 1088 et
331 1019 482 1088 fidelitate
506 1043 564 1088 sua
587 1029 809 1108 congregatas,
836 1025 1051 1111 expendebat3
1080 1025 1136 1092 sed
1158 1029 1195 1092 ut
1216 1026 1266 1091 vir

96 1135 230 1220 prudens
260 1141 292 1202 et
317 1142 462 1204 sensatus
490 1159 556 1205 rem
581 1159 670 1206 suam
694 1160 821 1207 servare
843 1144 984 1206 noverat.
1019 1139 1146 1206 Domna
1168 1141 1263 1208 etiam

95 1249 205 1336 Inclita,
229 1253 279 1318 cui
300 1252 458 1319 familiare
473 1256 712 1322 contubernium
728 1256 901 1342 prestabat,
922 1257 1105 1339 frequenter
1119 1277 1177 1342 per
1193 1275 1263 1323 eum

94 1385 224 1434 munera
239 1368 327 1434 varia
349 1373 381 1433 et
404 1369 628 1454 permagnifica
650 1391 801 1454 germano
818 1391 876 1439 suo
891 1371 1076 1457 imperatori
1093 1372 1263 1455 dirigebat;

93 1487 201 1568 utpote
223 1503 284 1568 que
306 1483 427 1550 nullum
450 1484 512 1551 lide
540 1491 572 1552 ot
600 1481 740 1553 moubue
768 1489 851 1554 inter
874 1487 1082 1573 obsequentes
1104 1487 1165 1554 sibi
1193 1507 1265 1572 pre-

93 1599 278 1666 stanciorem
303 1599 447 1666 babebat
540 1601 636 1668 Cuius
658 1602 830 1686 legacionis
852 1602 990 1669 officium
1015 1608 1107 1669 muta
1130 1602 1266 1669 auctori·

92 1717 155 1782 tate
179 1721 212 1782 et
234 1717 514 1802 circumspectione
537 1717 751 1802 persolvebat,
780 1723 816 1783 ut
843 1739 901 1803 pro
924 1719 984 1785 boc
1005 1719 1105 1784 eciam
1128 1719 1192 1804 ipsi
1215 1739 1264 1784 re-

91 1851 159 1897 rum
184 1833 312 1898 domino
336 1831 543 1898 ammirabilis
566 1833 736 1900 videretur.

178 1950 210 2013 2.
247 1947 360 2034 Sepius
389 1967 464 2015 vero
491 1949 659 2015 transitum
688 1949 807 2016 iaciens
835 1969 893 2035 per
915 1947 1192 2032 wbzeourgensu
1212 1969 1264 2017 ce·

89 2061 219 2130 nubium
229 2059 246 2147 ¹,
275 2083 294 2128 a
316 2063 464 2146 religioso
492 2064 632 2131 eiusdem
660 2064 720 2130 loci
744 2063 858 2130 abbate
881 2063 1029 2130 Heinrico
1057 2065 1200 2150 nomine,
1228 2071 1265 2132 ut

89 2178 137 2244 vir
159 2179 315 2262 gravioris
337 2199 482 2266 persone,
506 2185 687 2247 reverenter
710 2179 941 2265 suscipiebatur
963 2179 1132 2264 debitoque
1153 2181 1264 2248 buma-

89 2293 200 2360 nitatis
233 2294 336 2361 officio
372 2295 505 2380 benigne
539 2295 744 2362 tractabatur.
843 2295 940 2361 Cuius
974 2295 1185 2363 benivolentia
1214 2296 1264 2362 vir

89 2411 212 2494 sagacis
227 2410 326 2477 animi
347 2432 411 2477 non
434 2411 589 2479 inmemor
604 2411 807 2497 audiensque,
830 2410 897 2477 illic
916 2430 1063 2494 magnam
1079 2410 1263 2479 victualium

86 2546 195 2593 rernm
219 2546 288 2593 esse
310 2528 487 2613 penuriam,
513 2532 550 2595 ut
571 2533 656 2593 totus
680 2528 895 2595 misericordie
917 2532 950 2591 et
971 2527 1112 2593 caritatis
1134 2528 1263 2595 visceri-

88 2640 146 2709 bus
162 2641 323 2726 affluebat,
346 2643 453 2729 inopie
468 2663 576 2709 eorum
593 2643 752 2710 condoluit
774 2648 807 2710 ct
823 2679 864 2689 —
881 2643 957 2727 quia
977 2642 1095 2708 caritas
1113 2648 1263 2729 operatur

86 2778 221 2843 magna,
249 2760 278 2825 si
300 2765 363 2841 est3
392 2760 517 2825 sivero
541 2760 664 2846 operari
688 2759 831 2842 rennuit,
859 2758 976 2823 caritas
999 2778 1063 2824 non
1086 2763 1135 2824 est
1156 2794 1198 2805 -
1223 2780 1263 2826 ex

85 2874 213 2961 opibus,
237 2896 257 2941 a
279 2876 347 2941 Deo
369 2875 430 2941 sibi
453 2876 619 2958 coucmsis,
646 2874 803 2961 hospitale
826 2874 867 2939 ad
888 2872 1100 2958 receptionem
1124 2876 1264 2960 peregri-

85 3008 202 3056 norum
230 2990 296 3057 illic
319 2991 505 3058 condruuit
547 2990 676 3074 Hocque
704 2990 841 3076 primum
870 3010 928 3056 sue
950 2988 1125 3056 devotionis
1147 3010 1262 3057 munus

84 3105 124 3172 de
150 3107 303 3173 thesauro
331 3106 412 3174 bone
441 3107 612 3173 voluntatis
642 3104 767 3171 Christo
791 3105 919 3203 obtulit
964 3104 1018 3171 Sic
1047 3104 1131 3171 bona
1157 3106 1261 3190 arbor,

83 3220 227 3289 fructum
249 3222 420 3308 plurimum
444 3223 670 3305 germinatura,
694 3222 728 3287 in
749 3220 860 3287 dorem
883 3221 997 3306 erupit
1032 3221 1130 3299 Quasi
1151 3222 1262 3308 primi-

83 3338 150 3403 cias
174 3337 245 3421 agri
268 3338 317 3403 sui
340 3338 382 3404 ad
404 3337 504 3403 altare
526 3337 594 3402 veri
616 3338 789 3403 sacerdotis
811 3336 939 3416 detulit3
966 3341 1003 3402 ut
1024 3336 1205 3423 centuplum
1227 3337 1262 3403 in

71 3451 143 3519 ,boo
167 3452 286 3537 seculo,
311 3460 343 3519 et
364 3454 398 3519 in
419 3454 525 3519 futuro
541 3452 638 3518 vitam
656 3459 797 3519 eternam
812 3448 996 3537 reciperet².
1028 3452 1152 3519 Bonum
1167 3452 1263 3539 plane

81 3568 226 3653 initium,
250 3569 333 3653 quod
356 3567 428 3634 linis
451 3573 500 3634 est
522 3569 660 3655 optimus
684 3568 879 3635 subsecutus.
1238 3645 1240 3648 ¹

176 3688 208 3751 3.
245 3684 321 3751 Post
344 3684 465 3752 obitum
487 3684 584 3767 igitur
603 3683 792 3750 venerabilis
815 3685 930 3750 domne
953 3682 1056 3750 ludite
1083 3683 1124 3748 ad
1146 3683 1262 3750 Tanto-

80 3800 173 3868 airas
193 3820 339 3867 reversus
354 3800 509 3884 regiones,
532 3798 738 3865 Ratisbonam
754 3800 842 3865 adiit
878 3799 949 3882 Ubi,
972 3799 1132 3866 canonicis
1146 3799 1179 3865 in
1194 3818 1261 3865 ser·

80 3916 166 3982 vicio
186 3915 306 3982 Christi
329 3916 493 3999 adherens,
516 3915 680 3983 revmeudi
703 3914 830 3981 babitus
851 3914 1006 3981 modestia
1029 3934 1067 3979 ac
1088 3913 1261 3999 probabilis

79 4032 148 4098 vita
172 4030 343 4117 disciplina
372 4032 494 4097 cunctis
518 4030 619 4097 amori
646 4036 679 4098 et
701 4030 847 4116 exemplo
873 4029 944 4095 fuit
1035 4028 1092 4095 lllc
1119 4033 1262 4115 tempore

157 4214 181 4247 a.
206 4214 268 4247 corr.
283 4200 309 4246 iu
324 4199 401 4247 nobile
416 4198 441 4247 θ,
517 4200 540 4246 b.
563 4199 599 4247 sic
614 4206 649 4247 cst
664 4199 690 4246 io
700 4200 737 4255 E‚·
753 4196 962 4258 (Wiertsburgense
975 4196 1000 4253 C,
1014 4197 1209 4258 Warsepurgsnss
1220 4196 1261 4255 B).

156 4305 184 4357 1.
205 4301 346 4374 Wilzburg
364 4318 442 4359 coen.
454 4302 482 4358 d.
495 4303 668 4359 Eistetaasis.
748 4304 775 4358 2.
793 4300 889 4357 llattb.
898 4302 942 4371 19,
954 4302 1004 4356 29:
1024 4302 1198 4372 ,centuplum
1216 4314 1261 4356 ae·

78 4391 169 4463 cipiet
188 4395 220 4446 ct
233 4392 318 4447 vitam
337 4396 476 4448 aeternam
494 4390 673 4461 possidebat
