3142 4850
392 318 571 367 nauseam
593 320 774 370 nrunoous
811 322 876 369 ms.
893 322 920 369 11
942 320 978 371 24
1205 306 1268 372 767

96 470 255 540 marinas¹
276 476 410 543 lnlinam
433 479 516 544 vecti
543 498 652 546 sumus
681 480 817 565 nauigio.
861 480 921 562 Est
945 485 1050 547 anam
1073 482 1185 549 civitas
1212 481 1359 552 hec1124

96 608 214 674 magna
243 595 276 658 et
300 591 407 673 fortis3
436 592 642 679 hominesque
669 595 845 663 illius·loci
867 595 1009 664 crudeles
1032 602 1123 663 erant
1145 601 1177 663 et
1198 596 1271 663 bur·

97 705 176 773 bari.
217 706 298 773 (ium
321 713 426 775 autem
450 708 751 795 propinquassemus
774 712 912 796 civitati,
942 712 1146 780 conductores
1168 713 1271 780 nostri

96 820 207 889 benere
235 843 351 910 pavere
378 829 473 909 atque
495 825 579 891 inter
602 846 636 893 se
658 828 812 899 musitans
835 832 994 914 ceperunt.
1042 826 1130 907 Quod
1153 828 1270 895 intelli·

95 956 174 1019 gens
196 939 380 1027 episcopus:
406 942 494 1024 Quid
516 955 575 1022 ert,
607 946 692 1028 quod
714 947 758 1009 ool
779 947 913 1009 inuicem
934 946 1103 1029 confusis?
1139 944 1184 1011 At
1205 944 1268 1009 illi:

100 1052 259 1120 Timcmue
281 1056 430 1141 inquiunt
447 1072 552 1144 pater,
576 1058 635 1124 tibi
656 1082 696 1122 oc
711 1061 790 1135 tuim·
809 1060 951 1145 populus
965 1062 1022 1124 istc
1037 1062 1135 1125 durus
1150 1083 1271 1146 seraper·

96 1182 126 1234 ct
146 1172 318 1238 indomitus
332 1174 413 1258 fuit.
450 1174 491 1241 Si
512 1196 585 1259 erpo
606 1174 711 1259 placet
733 1174 800 1255 ale,
827 1152 1023 1261 applicemus
1046 1188 1074 1240 et
1095 1198 1217 1241 merom
1234 1180 1269 1241 e'u

96 1285 319 1375 litteratusque
341 1291 386 1354 ad
407 1290 624 1376 crepusculum
638 1291 738 1355 accae
752 1290 936 1374 fociomuo5
958 1314 997 1355 uc
1009 1292 1100 1376 forte
1115 1294 1270 1357 mactatam

94 1403 262 1488 manifecte
295 1407 498 1492 ioprcdicodo
533 1405 700 1471 numadum
725 1406 845 1491 populi
871 1428 966 1493 super
994 1430 1051 1473 uos
1078 1410 1267 1473 suscitemus.

95 1515 131 1581 ln
160 1518 293 1602 singulis
321 1525 427 1587 autern
457 1519 637 1587 civitatibus
665 1520 730 1585 dux
759 1520 917 1606 palacium
941 1521 1078 1588 habebat
1100 1528 1132 1589 et
1154 1523 1267 1587 curtim

95 1652 168 1699 cnm
192 1634 312 1719 edibus,
337 1636 377 1701 ad
398 1656 492 1720 quam
508 1636 536 1702 si
552 1636 623 1721 quis
638 1634 840 1720 confugisset,
864 1635 915 1702 lex
933 1636 1005 1702 talis
1021 1640 1098 1721 erat,
1123 1642 1167 1721 ut,
1192 1656 1269 1723 quo·

93 1746 174 1815 libet
196 1749 286 1817 hoste
308 1756 525 1837 persequente,
548 1770 678 1817 securus
699 1750 745 1817 ibi
766 1751 954 1818 consisteret
969 1757 1000 1820 et
1015 1752 1134 1819 illesus.
1170 1750 1269 1820 Diue-

93 1870 173 1930 runt
192 1886 284 1949 ergo:
312 1868 354 1935 Si
372 1891 432 1955 pcr
446 1882 565 1934 ooctcm
588 1870 632 1933 ad
654 1870 743 1933 ducos
764 1880 843 1933 tecta
865 1872 1030 1950 intramus,
1046 1870 1131 1953 freti
1152 1873 1268 1935 oecuri-

93 1994 169 2063 tate,
190 1984 348 2069 paulatim
371 1987 451 2050 does
467 1986 676 2050 corrocm'codo
692 1986 915 2070 respectumque
929 1996 1071 2050 uestrum
1085 1985 1152 2050 illie
1172 1988 1268 2072 pede·

93 2101 204 2165 tentem
217 2101 422 2181 insinuando,
439 2101 700 2185 meliuefortoeec
709 2101 920 2186 proficiemus.
948 2098 1071 2167 Placuit
1086 2099 1268 2182 consilium

93 2218 128 2280 et
158 2232 230 2280 curn
254 2213 322 2281 dies
346 2214 563 2300 abscessisset,
592 2215 667 2281 tecti
690 2212 804 2281 umbra
826 2215 943 2297 noctis,
972 2215 1087 2282 cumim
1111 2220 1143 2283 ct
1164 2216 1270 2283 menia

93 2328 185 2395 ducis
216 2330 405 2413 invasimus,
432 2330 496 2397 illis
519 2330 747 2414 ignorantibus.
839 2328 875 2396 ln
898 2331 1072 2397 crastinum
1096 2352 1186 2414 vero,
1216 2330 1269 2399 ubi

92 2466 154 2512 nos
180 2445 344 2531 viderunt,
374 2452 408 2514 et
430 2448 557 2532 quinam
582 2465 723 2515 essemus
746 2453 779 2513 et
801 2446 882 2513 unde
906 2453 938 2513 et
960 2467 1057 2533 quare
1080 2449 1268 2532 venerimus,

91 2561 228 2646 maligni
250 2562 394 2630 homines
416 2563 549 2630 urucas
571 2568 654 2629 sunt
689 2561 796 2628 Primo
821 2562 946 2648 quidem
963 2564 1082 2630 moveri
1099 2583 1135 2629 ao
1151 2563 1268 2629 sensim

91 2677 235 2762 turbari,
258 2697 386 2745 currere
409 2698 446 2745 ac
468 2678 662 2762 discurrere,
686 2677 793 2745 videre
816 2698 873 2744 nos
895 2676 1074 2764 iterumque
1096 2678 1213 2761 videre,
1238 2683 1270 2744 et

91 2793 150 2860 ulii
166 2793 238 2860 aliis
252 2795 413 2861 nunciare.
449 2794 613 2862 Postremo
628 2815 713 2877 vero,
736 2793 848 2860 insano
863 2794 969 2860 furore
985 2795 1132 2880 correpti,
1155 2813 1269 2877 magno

89 2909 243 2993 tumultu,
268 2911 430 2978 securibus
453 2915 486 2978 et
507 2910 621 2994 gladiis
644 2909 777 2995 aliisque
800 2909 872 2976 telis
895 2910 1020 2992 armati,
1044 2910 1113 2976 sine
1133 2907 1198 2975 ulla
1218 2931 1268 2976 re-

90 3026 238 3092 uerentia
259 3027 293 3093 in
316 3027 419 3113 ipsam
441 3026 531 3092 ducis
554 3026 668 3093 curtim
690 3025 912 3112 irrumpentes,
938 3029 1070 3091 mortem
1094 3024 1184 3091 nobis
1200 3026 1268 3092 sine

89 3141 163 3208 ulla
188 3143 426 3225 retractatione,
455 3142 518 3208 nisi
547 3142 733 3228 quantocius
757 3141 907 3208 decuria
930 3145 962 3207 et
985 3141 1025 3207 de
1039 3142 1118 3227 vipsa
1140 3135 1268 3207 ciuitate

87 3257 284 3342 fugeremus,
307 3257 588 3324 comminabantur.
627 3257 707 3324 Erat
730 3262 834 3324 autem
858 3257 891 3322 in
913 3257 985 3342 ipsa
1006 3257 1088 3322 curti
1111 3255 1267 3326 edificium

88 3372 253 3459 quoddam
274 3372 493 3456 fortissimum,
516 3371 659 3440 trabibus
682 3377 715 3440 et
737 3371 853 3439 tabulis
874 3371 1053 3456 ingentibus
1069 3377 1267 3459 conpactum,

88 3488 179 3575 quod
208 3495 335 3575 stupam
357 3488 408 3556 vel
432 3488 532 3575 pirale
555 3493 684 3571 vocant,
713 3488 747 3554 in
771 3486 855 3573 quod
879 3487 996 3554 scrinia
1026 3492 1057 3554 et
1079 3487 1212 3556 clitellas
1236 3493 1269 3555 et

87 3603 249 3692 capellam
272 3605 412 3691 episcopi
436 3609 469 3672 et
490 3605 656 3692 pecuniam
671 3608 705 3670 et
720 3623 842 3689 queque
857 3604 1002 3690 preciosa
1017 3603 1056 3670 de
1071 3605 1145 3671 naui
1161 3610 1268 3691 porta·

87 3741 257 3802 veramus3
282 3720 358 3805 quin
380 3725 413 3787 et
434 3725 565 3807 propter
585 3721 740 3807 impetum
756 3719 891 3786 furentis
907 3719 1017 3806 populi
1033 3740 1104 3786 cum
1120 3721 1268 3807 episcopo

88 3837 202 3906 clerici
224 3856 334 3902 omnes
356 3835 432 3902 illuc
446 3837 660 3920 confugerant.
735 3835 804 3919 Ego
821 3841 927 3902 autem
944 3855 980 3901 eo
996 3841 1138 3922 tempore
1152 3856 1268 3920 magua

86 3952 175 4022 febri
194 3951 335 4035 tenebar,
359 3951 393 4018 in
408 3951 471 4018 alia
485 3951 578 4018 domo
594 3951 700 4018 iacens
715 3956 748 4018 et
762 3956 927 4034 egrotans3
951 3949 1036 4016 ultra
1051 3951 1134 4018 vires
1149 3957 1267 4035 tamen,

88 4069 202 4137 audito
231 4067 366 4154 strepitu
395 4071 427 4134 ot
453 4067 591 4134 clamore
619 4066 838 4150 bachantium,
868 4065 908 4132 de
935 4069 1037 4132 stratu
1060 4072 1198 4151 erectus,
1228 4067 1267 4132 ad

87 4185 210 4252 ostium
234 4183 347 4249 domus
369 4183 505 4250 constiti.
547 4183 591 4249 Et
612 4201 685 4249 ecce
707 4181 813 4248 omnia
836 4179 930 4267 plena
952 4181 1125 4266 hominum,
1149 4182 1214 4248 tela
1237 4187 1268 4248 el

87 4320 185 4367 arma
206 4298 411 4386 portantium.
495 4297 756 4365 vociferabantur
778 4303 883 4364 autem
908 4302 940 4384 et
962 4295 1158 4378 clamabant,
1181 4296 1268 4362 exire

166 4431 191 4486 1.
213 4444 265 4500 per
283 4429 448 4485 Diewenow.
