3142 4850
309 311 376 378 380
653 329 820 378 uuanmor
842 329 969 378 conum
1004 327 1065 380 aot.
1078 327 1132 380 noa

139 506 293 561 1111-1120
308 489 442 556 domnus
453 485 567 556 Wiilo'
583 495 713 556 saneim
726 488 846 558 Mariae
869 490 1038 558 canonicus
1061 491 1122 558 nd*
1144 490 1357 578 praebendam
1376 509 1467 574 sunm,

308 611 340 673 ei
353 607 387 672 iu
403 605 589 674 Leodiceusi
605 605 739 672 ecclesia
754 605 888 692 aliisque
902 605 1044 674 ecclesiis
1058 606 1200 694 plurimi,
1218 608 1284 693 qui,
1304 607 1406 674 omnin
1418 626 1470 673 sua
1560 641 1562 674 :

308 741 366 809 pro
389 721 516 788 Christo
539 727 799 809 contempnentes
821 727 855 788 et
876 742 1033 809 pauperes
1055 743 1227 810 pauperem
1249 721 1408 791 Christum
1426 741 1470 789 so·

308 843 449 923 quantes,
472 838 506 903 in
529 844 595 905 tam
618 837 759 925 perfecta
773 845 808 905 et
829 843 894 904 tam
918 837 1006 905 licita
1020 859 1058 905 re
1078 838 1238 906 decutiam
1256 840 1415 923 requirere
1427 837 1472 905 rei

307 973 370 1021 non
386 973 465 1040 opus
482 953 613 1022 assessi
628 953 724 1021 etiam
744 953 805 1021 sibi
820 973 884 1020 non
899 973 1072 1038 congruere
1086 954 1181 1039 digne
1196 955 1392 1049 iudicasse
1403 1006 1411 1021 .
1423 1005 1431 1020 .
1443 1003 1471 1021 ..
1560 1031 1562 1046 Ι

309 1165 397 1238 208.
419 1167 632 1234 Elleaiardus
660 1172 822 1234 canonicis
845 1167 881 1235 S.
898 1169 1038 1234 Mariani
1063 1167 1311 1236 Praesentibus
1341 1172 1471 1256 exposci,
1560 1145 1562 1170 Ι

419 1303 518 1370 qnare
540 1283 701 1350 coenobita
714 1284 829 1369 fociae
851 1281 921 1350 αἶ’.
1318 1282 1360 1364 (Ε
1376 1284 1474 1367 3143)
1560 1299 1562 1308 ·

140 1438 293 1495 llll-1120
396 1415 542 1482 Dominis
572 1434 609 1481 nc
635 1417 789 1483 dumibus
817 1417 883 1483 suis
910 1415 1066 1483 universio
1087 1415 1325 1499 Essisuhardua)
1353 1415 1474 1485 tumii'n
1560 1417 1562 1470 f

306 1537 453 1619 peccator
475 1550 585 1618 paoem
609 1537 642 1598 et
664 1532 799 1600 salutem
821 1533 855 1600 iu
878 1531 1024 1600 Domino.
1560 1521 1562 1526 ’

396 1647 596 1731 Audivimus,
619 1649 734 1716 dairas
758 1653 792 1715 et
813 1648 933 1715 domini
955 1649 1030 1733 mei,
1054 1647 1176 1734 aliquos
1198 1669 1239 1715 ox
1261 1648 1351 1716 robis
1373 1655 1475 1715 uostm
1560 1633 1562 1726 ἶ

306 1765 446 1832 discessu
469 1765 600 1849 morari,
625 1784 661 1831 eo
686 1765 779 1849 quod,
804 1764 919 1851 puerili
940 1765 1153 1832 inconstantia
1174 1763 1270 1850 ducti,
1298 1770 1411 1832 nestra
1430 1784 1475 1831 re-
1560 1837 1562 1846 ,

305 1881 436 1966 liquisse
458 1881 632 1947 videamur.
670 1880 714 1946 Et
736 1881 827 1965 quasi
850 1880 1052 1947 condolentes
1069 1881 1201 1947 vanitati
1223 1884 1363 1966 nostroe,
1386 1880 1474 1948 ruitis
1560 1973 1562 1976 Α

306 2001 339 2063 et
361 1997 489 2084 optatis,
513 2001 549 2062 ut
570 1995 736 2063 redeamus
760 2003 793 2063 et
813 2001 924 2063 nostra
943 1997 1144 2084 recipiamus.
1179 1995 1335 2063 Voluntas
1355 1997 1476 2083 quidam

307 2119 413 2180 rutro
433 2112 469 2178 in
491 2113 576 2179 omui
600 2113 680 2178 bono
697 2112 924 2199 adimpleatur,
946 2112 1003 2180 sed
1025 2119 1064 2179 ut
1084 2112 1163 2180 haec
1184 2111 1380 2199 psriiciotur,
1402 2112 1475 2180 mihi
1560 2151 1562 2162 ·

306 2227 447 2316 proiecto
469 2245 534 2294 non
557 2227 695 2314 expedit

395 2341 474 2410 Oum
498 2343 582 2410 enim
605 2343 775 2411 secuudum
804 2344 1033 2432 professionem
1055 2343 1161 2411 clerici
1187 2344 1350 2412 hereditas
1372 2352 1478 2414 nostru

305 2462 462 2531 Dominus
485 2469 517 2529 st
539 2482 596 2527 uos
620 2460 822 2529 deberemus·
845 2481 915 2527 essa
936 2461 1081 2545 Domini,
1110 2481 1169 2548 pro
1192 2482 1244 2528 me
1265 2462 1354 2529 diem
1383 2460 1478 2529 nichil

306 2580 345 2647 de
368 2584 453 2647 sorte
475 2579 581 2646 clerici
610 2582 738 2665 praeter
764 2596 879 2643 nomen
907 2582 941 2644 et
968 2577 1111 2646 hobitum
1133 2578 1322 2663 retinentes,
1352 2579 1478 2664 indigne

304 2695 409 2762 locum
431 2696 516 2761 inter
531 2714 586 2762 ros
603 2692 689 2761 velut
709 2693 906 2761 infructuosa
926 2692 1022 2761 arbor
1043 2698 1077 2759 et
1097 2699 1216 2760 terram
1239 2698 1476 2783 occupavimus3

306 2811 361 2879 sed
384 2820 432 2896 st,
459 2810 544 2897 quod
566 2810 694 2895 gravius
717 2814 780 2894 est,
804 2810 874 2877 rias
895 2816 1022 2877 nasim
1043 2811 1078 2877 iu
1101 2810 1247 2877 omnibus
1269 2814 1478 2899 corrupimus,

305 2926 483 3015 voluptates
506 2931 631 2995 nostras
648 2931 680 2993 et
699 2925 924 2994 delectationes
938 2928 1054 3011 aarum,
1076 2946 1128 2992 me
1151 2929 1312 3012 miserum,
1338 2928 1479 2996 actoni·

304 3042 453 3110 nabiliter
468 3043 567 3111 secuti
581 3054 706 3125 snmus3
723 3045 755 3109 et
768 3042 804 3109 iu
817 3042 869 3109 iuis
880 3042 1026 3110 omnibus
1040 3041 1130 3109 nulla
1142 3042 1233 3110 uobis
1247 3042 1478 3112 occimiastiona

305 3176 457 3226 censurae
479 3159 635 3257 supourrit
649 3158 816 3242 districtio,
839 3159 896 3224 sed
918 3158 1055 3245 amplius
1070 3158 1349 3246 multipiicnbntur
1363 3162 1401 3227 iu
1413 3161 1479 3228 diss

306 3276 422 3342 erroris
445 3275 546 3341 nostri
573 3274 755 3341 miseranda
777 3274 928 3341 confusio.
963 3274 1013 3341 De
1040 3274 1215 3342 linimentis
1245 3276 1342 3342 stiam
1374 3282 1409 3344 si
1433 3276 1480 3344 io·

305 3391 420 3457 mentis
442 3390 656 3475 quorundam,
685 3410 706 3456 s
728 3390 842 3475 quibus
864 3390 1056 3477 perversitas
1078 3396 1188 3457 nostra
1215 3406 1281 3457 non
1307 3392 1480 3477 redargue·

305 3508 399 3574 batur
426 3506 482 3573 sed
510 3505 717 3589 laudabatur,
750 3508 906 3573 cenenum
934 3506 1015 3573 iilud
1042 3506 1076 3573 iu
1102 3526 1156 3573 me
1170 3507 1391 3590 'motatur
1417 3528 1481 3576 nou

305 3622 520 3703 auferebatur3
555 3626 588 3689 et
614 3627 703 3688 tanto
734 3621 931 3689 exitiabilius
961 3621 1052 3689 nobis
1086 3620 1204 3691 indicta
1233 3629 1309 3689 sunt
1336 3626 1479 3708 rulusn,

305 3744 423 3825 quanto
447 3738 642 3823 quorundam
667 3756 822 3805 consensu
844 3737 983 3807 obcecati
1012 3740 1084 3825 ipsa
1110 3742 1221 3805 nostra
1245 3760 1311 3807 nou
1340 3741 1480 3809 uidimus

304 3853 454 3941 pericula.
494 3852 538 3919 Et
560 3872 660 3937 nuuc,
689 3853 821 3937 frames,
844 3855 899 3919 rix
922 3874 993 3921 sero
1017 3855 1176 3921 miseriam
1200 3860 1341 3922 nostum
1367 3856 1480 3925 adtan-

303 3970 424 4055 dentes,
449 3970 554 4037 omuia
577 3968 755 4053 relinquere
778 3972 810 4036 et
832 3990 987 4057 pauperes
1010 3989 1181 4057 pauperem
1202 3970 1365 4039 Christum
1390 3974 1480 4059 sequi

303 4086 546 4167 destinavimus3
569 4084 614 4151 et'
629 4090 665 4151 ut
680 4089 788 4151 rotam
803 4090 947 4153 nostrum
959 4085 1114 4153 Dominus
1130 4086 1272 4173 impleat,
1288 4088 1479 4174 benignissi-

373 4311 393 4345 a.
410 4298 437 4343 V.
453 4298 479 4344 V.
570 4296 592 4343 b.
616 4297 645 4343 nd
661 4294 750 4345 addidi
829 4312 864 4359 vc.
887 4298 989 4347 iudicari
1003 4298 1048 4347 Vs.
1141 4300 1164 4346 d.
1187 4314 1216 4348 ac
1231 4300 1438 4357 Visae-133,
1459 4300 1482 4349 Ζ

299 4376 491 4437 pam-293,
514 4376 596 4423 Bin=
619 4376 735 4425 Littera
763 4376 868 4424 irritis
893 4381 1033 4426 recenter
1055 4379 1189 4426 conversi
1217 4378 1251 4427 ds
1280 4382 1477 4428 conversim

303 4466 360 4501 sun.
453 4468 473 4501 a.
497 4454 606 4504 dotem
621 4455 652 4503 Β.
743 4456 760 4505 i.
784 4456 925 4505 seuva
1151 4460 1156 4467 “
