3142 4850
328 279 394 347 504
635 297 824 347 sereretur
845 296 1124 345 mnsnsosusus.
1162 293 1192 345 11

223 474 291 529 1088
327 457 543 541 religiosorum
572 457 710 525 virorum
738 478 802 525 non
829 458 947 543 absque
979 455 1117 542 periculo
1145 455 1392 542 contempnenda
1419 455 1483 521 obe·

204 548 271 594 ³¹⁸⁶·
282 550 311 593 ¹³
328 574 456 655 dientia,
480 571 639 639 confidens
661 575 791 659 insuper
807 572 846 639 de
861 570 1078 637 misericordia
1095 572 1317 659 omnipotentis
1332 572 1402 655 Dei,
1423 577 1483 637 tan·

328 694 395 756 turn
419 709 498 754 onus
521 690 556 755 in
578 690 746 775 presertim
768 695 834 755 tam
861 687 1036 774 periculoso
1060 692 1202 772 tempore
1225 687 1330 754 subire
1352 706 1419 753 aum
1440 705 1485 751 co

327 810 426 888 actus,
449 824 596 887 rogamus
619 811 652 871 et
673 805 874 871 obsecremus
899 803 932 868 in
955 802 1082 869 domino
1105 802 1190 867 lesu:
1218 802 1308 867 utin
1331 822 1377 885 ea,
1401 822 1485 886 quarn

327 919 456 1005 cepistis
479 924 512 985 et
534 939 628 1005 qnam
653 919 779 985 domino
804 924 836 984 et
863 918 1079 1006 predecessori
1100 923 1208 985 nostro
1231 918 1321 984 beate
1346 916 1487 983 memorie

328 1033 480 1117 Gregorio
496 1054 622 1121 semper
637 1034 830 1118 ostendistis,
846 1032 997 1099 fidelitate
1014 1037 1045 1098 et
1060 1031 1229 1099 devocione
1245 1037 1277 1098 et
1287 1032 1488 1099 benivolentia

326 1148 461 1215 firmiter
482 1151 656 1233 maneatis,
684 1155 889 1233 sanctamque
912 1148 1085 1215 Romanam
1115 1147 1260 1215 eclesiam
1289 1152 1487 1213 matremve

328 1269 425 1331 stram
439 1265 585 1331 omnibus
601 1264 864 1350 quibusvueatis
880 1264 1006 1329 auxiliis
1023 1270 1056 1329 et
1068 1264 1209 1331 consiliis
1229 1262 1393 1329 adiuvetis.
1447 1261 1487 1329 Dc

328 1400 379 1446 me
401 1400 496 1467 porro
520 1381 566 1446 ita
588 1381 621 1445 in
644 1380 790 1446 omnibus
806 1378 953 1447 confidite
976 1384 1008 1446 et
1028 1380 1146 1445 credite
1167 1378 1249 1444 sicut
1263 1378 1301 1444 de
1316 1378 1487 1445 beatissimo

327 1500 419 1581 patre
433 1502 543 1561 nostro
559 1515 642 1581 papa
658 1494 820 1579 Gregorio.
854 1493 950 1561 Cuius
967 1516 1005 1561 ex
1022 1500 1088 1560 toto
1108 1496 1195 1579 sequi
1212 1494 1344 1577 vestigia
1360 1494 1488 1579 cupiam,

328 1610 436 1676 omnia
457 1630 538 1694 quae
561 1612 683 1697 respuit
711 1630 843 1697 respuo,
874 1631 954 1695 quae
980 1610 1166 1697 dampnavit
1187 1612 1341 1697 dampno,
1372 1629 1430 1695 qne
1449 1607 1488 1673 di·

328 1724 408 1793 lexit
430 1746 560 1811 prorsus
585 1724 768 1813 amplector,
793 1746 872 1811 quae
896 1746 970 1791 vero
993 1733 1064 1793 rata
1087 1734 1119 1794 et
1140 1727 1295 1793 catholica
1316 1725 1409 1791 duxit
1426 1744 1488 1791 cou-

328 1840 418 1907 firmo
442 1847 474 1907 et
497 1841 649 1927 approbo,
672 1846 705 1907 et
720 1842 760 1907 ad
775 1846 971 1928 postremum
986 1842 1019 1907 in
1040 1848 1205 1928 utramque
1227 1848 1352 1929 partem
1369 1840 1488 1926 qualiter

328 1957 398 2043 ipse
420 1958 531 2041 sensit,
554 1957 588 2023 in
611 1957 756 2023 omnibns
779 1958 906 2024 omnino
931 1959 1032 2025 sentio
1057 1965 1150 2044 atque
1173 1960 1343 2025 consentio.

417 2072 509 2155 Nunc
523 2072 621 2156 igitur
635 2093 747 2159 precor
762 2079 795 2139 et
809 2074 917 2141 hortor
932 2075 1164 2143 fraternitatem
1181 2082 1334 2142 vestam:
1351 2080 1389 2141 ut
1402 2073 1488 2157 agam

329 2188 465 2255 viriliter
493 2194 587 2274 atque
615 2186 813 2256 constanter¹
842 2195 874 2257 et
897 2190 1116 2258 confortemini
1145 2192 1179 2257 in
1206 2192 1354 2278 potencia
1378 2190 1487 2259 uirtutis

329 2300 418 2388 Dei¹‚
448 2304 653 2371 ascendentes
677 2326 717 2371 en
740 2305 872 2371 adverso
896 2312 928 2373 et
950 2312 1144 2393 opponentes
1168 2327 1293 2374 murum
1323 2327 1384 2392 pro
1410 2306 1487 2373 dono

330 2419 437 2505 lsrael,
462 2427 498 2488 ut
519 2421 753 2489 strennuissimi
767 2421 898 2489 Domini
921 2422 1088 2490 bellatores
1112 2425 1203 2492 stetis
1225 2425 1258 2490 iu
1282 2422 1384 2510 prelio
1398 2425 1429 2488 in
1447 2420 1487 2486 dia

328 2533 456 2624 ipsius⁸.
498 2537 562 2603 Vos
584 2558 676 2623 ergo,
700 2540 754 2624 qui
776 2538 936 2625 spiritales
960 2539 1053 2622 estis,
1083 2561 1151 2625 eos,
1180 2541 1234 2625 qni
1262 2540 1410 2606 instructi
1436 2556 1486 2604 non

330 2660 406 2720 sunt
419 2653 524 2720 verbis
547 2659 580 2721 ct
601 2655 766 2741 exemplis,
790 2655 937 2722 instruite
960 2659 992 2722 et
1015 2655 1238 2740 exhortamini,
1262 2657 1344 2724 sicut
1363 2655 1445 2722 scitis
1463 2655 1489 2718 et

330 2771 502 2836 necessitas
525 2770 624 2854 exigit
646 2771 738 2836 huius
760 2770 928 2858 periculosi
951 2772 1113 2857 temporis.
1149 2771 1228 2839 Cum
1247 2773 1330 2839 enirn
1348 2771 1430 2860 apud
1444 2787 1488 2834 vos

331 2905 417 2952 eram
425 2882 446 2970 ⁴,
475 2885 556 2954 tales
578 2907 634 2952 vos
657 2907 766 2954 ornnes
792 2887 914 2970 inveni,
944 2893 981 2953 ut
1002 2907 1078 2954 voce
1102 2889 1202 2974 ipsius
1225 2888 1357 2955 Domini
1380 2903 1488 2974 poesen

330 3001 482 3068 clamare:
505 3005 609 3070 Amen
633 3005 703 3070 dico
726 3005 825 3086 vodis,
849 3027 913 3070 eron
937 3008 1044 3070 taceri
1066 3017 1186 3070 tantam
1201 3007 1300 3088 fidem
1322 3009 1360 3070 in
1376 2996 1489 3076 Israeli·

331 3121 389 3204 qai
402 3131 506 3183 autem
518 3123 763 3204 perseveraverat
777 3123 812 3184 io
827 3121 936 3203 ficem,
961 3121 1012 3186 teo
1027 3121 1133 3186 aarum
1149 3115 1236 3187 δήθ’.
1271 3120 1404 3208 Insuper
1418 3113 1488 3204 apud

331 3232 555 3318 omnipotentis
571 3233 632 3300 Dei
653 3235 903 3302 misericordiam
927 3235 1092 3302 continuas
1116 3255 1226 3323 preces
1244 3235 1403 3320 effundite,
1424 3252 1489 3320 qua·

331 3355 422 3414 tenus
451 3352 484 3415 et
505 3349 651 3416 eclesiam
675 3370 765 3417 suam
792 3357 934 3418 sanctam
956 3352 989 3418 in
1019 3351 1152 3435 gradum
1182 3353 1353 3448 pristinum
1381 3349 1489 3420 miseri·

331 3465 468 3530 corditer
494 3469 672 3532 restaurare
702 3466 857 3549 dignetur.
903 3467 974 3553 lpse
1003 3474 1109 3534 autem
1132 3468 1219 3535 Deus
1248 3469 1335 3554 pacis
1363 3467 1489 3534 coeat

332 3586 465 3648 satanan
486 3581 544 3647 sub
566 3561 698 3668 pedibus
714 3583 828 3648 vestus
845 3580 1020 3652 velociter⁷.
1056 3583 1167 3652 Gratia
1182 3585 1302 3650 domini
1318 3583 1417 3650 nosti
1431 3581 1489 3647 lesu

333 3697 450 3786 cume
466 3698 595 3764 siceum
610 3681 871 3783 contusionis,
888 3699 1085 3768 dilectissimi
1100 3701 1133 3767 rn
1149 3699 1286 3768 curae.
1322 3692 1488 3784 necent
1548 3781 1550 3796 1

332 3813 535 3881 Terracinam
558 3815 578 3876 3
602 3811 676 3878 Idus
699 3812 815 3880 Martii.

405 4022 655 4093 1.1cor.1e,13.
738 4024 763 4077 2.
781 4022 922 4094 Ephesii,
937 4025 979 4098 lo.
1069 4025 1095 4080 3.
1114 4025 1214 4081 Erech.
1228 4027 1271 4096 13,
1284 4027 1330 4082 5.'
1390 4025 1415 4078 4.
1433 4019 1487 4076 Ver·

333 4109 446 4166 sabatur
469 4112 542 4166 enim
565 4111 594 4166 in
619 4110 766 4166 Germania
789 4112 897 4181 legatus
922 4113 1089 4181 apostolicus
1113 4114 1281 4170 annis1084
1303 4113 1415 4170 et1085
1434 4107 1487 4164 Otto

334 4199 479 4268 episcopus
492 4198 625 4256 Ostiensis
644 4202 718 4269 (post
729 4198 857 4255 Urbanus
870 4200 896 4254 ll
914 4210 1007 4270 papa).
1072 4203 1097 4257 5.
1116 4201 1249 4272 Marma,
1260 4203 1303 4258 10.
1364 4203 1388 4256 6.
1405 4193 1485 4254 Metti.

335 4287 378 4355 10,
396 4287 439 4342 22.
529 4289 554 4343 l.
572 4288 651 4343 Rom.
665 4289 708 4358 16,
726 4289 769 4342 20.

813 4409 1024 4418 -ῳ--ῳ-
