3142 4850
328 347 394 412 332
713 365 880 413 unsnuror
900 365 1028 413 conum
1066 361 1117 413 roc

168 539 310 596 314-335
328 524 511 592 electionem
542 526 769 611 praecessisse·
798 529 1016 625 cognosceret,
1050 524 1318 590 consecrationem
1346 544 1387 590 ex
1413 545 1500 592 more

327 640 547 707 celebrandam
571 661 639 707 esse
666 641 799 708 iuberet
835 639 925 718 Quod
941 640 1061 707 ‘deinde
1082 641 1185 706 saneti
1210 644 1332 726 patres,
1360 642 1416 725 qui
1438 640 1500 707 se

327 776 439 822 manae
455 756 604 824 ecclesiae
619 756 732 824 merito
756 757 971 843 praebuerunt,
995 761 1028 822 et
1043 775 1170 822 serrare
1184 755 1374 822 studuerunt
1386 761 1421 824 et
1434 777 1500 823 ser-

327 873 465 940 vandum
492 873 527 938 in
550 878 711 959 posterum
736 893 820 956 esse,
848 871 982 939 decretis
1006 877 1039 938 et
1060 871 1215 958 exemplis
1237 871 1303 937 suis
1325 872 1448 939 utiliter
1469 877 1501 940 et

327 1009 464 1073 congrue
486 993 672 1056 statuerunt
765 987 833 1054 Hoc
848 993 954 1054 sutem
968 987 1181 1054 Romanorum
1204 987 1388 1074 pontificum
1410 993 1502 1072 gesta

327 1103 435 1171 multis
458 1106 493 1172 in
514 1104 591 1171 locis
615 1104 662 1170 ita
684 1124 752 1171 esse
775 1103 992 1171 indubitanter
1014 1101 1217 1170 ostendunt“.

167 1233 307 1288 ets-681
418 1220 520 1304 „Nam
543 1219 582 1286 de
605 1220 772 1303 Agathone
794 1239 894 1306 papa,
923 1220 976 1304 qui
997 1219 1059 1286 fuit
1080 1219 1276 1306 temporibus
1299 1217 1500 1285 Constantini

326 1336 465 1403 Heraclii
488 1342 520 1403 et
535 1335 662 1423 Tyberii
686 1341 901 1420 augustorum,
924 1335 1028 1402 dietus
1044 1335 1218 1419 „benignus
1235 1339 1268 1402 et
1281 1333 1501 1420 mansuetum,

326 1454 410 1518 iuter
437 1458 541 1518 cetera
569 1452 722 1538 scripturn
751 1451 899 1518 babetur:
928 1453 993 1517 Hie
1021 1456 1140 1539 occepit
1165 1453 1301 1518 divalem
1329 1455 1501 1516 iussionem

326 1571 496 1635 comodum
517 1591 608 1634 osam
626 1567 883 1656 praestationem,
902 1591 965 1655 per
982 1591 1079 1655 qaam
1099 1569 1236 1634 relevato
1258 1580 1303 1634 est
1324 1571 1498 1654 quaeritas,

326 1708 408 1772 quae
429 1687 523 1751 solco
550 1697 617 1750 erat
639 1686 714 1750 dori
731 1693 800 1770 'pro
823 1686 1023 1750 ordinatione
1046 1685 1231 1771 ponteficum
1248 1685 1424 1770 fooimdo3
1453 1689 1501 1750 sic

326 1816 439 1883 tomen,
463 1815 508 1882 ret,
533 1803 563 1866 ss'
585 1803 750 1886 conceperit
770 1814 844 1886 post
867 1805 932 1865 eiua
950 1804 1118 1866 transitum
1132 1801 1309 1866 clemonem
1322 1802 1410 1884 fieri,
1433 1824 1499 1867 aon

325 1919 434 1984 debeat
456 1919 612 1996 ordinari,
638 1919 696 2002 qui
715 1917 827 1981 electas
845 1917 960 2001 faerit,
984 1920 1051 1981 eoi
1070 1920 1162 2003 prius
1177 1919 1332 1982 demetam
1352 1918 1499 2002 ymerale

325 2035 487 2119 deferatur
509 2036 544 2098 io
567 2036 687 2118 replum
710 2033 818 2097 urbem
843 2036 1012 2097 secundom
1040 2035 1205 2118 nonquam
1233 2035 1497 2114 cmoeaetudinem,

324 2163 360 2214 st
381 2171 451 2213 earm
471 2151 655 2235 principum
672 2151 802 2213 scienta
825 2161 854 2213 et
872 2152 1011 2214 imsione
1028 2151 1186 2213 ordinatio
1206 2153 1377 2235 proveniat
1384 2144 1403 2214 ¹.
1437 2147 1498 2214 Hic

325 2283 415 2348 ergo,
439 2263 523 2350 quod
545 2264 714 2329 canonicae
736 2262 865 2347 regulae
887 2269 957 2330 erat
978 2265 1186 2348 contrarium,
1210 2263 1294 2349 qnod
1315 2263 1408 2330 novit
1428 2285 1498 2331 esse

325 2379 551 2467 symoniacum,
575 2379 692 2447 remitti
716 2399 735 2445 a
758 2379 954 2467 principibus
977 2381 1038 2447 rite
1060 2380 1232 2468 postularit
1254 2387 1286 2448 et
1306 2381 1424 2449 merito
1441 2400 1498 2447 so·

324 2503 392 2563 tum
415 2496 637 2583 postulationis
661 2516 736 2562 suae
759 2496 911 2578 obtinuit3
935 2496 1019 2581 quod
1033 2517 1109 2565 vcro
1133 2518 1191 2584 pro
1206 2502 1291 2563 statu
1313 2502 1347 2564 et
1369 2516 1498 2565 concor·

324 2612 377 2679 dia
399 2612 549 2679 ecclesiae
572 2617 723 2679 statutum
749 2612 922 2697 antiquitus
949 2613 1069 2695 fuerat,
1098 2614 1216 2681 iutuitu
1237 2614 1439 2681 discretionis
1461 2633 1498 2681 ac

322 2729 510 2816 prudentiae
532 2730 689 2813 integrum
713 2748 900 2815 permanere
922 2728 1081 2796 laudabile
1103 2728 1225 2795 dunit“.

163 2854 305 2911 418—422
415 2840 632 2929 „Bonifatius²
657 2850 761 2911 antem
790 2852 865 2931 post
886 2844 1072 2912 Silvestrum
1095 2846 1250 2931 decimus,
1281 2854 1355 2913 ante
1378 2844 1496 2932 Grego-

323 2962 406 3029 rium
422 2982 496 3028 vero
514 2962 682 3028 vicesimus
705 2962 838 3047 primus,
862 2962 916 3046 qui
939 2962 1001 3028 fuit
1021 2962 1216 3048 temporibus
1231 2962 1365 3029 Honorii
1388 2971 1422 3030 et
1434 2963 1496 3029 Va·

323 3076 489 3143 lentiniaui
505 3066 719 3161 augustorum,
743 3076 1000 3144 dissentientibus
1015 3078 1100 3144 clero
1114 3084 1147 3145 et
1169 3078 1285 3166 populo
1302 3078 1421 3163 legitur
1434 3101 1495 3146 una

225 3202 278 3257 418
323 3193 374 3259 die
402 3192 499 3259 fuisse
533 3212 604 3261 cum
632 3192 757 3259 Eulalio
787 3192 960 3259 ordinatus.
1008 3193 1070 3261 Sed
1098 3195 1225 3278 cognita
1252 3216 1272 3261 a
1297 3176 1494 3283 principibus

209 3274 305 3323 Dm
323 3328 433 3393 causa,
462 3308 578 3395 expelli
601 3310 709 3376 ambos
733 3310 772 3377 de
794 3311 872 3376 urbe
894 3311 1069 3392 iusserunt3
1098 3310 1153 3377 sed
1177 3312 1294 3378 intuitu
1315 3313 1494 3379 misericor·

322 3424 393 3491 diae
415 3424 611 3491 Boniiaoium
641 3431 752 3511 postea
778 3432 962 3493 revocantes
991 3426 1148 3495 stabiliter
1169 3428 1204 3493 in
1226 3427 1300 3495 sede
1321 3431 1494 3497 constitue·

321 3536 446 3607 ruut³“.

249 3663 303 3719 498
411 3654 597 3741 „Simacbos
613 3678 746 3743 quoque,
766 3659 820 3744 qui
833 3659 896 3727 fuit
908 3659 1103 3746 temporibus
1115 3662 1277 3727 Anastasii
1290 3663 1492 3749 imperatoris

321 3776 353 3839 et
376 3773 559 3840 Theoderici
581 3776 665 3858 regis
689 3775 829 3859 Arriani,
851 3796 915 3841 una
937 3775 989 3844 die
1011 3777 1206 3844 contentiose
1227 3798 1298 3844 cum
1320 3776 1491 3847 Laurentio

249 3896 302 3951 499
320 3889 494 3956 ordinatur.
534 3890 596 3957 Sed
616 3890 800 3957 Ravennam
823 3893 864 3958 sd
885 3891 1037 3959 iudicium
1058 3894 1142 3977 regis
1163 3895 1290 3979 utrique
1312 3896 1490 3979 mittuntur,

319 4006 425 4091 ibique
448 4006 643 4074 discussione
664 4008 764 4093 laem,
789 4008 973 4076 Simachus⁵
997 4009 1078 4075 dono
1101 4014 1133 4077 et
1154 4010 1271 4077 iudicio
1292 4012 1377 4094 regis
1401 4032 1492 4099 prae-

319 4122 457 4189 sulatum
481 4122 636 4191 obtinuit“
645 4121 665 4189 ⁴.

392 4305 412 4337 a
436 4292 578 4351 processisse
594 4293 617 4341 V.
832 4294 854 4341 b.
878 4294 1004 4354 Syrnucbns
1020 4294 1047 4342 Ζ.

391 4397 416 4449 1.
435 4396 469 4452 v.
481 4397 531 4451 vo.
545 4396 699 4467 Agathone
717 4412 761 4467 ap.
774 4398 905 4454 nursam
922 4400 985 4454 uer.
998 4400 1032 4455 rt.
1045 4364 1145 4456 ssm
1163 4402 1215 4456 ms
1232 4404 1262 4456 et
1280 4402 1340 4458 144.
1425 4404 1485 4459 ar

321 4484 347 4539 d.
365 4484 407 4539 Ex
420 4485 468 4539 vit.
478 4484 621 4556 Boniiacii‚
633 4502 678 4556 sp.
688 4487 785 4542 liurat.
796 4486 890 4543 SS.lll
901 4488 961 4544 116.
1006 4489 1033 4544 4.
1052 4489 1096 4545 Ex
1106 4490 1157 4546 rit
1166 4488 1333 4562 Symmachi,
1345 4490 1383 4547 ib.
1395 4509 1421 4563 p
1430 4492 1483 4547 123
