3142 4850
341 362 465 410 anours
487 362 567 410 vrrs
590 363 746 411 orrours.
781 366 847 412 nra.
865 366 903 413 m
928 364 968 415 ιτ.
984 364 1016 415 ra
1198 350 1261 415 677

97 520 264 586 christiane
286 521 403 587 milicie
425 522 604 588 rudimenta
618 524 803 607 agebantur,
828 524 866 590 ad
881 523 1012 589 durium
1029 526 1165 591 Odorem
1190 542 1352 611 pro-1127

96 637 202 718 gressi,
227 635 305 701 duos
327 637 455 703 insolite
475 638 704 721 magnitudinis
726 638 894 705 rombones
912 640 1161 726 apprehendunt,
1186 660 1262 726 quo-

95 770 162 815 rnm
185 770 333 816 occursus
361 772 425 817 uon
454 752 516 819 nisi
539 772 636 819 semo
658 760 801 839 tempore
825 774 895 820 esse
916 754 1004 821 solet.
1046 755 1263 841 Obstupelacti

95 862 139 929 illi
166 886 280 931 noram
309 866 390 932 banc
412 874 592 954 capturam,
619 870 710 934 noris
738 868 989 954 predicatoribus
1015 870 1126 937 celitus
1157 872 1262 956 provi·

96 998 170 1063 sam,
193 982 277 1046 inter
298 1002 332 1048 se
347 984 527 1064 conterunt3
550 1003 687 1067 moxque
709 983 852 1069 apostolo
876 1002 1024 1049 succum
1047 984 1107 1051 boc
1128 986 1262 1052 iocunde

96 1114 221 1161 munere
235 1103 446 1182 occurrentes,
468 1098 608 1164 aiebant:
631 1118 792 1181 nunquam
808 1098 841 1163 in
857 1098 921 1164 illis
939 1098 1079 1183 partibus
1095 1102 1262 1168 rombones
1310 1158 1322 1178 ,

94 1211 288 1296 autumpnali
317 1217 460 1297 tempore
488 1214 588 1296 risos,
624 1213 680 1278 sed
712 1212 819 1279 celesti
855 1214 999 1298 prodigio
1028 1214 1068 1279 ad
1097 1217 1262 1282 introitum

95 1325 158 1390 eius
178 1325 302 1409 largam
326 1327 408 1393 banc
430 1328 654 1395 benedictionis
677 1346 733 1394 sue
748 1328 871 1413 copiam
888 1328 1058 1395 Dominum
1074 1330 1261 1398 declarasse.

93 1438 192 1506 Erant
215 1447 319 1508 antem
343 1443 509 1509 rombouea
531 1425 619 1510 tante
635 1444 792 1510 rastitatis
814 1462 851 1509 ac
874 1442 1089 1529 longitudinis,
1113 1452 1149 1512 ut
1171 1466 1261 1513 seruo

92 1553 150 1621 Dei
176 1574 248 1623 cum
277 1558 424 1623 universo
451 1559 602 1625 comitatu
630 1577 687 1624 suo
720 1578 779 1644 per
807 1558 1044 1643 quatuordecim
1074 1560 1141 1627 dies
1175 1560 1261 1627 suffi-

92 1671 223 1737 cientem
248 1673 416 1759 preberent
438 1673 636 1757 alimoniam,
660 1674 707 1739 ita
727 1678 763 1738 ut
784 1672 943 1740 nobilibus
967 1674 1061 1740 etiam
1086 1676 1262 1760 quibusque

93 1806 130 1850 ex
158 1788 268 1853 eadem
298 1789 391 1874 copia
417 1788 549 1873 reliquie
577 1788 803 1855 honorabiliter
831 1790 1032 1873 partirentur.
1124 1790 1174 1855 Ex
1203 1790 1262 1859 hoc

93 1920 164 1967 vero
187 1902 324 1989 populus
346 1904 380 1968 iu
403 1902 464 1969 lide
486 1904 589 1986 magis
612 1923 649 1969 ac
670 1904 771 1987 magis
795 1904 1067 1989 corroborabatur,
1096 1924 1167 1972 cum
1190 1912 1261 1972 tau-

91 2022 156 2082 tam
179 2018 213 2082 iu
237 2018 379 2103 apostolo
403 2039 459 2084 sno
487 2019 623 2102 gratiam
651 2024 718 2084 tam
746 2019 778 2083 in
803 2019 1023 2105 temporalium
1048 2040 1142 2105 quam
1172 2021 1260 2088 etin

91 2132 303 2217 spiritualium
326 2133 533 2200 exuberantia
554 2134 751 2220 profectuum
775 2136 952 2200 miraretur.

180 2249 232 2312 18.
267 2247 347 2314 Erat
362 2254 466 2315 autem
488 2249 598 2315 lanum
614 2250 770 2333 quoddam
786 2250 910 2333 lougius
931 2255 1098 2333 remotum,
1121 2250 1161 2316 ad
1178 2250 1261 2335 qnod
1382 2286 1384 2291 ·

90 2360 287 2429 deiciendum
315 2362 439 2430 fidelem
470 2369 502 2430 et
530 2363 812 2430 familiarissimum
843 2365 902 2432 sibi
926 2362 1127 2434 Uodulricum
1158 2385 1261 2432 sacer·

91 2477 194 2544 dotem
218 2479 399 2563 religiosum
423 2479 592 2546 direxerat.
629 2479 691 2546 Sed
712 2481 805 2567 pauci
822 2481 874 2566 qui
890 2487 1109 2548 remanserant
1122 2481 1261 2547 fmrores

89 2593 265 2678 ydolorum,
294 2595 334 2660 de
362 2615 453 2661 muro
482 2596 709 2681 prospicientes
733 2617 805 2662 eum
827 2595 882 2661 illo
905 2597 1043 2680 tendere,
1073 2597 1157 2662 iactu
1179 2595 1262 2682 lapi·

90 2707 163 2774 dum
187 2715 221 2776 et
242 2709 399 2792 lignorum
423 2716 519 2796 caput
541 2711 609 2777 eius
631 2717 794 2777 conterere
816 2710 1034 2777 moliebantur.
1071 2709 1130 2789 Qui
1153 2715 1259 2775 tamen

89 2821 156 2890 Deo
180 2830 365 2910 protegente
387 2825 494 2891 illesus
517 2826 627 2909 erasit,
651 2845 858 2910 reversusque
881 2825 920 2892 ad
947 2825 1034 2912 pium
1058 2829 1181 2912 patrem
1205 2825 1260 2891 Ot-

88 2944 207 3023 tonem,
231 2939 365 3005 iusidias
387 2959 495 3005 eorum
518 2941 666 3006 retexuit.
700 2941 759 3007 Vir
774 2940 913 3026 Domini,
938 2941 1045 3007 statim
1061 2940 1143 3006 elato
1159 2940 1260 3004 crucis

89 3055 204 3120 uexillo
228 3075 265 3120 ao
292 3053 465 3140 pontificali
494 3055 660 3122 redimitus
686 3055 802 3140 infula,
833 3062 932 3122 semet
954 3057 1056 3143 ipsum
1082 3055 1154 3120 bulo
1176 3055 1260 3140 peri·

88 3171 158 3236 culo
180 3171 326 3254 ingerere
348 3189 412 3235 non
434 3169 605 3252 dubitauit3
634 3171 723 3237 cuius
751 3171 948 3257 presenciam
975 3169 1102 3236 barbari
1129 3187 1192 3233 non
1213 3170 1260 3234 fe·

88 3290 205 3369 rentes,
228 3285 289 3350 bac
302 3284 437 3369 illacque
452 3285 598 3371 dispersi,
613 3287 687 3368 fuge
701 3286 834 3352 latibula
849 3288 999 3371 quesisse.
1091 3283 1259 3350 Destructo

88 3401 185 3483 igitur
212 3401 304 3484 iano,
339 3419 409 3466 cum
438 3401 488 3465 uir
510 3400 570 3468 Dei
598 3406 825 3484 reverteretur,
855 3403 997 3468 arborem
1029 3419 1160 3466 nuceam
1188 3419 1261 3485 pre·

88 3516 240 3598 grandem
264 3514 358 3600 ydolo
381 3522 595 3582 consecratam
618 3535 689 3584 cnm
712 3517 816 3600 ioum,
845 3518 898 3602 qui
921 3513 1183 3596 subterfluebat,
1211 3515 1260 3580 in·

89 3632 189 3712 renit3
221 3649 316 3714 quam
347 3631 455 3696 statim
478 3632 639 3698 succidere
667 3631 731 3697 suis
755 3631 933 3717 imperarit.
968 3631 1162 3697 Accedentes
1185 3650 1260 3697 vero

89 3743 285 3812 Stetinensos
309 3745 493 3831 suppliciter
515 3746 682 3829 rogabant:
705 3767 746 3812 ne
769 3747 996 3828 succideretur3
1028 3746 1100 3830 quis
1125 3765 1261 3831 pauper·

88 3861 176 3926 culus
206 3860 263 3925 ille
290 3865 396 3925 custos
426 3861 547 3928 arboris
578 3881 617 3928 ex
647 3862 751 3928 fructu
779 3863 847 3928 eius
871 3862 969 3928 uitam
997 3861 1101 3927 alebat
1122 3861 1259 3946 inopem.

89 3975 130 4042 Se
153 3981 272 4057 autem,
297 3975 497 4041 iureiurando
521 3976 730 4059 affirmabant,
754 3975 919 4060 sacrificia,
944 3997 1004 4061 que
1026 3975 1091 4041 illic
1106 3975 1260 4042 demoniis

89 4091 336 4174 exhibebantur,
364 4090 510 4174 generale
538 4091 641 4157 edicto
670 4093 898 4178 perpetualiter
924 4091 1076 4158 inhibere.
1122 4090 1260 4168 Quorum

89 4207 236 4292 petitioni
260 4205 369 4272 doctor
390 4205 564 4292 piissimus,
588 4207 726 4273 dictante
742 4207 890 4291 equitatis
913 4207 1045 4290 ratione,
1067 4207 1191 4274 naviter
1205 4228 1260 4274 an-

89 4322 168 4388 nuit.
260 4320 347 4386 Dum
362 4339 436 4389 vero
459 4321 576 4388 mutuis
599 4321 658 4388 bec
679 4321 846 4388 conterunt
866 4323 1071 4408 sermonibus,
1095 4341 1166 4390 ecce
1189 4322 1261 4390 bar-

91 4435 186 4502 bams
214 4435 271 4503 ille
298 4442 404 4504 custos
432 4436 554 4504 arboris
582 4455 620 4502 ex
649 4437 811 4523 inproviso
844 4438 993 4521 accurrit,
1022 4457 1174 4524 seruoque
1200 4438 1262 4506 Dei
