3142 4850
374 332 555 379 rruunonnr
578 332 758 380 nrrcoons.
794 333 859 380 cm.
877 333 903 379 n
924 330 967 381 so.
980 331 1016 383 ao
1213 300 1299 382 'llo'

103 491 236 573 imbuti,
260 511 348 557 more
371 490 586 557 columbarum
610 490 688 557 alias
711 491 920 574 trahentium,
942 512 1068 577 gregem
1093 514 1155 560 non
1178 495 1368 565 modi-1124

103 628 175 673 oum
200 606 361 673 adduxere
383 626 561 689 coecorum,
587 605 742 691 euangelii
766 608 947 674 rudimenta
968 609 1128 694 suscipere
1150 610 1278 695 copien-

103 723 193 788 tium.
230 721 312 800 Quid
336 722 456 789 molta?
490 721 745 803 Cathezizantur,
771 723 983 809 baptizantur.
1072 723 1116 791 Et
1137 726 1278 811 spueris

105 844 137 904 ct
160 838 325 903 iuvenibus
348 857 427 904 cana
451 845 575 925 patrum
601 837 769 924 prudentia
792 858 827 903 se
849 858 945 923 passa
967 843 1016 905 cst
1030 839 1165 921 erudiri3
1188 839 1278 907 llam·

103 973 218 1038 maque
249 951 322 1019 fidei
351 952 503 1039 paulatim
532 953 768 1039 progrediente,
797 953 956 1020 concaluit
977 954 1089 1022 civitas
1112 956 1276 1038 univcrsa3

104 1088 206 1154 nequo
229 1070 292 1135 iam
316 1069 436 1135 occulte
460 1068 508 1135 vel
532 1069 639 1155 pauci,
667 1069 721 1135 sed
746 1068 870 1155 publice
893 1089 931 1137 ac
953 1068 1045 1135 multi
1067 1071 1161 1137 simul
1185 1072 1278 1138 cotti·
1366 1062 1370 1069 ’

104 1183 156 1251 dio
178 1184 348 1251 veniebant
371 1184 410 1250 ad
433 1182 537 1250 fidem.
629 1184 751 1250 Interea
774 1184 897 1270 pretate
919 1186 1055 1251 coniunx
1078 1192 1222 1254 matrona
1245 1192 1277 1255 et

104 1306 196 1385 pater
216 1300 448 1386 primitivorum
465 1300 498 1364 in
514 1299 576 1383 ria,
600 1299 702 1365 domi·
724 1300 848 1383 absens,
872 1300 925 1367 ubi
943 1301 1073 1385 audivit,
1096 1302 1179 1387 quod
1196 1323 1276 1369 uxor

104 1420 137 1481 et
164 1414 221 1481 filii
250 1420 377 1500 totaque
405 1415 518 1481 domus
545 1416 630 1499 eius,
662 1416 802 1501 proiccto
830 1417 1032 1502 paganismo,
1063 1418 1125 1483 ritu
1156 1419 1277 1484 viveret

103 1530 293 1614 christiano,
317 1532 396 1597 mori
420 1531 520 1597 voluit
542 1550 598 1617 pre
623 1530 738 1597 dolore.
782 1530 844 1598 Sed
868 1551 948 1597 uxor
971 1532 1104 1618 provida
1125 1540 1276 1617 cognatos

104 1646 172 1713 eius
200 1651 233 1712 et
261 1648 394 1730 amicos,
424 1648 476 1731 qui
502 1646 658 1729 malagma
680 1648 709 1712 ei
733 1647 956 1713 consolationis
978 1654 1189 1734 apponerent,
1221 1649 1276 1716 ob·

103 1762 188 1829 viam
206 1762 322 1833 direxit
343 1767 466 1845 egrot03
491 1764 562 1848 ipsa
578 1782 650 1829 vero
666 1762 751 1829 domi
775 1782 832 1848 pro
848 1762 934 1829 illius
948 1765 1153 1831 conversione
1168 1784 1277 1851 procos

102 1876 241 1944 Domino
266 1881 298 1943 et
312 1882 386 1944 vota
408 1897 470 1943 non
495 1878 585 1945 irrita
608 1876 719 1943 offerre
743 1880 966 1945 concessavit
1001 1878 1110 1965 ltaque
1132 1900 1277 1947 reversas

102 1992 174 2077 ille,
199 2013 271 2059 cum
294 2014 355 2059 non
380 1992 481 2059 solum
506 1993 693 2059 domesticos
718 2013 791 2059 suos
815 2014 923 2060 verum
947 2000 979 2061 ot
1001 1994 1079 2062 alios
1103 1996 1222 2063 vicinos
1245 2002 1278 2063 ot

102 2109 249 2176 concives
279 2128 351 2175 suos
383 2113 519 2175 veterem
551 2108 708 2175 hominem
738 2114 850 2175 exutos
879 2110 913 2175 in
940 2110 1080 2177 novitate
1110 2113 1174 2178 vita
1203 2132 1277 2177 con·

101 2225 241 2312 spiceret
269 2224 482 2306 ambulantes,
512 2224 552 2289 ad
581 2223 840 2291 conformandum
869 2225 1007 2310 saillis,
1035 2226 1104 2294 Deo
1127 2227 1277 2294 visitante

100 2360 158 2409 cor
180 2340 276 2426 illius,
300 2340 392 2407 facile
415 2339 584 2407 inclinatus
608 2344 665 2407 est.
1105 2419 1108 2426 Ι

195 2459 247 2523 30.
282 2456 367 2524 Dum
391 2477 428 2523 ea
450 2461 602 2540 geruntur
625 2455 657 2521 in
681 2457 825 2540 civitate,
855 2455 1015 2524 Paulioius
1037 2458 1188 2543 allegati
1210 2464 1276 2526 tam

101 2573 231 2640 illorum
254 2593 348 2658 quam
372 2573 473 2638 nostri
496 2593 516 2638 a
538 2571 616 2637 duco
639 2569 768 2638 Polonis
791 2572 936 2655 veniunt,
964 2573 1049 2658 pacti
1072 2575 1278 2642 mandatust

101 2689 224 2775 scripta
247 2689 364 2756 tiranni
388 2688 558 2754 secundum
583 2686 639 2752 heo
662 2685 758 2752 verba
781 2691 994 2772 reportantes:

197 2804 399 2888 „Bolezlaus‚
428 2802 654 2889 omnipotentis
677 2800 736 2869 Doi
759 2801 886 2868 favente
908 2802 1075 2870 clementia
1097 2803 1161 2869 dux
1184 2804 1276 2871 Polo-

100 2920 230 2986 niorum
254 2923 286 2985 et
308 2919 406 2985 hostis
431 2919 569 2984 omnium
594 2936 806 3003 paganorum,
829 2918 916 2999 genti
938 2917 1143 2986 Pomeranios
1165 2925 1198 2986 ct
1219 2941 1276 3006 po-

100 3035 180 3123 pulo
205 3033 392 3117 Stotinensi,
417 3034 571 3121 promisso
594 3031 667 3098 lidei
690 3038 889 3100 sacramenta
911 3033 1066 3116 servanti,
1089 3053 1199 3120 paoem
1222 3033 1276 3102 fir-

99 3171 190 3218 mam
214 3155 246 3217 et
267 3149 379 3234 longas
402 3148 573 3229 amicitiam
597 3166 659 3214 noo
683 3148 824 3214 servanti
840 3168 924 3232 vero,
947 3148 1054 3216 cadom
1076 3155 1109 3215 et
1130 3150 1277 3218 incendia

100 3273 138 3334 et
161 3273 285 3332 sternas
307 3264 500 3330 inimicitius.
593 3261 627 3329 Si
650 3262 830 3330 occasiones
846 3283 1009 3348 quaterem
1025 3262 1192 3332 adversum
1207 3285 1275 3350 ros,

97 3381 189 3448 iusta
211 3400 280 3447 osse
302 3383 426 3466 poterat
440 3378 615 3461 indignatio
631 3397 718 3444 mea:
743 3378 836 3462 quod,
860 3379 950 3461 quasi
964 3378 1038 3446 fidei
1054 3387 1158 3446 restro
1172 3386 1276 3448 trans·

98 3515 281 3581 gressores‚
308 3515 364 3562 vos
387 3500 559 3562 retrorsum
583 3493 670 3560 abiro
692 3493 867 3579 conspicio;
897 3498 929 3560 ot
952 3495 1034 3578 quod
1057 3495 1220 3562 dominum
1242 3501 1276 3564 et

99 3617 227 3699 patrem
258 3630 362 3676 mcum
386 3610 534 3676 Ottonem
562 3609 760 3694 episcopum,
790 3607 876 3673 omni
900 3607 1018 3675 honore
1040 3629 1078 3677 ac
1097 3611 1275 3701 reverantia

98 3725 335 3810 dignissimum,
362 3726 426 3792 vito
449 3729 482 3791 ot
502 3724 588 3790 lama
611 3724 643 3788 in
667 3723 752 3789 omui
776 3722 893 3808 populo
916 3729 949 3790 ot
969 3730 1063 3807 gente
1085 3725 1273 3812 preclarum,
1298 3789 1302 3796 .

99 3847 209 3910 vestro
231 3840 326 3907 saluti
349 3861 369 3906 a
390 3840 458 3907 Deo
481 3859 555 3906 voro
579 3844 611 3904 et
633 3842 740 3904 nostro
764 3838 941 3906 ministerio
963 3838 1166 3924 destinatum,
1192 3841 1275 3908 sicut

98 3957 253 4044 oportuit,
276 3975 340 4021 nou
363 3954 546 4041 suscepistis
569 3972 670 4036 neque
693 3953 843 4019 hactenus
863 3953 1034 4020 secundum
1050 3952 1111 4021 Dsi
1126 3956 1271 4023 timorem

98 4071 189 4140 illius
213 4071 354 4136 doctrine
377 4068 538 4136 obedistis.
574 4067 688 4136 Omnia
709 4067 767 4134 hoc
791 4075 893 4135 vestro
907 4068 1055 4136 valebant
1069 4071 1271 4137 accusationi.

100 4185 169 4254 Sed
191 4183 436 4271 interpellavere
454 4204 511 4270 pro
528 4184 616 4250 vobis
640 4182 838 4269 responsales
860 4188 894 4250 ct
913 4183 976 4258 moi
998 4190 1030 4250 ot
1045 4184 1152 4267 vestri,
1175 4185 1273 4251 hono-

99 4301 167 4369 rati
190 4301 250 4366 viri
275 4320 311 4367 ao
338 4299 524 4386 prudentes3
554 4299 702 4386 precipue
725 4302 831 4364 autem
853 4298 922 4384 ipso
944 4297 1086 4383 pontifex
1109 4299 1194 4386 apud
1216 4320 1272 4367 ros

177 4455 198 4488 a.
221 4441 256 4488 sa'a
271 4440 336 4488 codd
366 4439 401 4502 off.
417 4455 492 4502 sopra
505 4455 529 4502 p.
541 4441 587 4488 ⁷72
603 4453 655 4500 cap.
666 4439 706 4486 28.
