3142 4850
470 341 635 390 nosnuror
657 342 785 391 oonux.
819 341 855 394 oo
1183 330 1245 395 117

83 514 174 566 cedens
201 503 313 566 dotnsn'
338 523 414 567 snae
440 525 586 589 proeesse
607 507 720 584 metit,
750 507 907 590 quomodo
931 507 1053 571 scebet
1075 507 1141 572 Bss'
1167 509 1245 573 dili·
1263 521 1415 578 lentiore

81 620 208 701 pontione
222 613 437 684 ateste?
471 615 625 683 Similiter
638 617 757 702 inquit:
773 621 933 686 Diaconos
948 624 1013 686 sest
1025 626 1121 686 nnius
1134 627 1246 689 worse

82 734 145 812 tis-i,
168 735 227 818 qni
239 733 321 816 filiis
344 737 410 798 eceb
433 733 509 799 tete
526 737 672 820 praesint
695 747 723 800 et
737 735 882 800 domibus
904 731 998 800 sossi
1033 733 1124 802 Hane
1139 742 1245 804 autem

82 862 201 912 uxorem
226 865 245 912 a
267 849 430 915 secerdote
458 847 705 916 benedicendam
728 869 813 933 esse,
843 851 946 916 sancti
968 849 1114 917 Silvestri
1142 871 1245 938 papae

83 962 138 1026 seio
156 967 188 1028 te
212 961 339 1030 decreta
361 962 553 1032 sufficienter
575 965 727 1031 docuisse.
763 965 823 1031 His
838 970 873 1032 et
884 965 1102 1032 huiuscemodi
1116 973 1245 1036 saumae
1302 941 1307 950 .

81 1077 246 1162 scripturae
274 1079 440 1146 sententiis
474 1079 582 1163 regule
610 1080 852 1148 canonicorum*
885 1081 1022 1167 scriptor
1047 1101 1112 1148 non
1143 1083 1245 1150 inme·

81 1189 150 1258 rito'
171 1193 366 1260 concordans
388 1196 449 1262 sit:
478 1193 614 1262 Meros
637 1199 679 1262 tit
698 1199 852 1283 podiense,
876 1211 933 1262 ant
956 1212 1036 1263 terte
1056 1201 1152 1264 andro
1174 1221 1244 1265 mo·

81 1311 213 1375 bistonii
233 1313 359 1376 msto
372 1311 546 1396 sederetur.
1063 1313 1069 1322 ⁷

156 1423 207 1490 Ex
232 1426 346 1512 quibus
369 1425 514 1494 omuibus
539 1427 691 1492 veraciter
713 1426 886 1511 colligitur:
917 1427 1001 1512 quod
1023 1429 1190 1514 epiecopus
1211 1433 1245 1496 et

80 1538 219 1606 diaconus
241 1541 505 1628 reprehensibiles
528 1561 596 1609 esse
618 1547 784 1626 notantur,
814 1543 842 1610 si
870 1545 904 1608 in
927 1544 1113 1611 mulieribus
1135 1543 1243 1611 multis

79 1653 263 1722 dividuntur.
296 1657 331 1723 Si
345 1677 442 1724 unam
456 1677 532 1724 sero
547 1658 605 1724 snb
620 1662 752 1744 optentu
769 1657 933 1742 religionis
948 1659 1098 1744 abiciunt,
1121 1665 1243 1726 utrum·

80 1790 145 1856 que,
173 1771 297 1840 scilicet
325 1774 507 1860 episcopum
531 1779 563 1841 et
584 1773 767 1857 diaconum,
791 1775 859 1840 sine
888 1774 1041 1858 gradrmm
1066 1773 1244 1844 differentia

79 1885 145 1954 baec
158 1889 313 1956 canonica
329 1889 480 1976 dampnat
495 1891 666 1957 termulis:
682 1892 863 1978 Episcopus
874 1903 931 1956 ant
939 1893 1102 1978 presbyter
1113 1913 1244 1958 soornn

75 2009 236 2092 propt-sitm
257 2027 459 2092 nequaqnam
482 2007 538 2072 sod
563 2019 690 2092 optentu
710 2007 1025 2092 religiosissimam
1046 2012 1078 2073 si
1096 2029 1170 2074 nero
1192 2029 1243 2075 rt-

10 2143 11 2148 *
77 2121 200 2203 itemst,
220 2126 519 2200 excommunicatum
535 2136 564 2188 tt
577 2126 608 2188 si
616 2127 874 2210 perseveraverit,
891 2117 1070 2189 dsiointnr'.
1107 2121 1243 2190 Sanctus

77 2255 190 2321 quoque
218 2237 431 2324 Augustinus,
460 2245 588 2304 sauctae
616 2237 814 2304 dismetionis
842 2256 908 2303 uon
939 2238 1074 2306 inscius:
1108 2239 1244 2306 Nullum

76 2351 168 2438 iuquit
190 2368 259 2419 tam
278 2377 376 2441 prout
389 2355 524 2440 sucinos
547 2369 602 2436 eet,
627 2358 704 2442 qnt'n
723 2355 950 2420 admittendum
967 2358 1018 2436 sit,
1042 2367 1077 2420 ast
1091 2356 1244 2422 devitetis·

76 2474 164 2555 psius.
242 2470 392 2555 Legimus
415 2476 580 2557 praeterea
602 2472 636 2537 in
659 2471 796 2537 secundo
810 2470 991 2556 tripartitae
1014 2470 1244 2540 ecclesiastices

76 2582 146 2651 libro
175 2586 355 2673 hystoriae,
384 2588 473 2671 quia,
504 2606 576 2653 cum
600 2586 737 2673 synodus
759 2586 882 2652 Nicena
909 2585 987 2653 haec
1014 2587 1125 2655 eadem
1146 2588 1244 2655 vellet

77 2703 225 2769 smeoire·
247 2702 389 2770 decreta:
419 2706 456 2769 ut
477 2702 624 2771 videlicet
646 2700 788 2789 episcopi
813 2702 937 2769 diaconi
964 2703 1140 2790 presbyteri
1169 2708 1243 2790 post

76 2820 336 2885 comparationem
360 2838 379 2885 o
399 2818 537 2905 propriis
560 2816 727 2884 uxoribos'
749 2818 800 2885 rel
822 2818 951 2884 omniuo
978 2818 1173 2885 abstinerent
1191 2819 1242 2886 vel

76 2934 196 3015 gradum
223 2934 426 3021 deponerent,
450 2956 580 3022 torpens
603 2938 637 2999 in
651 2938 753 3000 modio
770 2935 945 3020 Pofnutius
961 2974 1002 2985 —
1019 2952 1101 3000 unus
1117 2914 1242 3001 ex'illls

76 3050 275 3137 martyribus,
299 3070 377 3135 quos
400 3049 630 3117 Maximianus·
653 3050 843 3136 imperator,
866 3048 964 3116 oculis
986 3068 1096 3116 eorum
1119 3050 1241 3117 dextris

76 3165 181 3233 evulsis
204 3172 237 3235 et
260 3167 398 3233 sinistris
421 3165 610 3253 poblitibush
633 3164 752 3247 incisis,
778 3165 1019 3252 dampnavit-
1037 3168 1240 3249 connodics‘t,

76 3281 264 3350 honorabiles
295 3284 454 3368 consessore
482 3287 627 3369 nuptias,
658 3296 686 3347 st
714 3284 888 3348 castitatem
910 3304 974 3347 esse
1000 3285 1106 3348 ditm
1128 3305 1241 3349 tonost·

75 3398 163 3463 litam
186 3424 258 3465 com
276 3404 416 3488 propria
437 3422 546 3465 neore.
584 3398 810 3485 Persuasitqns
832 3398 980 3478 concilio,
1003 3421 1044 3463 ns
1065 3399 1161 3465 telem
1176 3422 1241 3485 po·

75 3529 150 3581 sest
171 3516 286 3603 leptim
313 3538 442 3602 protem
465 3537 529 3581 sese
550 3536 691 3580 asserem
715 3536 858 3593 tansorn,
884 3517 961 3600 quio
983 3514 1049 3580 oct*
1071 3518 1152 3601 ipsis
1175 3512 1240 3581 Μ’

76 3652 172 3696 mnam
195 3634 382 3719 coninps'dcs
397 3627 518 3697 occasio
526 3631 757 3717 fornicationis
773 3633 923 3696 eniteret.
959 3630 1003 3695 ms
1022 3630 1098 3695 base
1115 3631 1241 3716 qnidam

76 3746 257 3831 Pcsnsotios,
288 3748 360 3813 litet
387 3751 573 3835 nuptiarum
602 3770 727 3834 tepens,
759 3750 921 3833 exposuitt
948 3748 1148 3834 synodusque
1169 3767 1239 3809 sen-

75 3866 194 3930 onnam
216 3868 283 3930 nos
307 3864 466 3944 lundood,
492 3876 519 3929 et
541 3864 641 3928 nictit
662 3884 700 3928 tn
723 3862 782 3927 tae
802 3876 895 3949 ports
916 3865 1078 3945 sanctivit,
1105 3862 1161 3927 sed
1182 3860 1241 3927 too

75 3980 219 4046 hunisco
241 3984 392 4067 ociusque
414 3979 573 4046 volontate
594 4000 657 4043 non
680 3980 861 4045 necessitate
882 3972 1029 4044 dimoss't‘.

136 4136 156 4167 s.
179 4122 319 4177 adibebitV,
340 4120 435 4169 habebit
450 4119 477 4167 L.
586 4119 609 4166 b.
634 4120 756 4169 canonicos
773 4116 801 4166 L.
922 4133 941 4165 c,
965 4132 1011 4165 nou
1031 4118 1136 4166 inmerito
1157 4114 1239 4165 osrsL.

76 4196 95 4242 d
115 4199 223 4247 ddeeerit
235 4202 258 4249 V.
338 4215 358 4247 a.
382 4200 480 4247 sanctire
494 4200 517 4246 V.
596 4200 612 4245 l.
636 4214 679 4245 ons.
690 4200 713 4245 1⁷.
790 4212 811 4256 g.
835 4199 971 4246 bluimluus
987 4198 1015 4245 L
1087 4196 1110 4243 lr.
1134 4198 1195 4244 sums
1210 4196 1239 4245 la.

75 4276 89 4321 'u
235 4316 241 4327 .

109 4278 204 4421 ¹¹'lidi
211 4280 281 4421 'l'lm
294 4366 321 4435 3,
334 4366 361 4421 5.
448 4366 473 4420 2.
494 4366 508 4420 1
522 4364 594 4420 Tim.
607 4366 632 4435 3,
646 4366 689 4421 12.
779 4364 806 4419 3.
826 4364 929 4420 Onon.
943 4366 1032 4434 apost
1045 4364 1070 4431 6,
1089 4360 1241 4418 ΒιιωΙιιτᾱί

78 4449 142 4509 decr.
154 4454 167 4511 1
179 4455 225 4511 78.
287 4456 315 4511 4.
329 4454 363 4511 V.
376 4452 447 4509 Hist.
461 4454 560 4525 tripli
573 4470 596 4509 o.
608 4454 649 4525 14,
668 4454 695 4507 in
709 4452 865 4510 custodori
878 4452 947 4523 Opp.
956 4451 1001 4508 od
1011 4452 1141 4509 Guetim
1152 4452 1166 4506 Ι
1177 4452 1240 4507 230.
