3142 4850
426 336 615 387 nummum
638 340 917 389 annunciamus.
953 340 971 391 e
1219 326 1286 391 493

117 493 265 561 clericalis
292 497 481 582 cucumorit,
514 504 610 584 prout
638 518 767 585 possum
797 499 921 583 singula
947 500 1144 567 recordando
1173 502 1287 568 distin·
1315 514 1385 572 1020

116 630 217 694 guero,
239 611 405 679 contendo
426 612 506 681 haec
527 634 590 681 nou
613 616 810 699 aggravabor
832 634 999 702 exponere.
1303 590 1399 650 ΑΜ

201 725 288 793 Hora
315 729 432 814 prelati
456 729 535 814 diei,
566 730 691 815 quaudo
715 730 853 797 officium
876 731 1003 797 missale
1031 730 1183 814 celebrari
1206 736 1286 798 tem-

116 860 171 928 pus
194 843 367 928 admonuit,
391 846 562 929 equitando
584 846 691 913 taliter
712 853 844 933 paratus
867 848 1004 931 advenit,
1029 847 1164 931 qualiter
1184 847 1222 913 ad
1241 848 1286 913 al-

116 963 179 1024 tare
202 964 346 1025 sanctum
371 962 512 1027 accessit.
603 962 745 1040 Quatuor
767 962 855 1028 ebori
877 962 909 1028 in
941 982 1104 1029 occursum
1129 964 1195 1029 eius
1217 962 1286 1030 fue-

114 1079 186 1140 ruit
207 1074 356 1142 decenter
370 1077 517 1142 ordinati.
552 1076 678 1143 Primus
700 1079 733 1143 in
749 1078 891 1144 ulteriori
909 1076 1048 1145 fluminis
1072 1080 1164 1165 ripa·
1188 1098 1286 1165 supra

114 1194 243 1275 pontem
264 1191 346 1258 alter
366 1192 401 1257 in
424 1192 534 1277 altera,
557 1194 673 1261 tercius
697 1200 771 1260 aute
794 1194 880 1260 urbis
905 1196 1031 1279 ostium,
1060 1200 1190 1280 quartus
1214 1200 1286 1261 anto

114 1305 296 1373 aecclesiam
319 1308 353 1372 iu
375 1308 457 1373 atrio
480 1314 596 1375 tecum
678 1310 736 1377 His
751 1311 798 1377 ita
814 1310 966 1377 ordinatis
988 1311 1197 1395 congruisque
1212 1328 1286 1376 can-

113 1422 196 1489 tibus
220 1424 377 1491 suavitate
399 1444 516 1491 canora
538 1414 633 1510 atqua
655 1426 870 1491 modulatione
893 1426 1044 1493 distincta
1066 1425 1175 1509 finitis,
1199 1431 1286 1512 post

114 1558 206 1622 quam
231 1540 389 1607 orationes
413 1546 486 1608 ante
508 1542 572 1607 tria
594 1541 708 1607 altaria
730 1547 908 1627 prostratus
930 1540 1043 1625 finiuit,
1067 1561 1125 1607 nec
1140 1560 1203 1606 non
1219 1542 1286 1628 epi-

113 1655 232 1741 scopali
255 1654 405 1722 cathedra
425 1658 578 1741 consedit,
602 1657 704 1724 clerus
732 1656 777 1723 Te
799 1660 891 1723 deam
915 1658 1092 1738 laudamur,
1117 1663 1150 1722 et
1172 1677 1189 1723 o
1209 1676 1285 1723 cou-

111 1772 210 1837 trario
222 1774 340 1859 syna
352 1774 458 1859 laycos
473 1774 666 1840 unanimiter
681 1777 865 1839 cantaverat
879 1770 1025 1858 populus,
1042 1773 1132 1858 quasi
1146 1772 1286 1840 dicerent

112 1906 181 1953 cum
207 1886 353 1953 concordi
382 1890 505 1955 cantico
533 1889 733 1974 psalmistae:
763 1890 910 1955 Psallam
933 1892 1066 1975 spirita,
1097 1888 1235 1976 psallam
1259 1903 1287 1955 ec

110 1998 236 2070 mucel
327 2003 372 2069 Re
393 2022 470 2070 sera
491 2022 546 2070 cor
568 2004 647 2070 illud
675 2012 744 2070 erat
772 2004 994 2070 adamantinae
1018 2004 1173 2087 duriciae,
1202 2004 1285 2089 quod

110 2138 173 2186 nou
196 2121 303 2206 potuit
324 2124 400 2185 trmc
427 2121 617 2207 conpunctio
640 2140 717 2187 uera
745 2120 877 2187 mollire.
920 2120 1065 2205 Interim,
1093 2092 1137 2185 ut⁰
1152 2118 1285 2203 conlido,

110 2254 173 2301 non
197 2240 268 2301 erat
290 2236 329 2301 ad
351 2240 478 2323 tempus
492 2236 538 2302 ibi
553 2256 608 2303 cor
621 2242 722 2320 tuum,
746 2238 843 2302 immo
859 2236 903 2302 ibi
919 2235 1070 2320 locorum,
1094 2236 1178 2302 uude
1200 2235 1285 2322 psal-

109 2352 209 2417 mista
230 2352 394 2438 suspirans
418 2352 478 2418 ait:
505 2353 609 2435 Quum
625 2354 738 2419 dilectu
760 2354 964 2419 tabernacula
982 2364 1047 2434 tac,
1072 2356 1197 2419 domama
1219 2354 1285 2419 oir-

110 2479 230 2547 tutam3
259 2473 450 2556 concupiscit
481 2483 511 2535 et
531 2471 633 2552 dejicit
660 2474 769 2535 anima
792 2493 861 2535 mea
891 2473 926 2534 c'a
954 2473 1039 2535 atria
1062 2467 1224 2551 Domiai',
1254 2475 1287 2536 et

109 2583 246 2650 iterum:
269 2587 385 2650 Melior
400 2600 445 2652 est
467 2589 533 2652 dias
555 2611 620 2651 aaa
641 2589 677 2651 io
693 2589 784 2652 atro’m
808 2589 870 2651 tais
885 2608 980 2671 super
995 2579 1112 2650 ovilia!
1150 2583 1286 2670 Ideoque

109 2703 141 2765 te
163 2719 231 2766 non
249 2700 395 2786 'penituit
421 2721 480 2787 pro
509 2701 709 2787 properanda
730 2702 765 2766 iu
788 2700 874 2766 caelo
898 2700 1060 2766 mansione
1083 2697 1208 2766 Christo
1232 2701 1286 2768 de-

109 2814 209 2900 disse,
233 2815 381 2902 quicquid
402 2835 553 2903 umquam
578 2815 694 2883 abillo
716 2816 890 2884 merebaris
906 2816 1056 2900 accipere.
1141 2814 1204 2883 Sed
1222 2817 1286 2883 iam

109 2932 258 2998 ordinem
279 2932 440 3020 inceptum
464 2951 667 3018 exequamur.

201 3047 356 3132 Angelioo
377 3049 475 3130 igitur
497 3069 593 3135 ymno
615 3047 715 3130 finito,
739 3052 908 3134 postquam
932 3045 1131 3113 salutationis
1148 3045 1287 3116 humilli-

109 3181 183 3230 mae
205 3164 330 3230 merida
346 3165 386 3231 ab
400 3165 455 3230 illo
472 3164 622 3251 accepisti
638 3163 778 3231 osculum
795 3163 938 3229 caritatis
954 3162 1157 3247 debitumque
1173 3180 1287 3232 munus

109 3279 274 3346 eamtatiui
289 3280 534 3364 resalutaminis‚
557 3279 705 3346 surrexit.
741 3278 784 3344 Et
800 3299 943 3364 egressus
959 3279 1055 3361 foras,
1072 3283 1144 3345 ante
1159 3279 1288 3346 ianuam

110 3394 285 3462 aecclesiae
313 3397 510 3481 poenitentes
532 3415 652 3480 suaque
674 3395 791 3461 delicta
812 3393 995 3462 confitentes
1021 3395 1154 3461 nexibus
1177 3413 1288 3482 pecca-

108 3517 217 3578 torum
241 3512 421 3578 miserando
445 3506 615 3594 dissolrit⁴,
644 3530 703 3576 nec
728 3529 791 3576 uon
820 3512 853 3576 in
884 3510 1067 3577 aecclesiam
1095 3511 1287 3594 introduxit;

109 3632 148 3693 ut
169 3647 231 3714 per
252 3627 342 3693 illum
366 3629 453 3711 digni
476 3627 589 3694 llereut
607 3626 766 3712 paschalis
782 3627 899 3710 gaudii,
924 3626 977 3710 qui
995 3645 1054 3712 pro
1072 3627 1288 3712 peccatoribus

110 3743 216 3809 voluit
229 3742 398 3834 immolari.
433 3742 556 3810 Deinde
571 3741 651 3809 lecto
672 3741 846 3827 euangelio,
864 3742 962 3808 debiti
977 3743 1132 3808 sermonis
1151 3741 1288 3810 officium

109 3859 262 3946 implerit
268 3861 453 3946 cunctisque
464 3859 540 3925 illuc
555 3859 794 3926 advenientibus
810 3858 1005 3924 remissionis
1017 3859 1100 3924 dona
1111 3858 1290 3924 neccssaria

100 3975 243 4058 ‚tribuit3
269 3995 330 4042 nec
354 3995 419 4042 non
441 3974 481 4042 ad
508 3974 723 4041 benedicenda
748 3973 907 4042 crismatis
929 3973 1052 4058 oleique
1075 3971 1288 4040 sacramenta*

187 4113 210 4144 ι
233 4097 684 4160 locloeor'nterpmtasucoto'sood.

186 4188 214 4239 1.
233 4185 325 4240 lcor.
339 4187 381 4255 14,
395 4187 437 4240 15.
521 4187 547 4240 2.
565 4186 610 4239 Pa.
623 4187 666 4254 83,
687 4189 712 4238 2.
726 4187 751 4240 3.
836 4183 863 4238 3.
882 4184 981 4252 essi,
996 4185 1038 4237 11.
1121 4183 1147 4237 4.
1169 4183 1228 4253 „De
1245 4198 1287 4238 ro·

111 4273 306 4333 conciliatione
323 4273 532 4344 poenitentium,
550 4289 622 4343 quac
638 4272 672 4327 fic
689 4273 717 4327 in
735 4273 832 4342 quinta
844 4271 913 4327 ieris
924 4287 1027 4327 coenae
1038 4270 1164 4327 Domini“
1178 4287 1205 4326 v.
1218 4272 1289 4327 Pou-

111 4359 218 4415 liricale
235 4363 397 4417 Romanum.
487 4363 513 4416 e.
537 4362 573 4417 ds
590 4361 782 4416 bencdictione
801 4361 955 4416 chrismatis
978 4367 1007 4416 et
1027 4361 1081 4417 olei
1098 4359 1226 4420 iacienda
1245 4360 1289 4431 „in

112 4450 215 4519 quinta
232 4449 301 4506 icria
318 4465 420 4507 coenae
438 4449 564 4506 Domini“
584 4467 611 4505 v.
624 4449 783 4506 Pontificaie
802 4451 964 4506 ltomauum.
