3142 4850
283 314 348 379 732
559 331 740 379 nunnonur
760 329 942 379 arenosus.
976 328 1183 380 urn.13n.et

117 505 267 561 lltallte
283 493 424 557 beaune
447 494 607 578 quoddam
635 506 663 557 et
686 494 933 578 nopocictionem
955 495 1105 578 copitaui3
1135 505 1196 559 esto
1224 496 1327 559 socius
1356 516 1451 557 nune.

283 608 428 694 Aparnue
442 612 575 695 pariter,
597 622 633 675 ut
647 608 806 692 defructu
822 620 849 673 et
864 608 950 674 lucro
966 609 1098 675 acuente
1112 612 1235 695 pariter
1246 612 1452 695 pendeamus.

283 725 401 791 Decem
424 747 518 810 equos
547 728 664 811 pannis
688 737 831 790 onaatoe
854 727 888 789 in
912 725 1135 790 Pomeraniam
1157 728 1325 805 munemne,
1356 748 1455 811 opera

284 856 339 907 tua
359 843 497 927 indipeo.
535 840 666 905 Omnem
694 843 794 927 ipitur
816 862 991 919 annonam,
1024 863 1083 926 quc
1109 842 1152 905 ad
1173 864 1248 907 usus
1270 856 1396 907 nosnos
1417 844 1454 905 e'a

280 956 427 1043 partibus
444 956 585 1023 Sanonie
606 960 744 1043 reposita
767 969 919 1036 ematur,
942 956 1174 1041 inarpoatobee3
1196 960 1326 1043 insuper
1348 979 1455 1023 onmes

280 1075 433 1158 pecrrniae
456 1074 495 1136 de
516 1073 690 1137 redditibus
714 1074 882 1137 earundem
907 1074 1050 1158 partium
1072 1074 1116 1137 od
1137 1094 1194 1137 noe
1218 1076 1454 1158 pertinentiam,

284 1210 364 1273 quae
379 1188 524 1273 colliycre
544 1192 674 1273 poteris,
699 1202 810 1253 cuncta
832 1190 928 1253 eimnl
949 1190 993 1253 ad
1006 1190 1165 1253 nundinae
1181 1188 1277 1253 Halia
1297 1189 1454 1275 putabis.

283 1304 380 1369 Nosti
401 1306 512 1369 etenim
533 1305 653 1369 nobiles
674 1326 773 1390 puros
798 1318 825 1371 at
845 1308 1004 1391 preciosos
1024 1326 1160 1391 pannon,
1184 1307 1218 1369 in
1237 1318 1322 1369 terra
1337 1306 1456 1371 Pome-

282 1442 435 1485 ranorum
458 1442 559 1499 carae,
582 1420 681 1505 fruoi
701 1433 840 1487 roncata
858 1420 970 1486 Halia·
992 1422 1138 1487 inueniri.
1174 1420 1278 1506 Ipitur
1300 1423 1457 1506 qudquid

283 1559 322 1601 ea
341 1536 470 1623 prefata
488 1538 627 1622 pecunia
643 1537 776 1621 jactant
793 1550 821 1603 ct
842 1560 995 1623 purpure,
1020 1536 1157 1617 truncti,
1178 1536 1309 1621 friteaii
1330 1558 1456 1622 quoque

282 1675 337 1718 eeu
358 1653 488 1718 alteriue
511 1652 675 1717 cuiuslibet
696 1656 810 1739 optimi
828 1655 952 1739 paterne
974 1652 1157 1718 velocioris
1177 1674 1361 1738 pannonum
1385 1674 1455 1718 coc·

282 1791 366 1835 ruere
389 1772 518 1855 potone,
545 1771 580 1835 in
602 1763 741 1833 eacmae¹
764 1769 937 1835 concludes.
975 1768 1129 1853 Aliaeque
1150 1771 1277 1855 meane,
1299 1769 1458 1854 ploriolae

284 1897 312 1951 et
332 1908 382 1951 ree
403 1886 553 1972 pulclrrae
576 1907 692 1965 mene,
724 1889 830 1951 omnia
854 1886 902 1951 bis
925 1886 1070 1950 iumentis
1097 1886 1131 1949 iu
1155 1885 1381 1951 Pomeraniaru
1402 1888 1457 1951 di-

283 2004 377 2087 ripes,
397 2006 520 2088 partim
535 2004 620 2067 dona
636 2004 827 2093 maioribus,
849 2001 974 2087 reliqna
988 2022 1071 2080 aero,
1096 2013 1189 2066 cauto
1204 2004 1382 2067 venditione
1396 2003 1457 2067 lca·

284 2120 359 2198 bita,
381 2122 524 2204 precium
546 2120 690 2204 captiuis,
714 2140 793 2203 quoe
816 2120 851 2181 in
866 2117 1019 2182 barbarae
1041 2119 1183 2182 notiones
1207 2118 1356 2183 abductae
1381 2140 1458 2183 con-

284 2236 404 2300 stiterit.
439 2234 506 2299 Hoc
521 2247 623 2299 cunm
637 2236 677 2314 ei,
701 2246 737 2299 ut
750 2234 868 2298 dictant
884 2246 938 2313 eet,
962 2236 1009 2299 ita
1024 2237 1135 2319 aaroni
1149 2236 1357 2319 potuerimus,
1382 2234 1460 2300 nec*

284 2364 318 2417 tu
339 2374 396 2415 nec
418 2372 473 2437 epo
488 2351 604 2436 fructu
622 2353 733 2416 inance
748 2372 786 2413 oc
802 2353 869 2413 eine
883 2352 1021 2415 mercede
1035 2352 1070 2415 in
1084 2350 1204 2435 futura
1226 2352 1290 2415 cita
1312 2373 1461 2416 remane

284 2469 394 2534 bimae
434 2467 508 2532 Hoc
536 2469 648 2534 norim
677 2451 839 2532 occasione
867 2469 1061 2553 equitaturae
1094 2479 1168 2533 tuae
1198 2467 1322 2533 abundi.
1366 2466 1463 2534 Abiit

283 2583 394 2664 homo,
418 2588 450 2649 et
473 2583 547 2668 quia
569 2580 670 2648 fidelis
694 2601 731 2647 ac
752 2586 921 2647 strennuus
943 2585 1021 2666 erat,
1046 2582 1161 2665 omniu,
1185 2582 1267 2648 sicut
1289 2583 1462 2669 episeopus

284 2699 496 2782 ordinaverat,
519 2698 597 2764 haut
619 2697 758 2781 segniter
772 2696 927 2784 implevit.
1018 2695 1223 2765 Munerantur
1245 2698 1463 2782 honestioras3

283 2816 410 2882 institor
433 2814 557 2880 Ottonis
580 2813 742 2897 landatur,
770 2813 875 2880 forum
900 2813 967 2880 eius
991 2833 1027 2880 nc
1050 2812 1212 2880 distractio
1241 2813 1359 2901 populo
1384 2815 1464 2882 rudi

285 2931 498 2998 ammirationi
525 2929 587 2995 fuit
614 2935 647 2995 et
674 2929 835 3016 exemp103
866 2930 1198 3016 cunctiqnecertatim
1222 2930 1382 3016 rapientes
1405 2952 1464 2998 ree

285 3046 380 3134 duplo
396 3048 552 3131 emebant,
575 3050 642 3112 tum
664 3065 722 3133 pro
737 3045 904 3113 dilectione
919 3045 1076 3133 pontificis
1092 3051 1159 3112 tuen
1176 3047 1272 3113 etiam
1288 3047 1363 3130 quia
1385 3067 1465 3132 pre·

284 3163 368 3230 cium
391 3163 532 3230 sciebant
554 3182 622 3229 esse
644 3161 881 3249 redemptionis.

374 3281 427 3343 37.
463 3277 521 3344 His
537 3278 682 3345 omnibus
701 3277 740 3343 ad
756 3283 864 3344 votum
882 3277 1022 3364 episcopi
1038 3277 1206 3363 explicitis,
1229 3277 1365 3345 eundem
1387 3298 1468 3347 ecu-

118 3406 270 3461 1131-1139
285 3415 414 3461 nomum
437 3395 537 3461 mittit
559 3395 599 3460 ad
618 3414 723 3477 regem
739 3392 915 3479 Hunorum,
938 3393 1028 3460 illum
1051 3393 1143 3461 beate
1165 3413 1291 3480 semper
1306 3397 1468 3464 memorie

284 3507 423 3595 Belam',
454 3511 508 3596 qui
532 3546 573 3556 -
599 3531 618 3574 a
640 3516 753 3595 patruo
781 3529 839 3576 sno
862 3508 1055 3576 colomanno
1079 3530 1152 3594 rege
1181 3530 1252 3576 cum
1281 3519 1373 3597 patre
1402 3533 1468 3581 suo

285 3626 379 3694 Almo
402 3627 481 3693 duce
503 3626 537 3691 in
559 3625 670 3692 diebus
694 3625 904 3694 adolescentie
925 3625 1097 3694 luminibus
1121 3627 1263 3713 privatus
1282 3663 1324 3673 -—
1350 3635 1470 3714 postea

284 3744 319 3809 in
334 3763 467 3826 regnum
484 3741 671 3809 sublimatus
686 3748 748 3822 est3
765 3742 925 3827 oculisque
939 3741 1013 3809 fidei
1031 3764 1067 3811 aa
1082 3745 1241 3830 sapientia
1255 3745 1371 3811 mentis
1386 3765 1470 3831 pre-

286 3859 381 3943 ditus,
405 3879 471 3926 ram
494 3858 654 3946 publicam
670 3855 870 3941 Ungarorum
893 3879 950 3946 per
973 3880 1071 3926 annos
1094 3860 1201 3948 plures
1223 3863 1371 3945 gnaviter
1392 3883 1471 3930 am-

286 3977 488 4042 ministravit.
579 3973 692 4041 Certus
720 3975 828 4058 iteque
851 3974 889 4040 de
912 3976 1122 4044 strennuitate
1145 3997 1182 4044 au
1204 3977 1373 4064 prudentia
1395 3978 1471 4048 Ru-

287 4091 370 4176 dolfi,
394 4093 449 4177 qni
471 4090 512 4157 ud
535 4092 641 4156 omnia
663 4091 769 4157 studia
791 4090 1006 4159 misericordie
1028 4093 1156 4160 sedulus
1174 4095 1203 4160 ei
1219 4095 1365 4162 minister
1379 4105 1470 4182 arat,

359 4344 379 4376 a
404 4329 467 4376 Hauc
485 4330 515 4386 N,
532 4329 598 4376 Helle
614 4330 667 4376 BR.
759 4331 782 4377 b.
806 4343 849 4378 uec
862 4355 886 4362 -
900 4331 980 4378 inanes
996 4345 1039 4379 our.
1050 4333 1087 4388 Ν,-
1107 4334 1186 4395 recepi
1200 4347 1229 4381 aa
1246 4335 1300 4382 BR.

359 4450 383 4502 1.
402 4463 522 4517 emmae.
735 4453 761 4505 2.
785 4451 811 4505 ll
831 4453 1025 4508 1131-1141.
