3142 4850
422 343 588 393 unmsrcr
610 341 738 392 oonsx.
773 340 835 394 sor.
848 339 902 393 nes
1180 325 1249 392 435

88 501 289 584 gentiueusem
313 503 445 586 iugiter·
464 501 657 589 respiciatis3
681 507 714 570 et
736 502 764 568 si
787 503 859 588 quis
881 502 1058 568 delatorum
1082 501 1247 569 sinistrum
1305 517 1375 572 llud

89 616 151 700 quid
178 615 268 684 robis
295 619 503 702 suggesserit,
532 637 596 684 uon
624 618 710 686 illius
738 617 843 685 verbis
871 617 927 685 sed
955 618 1074 684 nostris
1099 616 1249 705 operibus
1268 588 1411 650 mm

88 731 221 799 umetis.
303 792 308 808 ,

86 1031 164 1103 252.
186 1037 369 1102 Adelbertco
386 1035 407 1102 Ι
423 1035 678 1124 archiepiscopus
702 1037 910 1123 Mopuutinua
938 1036 1081 1102 Ottooc'l
1099 1039 1246 1124 epebcopo

183 1151 412 1239 Bomberpenes'
437 1155 605 1240 respondet
612 1200 623 1232 ,
652 1175 744 1218 ecum
767 1156 806 1218 de
831 1151 975 1238 penerali
1003 1153 1141 1238 quodam
1163 1151 1247 1220 mulo

184 1267 352 1334 consilium
373 1293 394 1333 c
414 1271 562 1354 principe
583 1265 732 1356 neplipe'l.
1111 1264 1150 1346 (E
1168 1264 1247 1349 365)

162 1426 380 1510 Atdelbsrtus)
403 1426 465 1494 Dei
487 1428 591 1511 gratia
609 1426 815 1512 Mogontiuus
837 1426 1094 1514 archiepiscopus
1116 1431 1149 1493 et
1170 1437 1357 1513 apo-1130?

80 1540 202 1610 stolioae
230 1543 314 1610 sedis
336 1543 458 1627 legatus
480 1543 652 1612 venerabili
676 1549 709 1610 et
730 1544 763 1610 in
788 1543 914 1611 Christo
936 1541 1109 1629 plurimum
1132 1541 1247 1610 dilecto

78 1655 163 1724 tratri
186 1657 322 1742 Oltteni)
345 1658 601 1744 Babeubergensi
624 1660 773 1747 episcopo
796 1658 931 1726 salutem
954 1679 1027 1724 cum
1049 1657 1189 1726 servitio.

160 1773 316 1852 Quotiens
339 1774 477 1842 humano
500 1775 631 1844 consilio
652 1781 684 1844 et
699 1775 818 1844 auxilio
832 1773 1045 1857 destituimur,
1067 1773 1158 1840 novit
1171 1793 1247 1860 pru·

77 1887 178 1956 dmtia
201 1897 267 1974 tua,
295 1891 466 1960 reverende
487 1892 596 1976 freter,
621 1891 706 1976 quod
728 1891 769 1960 ad
791 1891 901 1958 divina
921 1887 1064 1956 subsidia
1085 1889 1177 1957 nubis
1199 1893 1248 1956 est

75 2003 329 2090 mulugiendum3
364 2007 530 2092 quatinus,
557 2007 640 2092 qnod
670 2027 727 2094 per
755 2028 814 2074 nos
841 2027 905 2074 uon
935 2004 1091 2087 valemus,
1120 2005 1248 2074 divinae

75 2119 284 2188 miserationis
307 2123 411 2205 gratia
432 2141 670 2208 consequamur.

159 2237 333 2306 Recordari
347 2239 504 2324 siquidem
519 2239 663 2307 volumus
679 2238 900 2306 discretionem
917 2242 1016 2321 tuam,
1040 2236 1125 2304 omui
1140 2236 1246 2304 studio

74 2353 155 2420 omui
179 2354 345 2422 conamine
367 2355 402 2421 in
425 2355 605 2442 praesentia
628 2361 684 2422 tua
705 2353 887 2422 stallorum
903 2353 1083 2441 principum
1098 2371 1156 2419 nos
1171 2371 1246 2440 ope-

72 2486 137 2536 ram
166 2470 308 2555 dedisse,
337 2472 486 2555 quatinus
509 2471 568 2539 hoc
590 2470 736 2556 generale
759 2469 895 2554 malum,
925 2490 982 2556 pro
1006 2490 1067 2555 quo
1090 2468 1246 2555 scripsisti

71 2585 167 2670 nobis,
190 2587 323 2653 honesto
338 2586 455 2673 placito
472 2586 712 2670 interveniente,
728 2585 961 2673 praeveniendo
975 2602 1140 2671 possamus
1155 2602 1246 2651 aver·

71 2704 143 2768 tere.
179 2701 224 2769 Et
247 2720 310 2769 non
333 2702 453 2789 placuit
474 2702 612 2791 principi
634 2703 667 2769 in
691 2702 797 2787 aliquo
816 2721 876 2768 nos
891 2700 1001 2769 audire
1017 2699 1068 2767 rel
1082 2701 1243 2767 exaudire.

70 2814 147 2893 Quid
163 2817 275 2885 diviua
297 2819 459 2886 miseratio
482 2819 522 2886 de
540 2818 589 2885 his
606 2818 811 2903 ordinaverit,
834 2816 974 2883 bumana
988 2835 1078 2882 mens
1091 2834 1155 2882 uon
1179 2814 1245 2881 suf·

69 2928 131 3001 licit
152 2935 358 3020 perscrutari.
406 2932 468 3003 Sed
490 2940 596 3003 amen
619 2934 679 3003 hoc
700 2934 828 3001 interim
851 2938 956 3001 tecum
978 2931 1244 3019 pertimescimus,

69 3066 106 3115 ne
133 3050 271 3117 multam
294 3056 327 3119 et
348 3050 550 3117 indiscretam
575 3050 744 3119 elationem
768 3050 895 3133 gratim
916 3053 950 3117 et
970 3046 1130 3131 indignior
1150 3045 1245 3114 ruina

69 3164 287 3251 subsequetur.
369 3166 403 3233 Si
427 3166 566 3252 placeret
587 3165 689 3233 adhuc
711 3166 848 3253 principi
872 3165 980 3231 sanius
1003 3162 1169 3231 eonsilium
1186 3162 1245 3227 ad-

69 3279 208 3366 mittere,
233 3300 292 3349 nos
315 3300 380 3349 uua
401 3287 504 3349 tecum
528 3281 663 3349 libenter
686 3298 744 3367 pro
768 3300 862 3367 posse
883 3284 992 3347 nosue
1014 3278 1243 3361 laboraremus,

68 3398 101 3459 ut
121 3395 201 3465 baec
223 3396 333 3465 omnia
355 3397 396 3465 ad
418 3418 615 3465 communem
638 3398 763 3484 patriae
785 3395 921 3463 odotem
938 3400 972 3463 et
985 3394 1075 3478 regni
1090 3394 1242 3461 honorem

68 3519 340 3599 componerentur.
388 3511 445 3581 Sin
468 3519 590 3597 summ,
615 3512 699 3598 qnod
721 3510 825 3579 solum
847 3516 962 3595 restat,
984 3510 1145 3579 iaciemus.
1191 3508 1242 3576 Ex

69 3624 164 3695 altera
193 3633 304 3715 parte,
332 3628 483 3697 ecclesiae
505 3634 579 3697 tuae
602 3633 634 3695 at
657 3627 728 3695 aliis
750 3626 903 3695 fratribus
926 3632 959 3695 et
981 3626 1091 3693 amieis
1113 3625 1242 3711 uostris,

68 3750 219 3825 quantum
243 3764 421 3831 possumus,
448 3743 662 3813 laborabimus
684 3744 862 3831 providere
952 3742 1002 3809 De
1023 3746 1127 3811 cetero
1150 3761 1242 3809 orsu·

67 3859 127 3925 tem
149 3880 211 3947 prc
236 3860 327 3929 uobis
349 3860 582 3929 fraternitatem
604 3864 693 3927 tuum
715 3858 784 3927 Deo
806 3858 1043 3927 committimus.

130 4084 151 4119 a.
175 4071 257 4120 σμγ.
470 4071 493 4119 b.
517 4070 798 4133 corrompetur.

548 4308 760 4319 —n-n—-a
