3142 4850
465 319 631 374 nurerum
653 325 781 374 conum
819 323 860 377 rs.
875 324 910 375 14
1230 309 1275 376 36

96 481 188 564 situs,
212 484 428 568 praesentium
452 483 573 550 scilicet
594 504 632 550 ac
653 484 848 568 futurorum,
872 485 1008 570 qualiter
1029 506 1089 552 nos
1110 487 1151 554 ob
1173 487 1272 554 inter·
1290 499 1444 556 10241026

96 601 224 664 rentum
254 617 292 664 ac
320 599 510 686 peticionem
537 599 768 683 cunigundae)
795 600 1008 686 imperatricis
1036 601 1195 686 quandam
1222 602 1273 667 sni

95 713 171 778 iuris
195 713 348 780 ancillam
369 713 409 780 A.
433 715 571 797 nomine,
595 734 653 801 per
675 733 805 781 manum
827 714 992 782 cuiusdam
1010 715 1050 782 H.
1067 716 1160 783 nobis
1182 736 1274 803 prue-

96 832 265 913 scntatum,
289 849 387 895 mann
409 835 518 895 nostra
540 829 579 895 de
603 848 699 894 manu
721 829 808 897 illius
830 850 963 896 excusso
978 830 1119 913 denario,
1141 829 1275 897 liberam

92 942 227 1009 fecimus
244 945 392 1028 omnique
410 946 483 1026 ingo
500 943 625 1012 debitae
641 945 805 1011 servitutis
821 944 1023 1012 absolvimus.
1058 944 1195 1013 Proinde
1217 965 1275 1031 per

95 1062 238 1123 nostram
252 1059 393 1142 regalem
416 1059 561 1126 iubemus
584 1059 770 1144 potentiam,
795 1064 830 1124 ut
846 1059 904 1126 tali
918 1060 1067 1146 deinceps
1081 1065 1190 1127 utatur
1204 1059 1274 1143 lege

96 1189 131 1236 co
151 1172 235 1255 iure,
259 1173 345 1257 quali
369 1180 491 1241 ceterae
514 1174 727 1240 manumissao
749 1173 934 1270 hucusque
956 1180 1032 1242 sunt
1053 1195 1140 1260 usae,
1163 1174 1272 1242 eodem

95 1287 187 1352 modo
210 1289 340 1371 regibus
363 1289 414 1356 vel
435 1289 680 1375 imperatoribus
703 1289 822 1356 liberae
844 1289 956 1358 iactae.
993 1289 1038 1358 Et
1060 1295 1096 1358 ut
1116 1289 1195 1358 baec
1216 1310 1273 1357 no·

95 1405 160 1466 stra
183 1406 358 1470 auotoritas
380 1403 473 1470 firma
494 1409 527 1470 et
549 1403 733 1471 inconvulso
756 1405 843 1472 omni
865 1411 1051 1491 permoneat
1073 1425 1167 1489 aevo,
1189 1405 1274 1474 bunc

95 1518 246 1602 paginam
268 1519 343 1586 inde
366 1520 579 1606 conscriptam
601 1519 704 1604 sigillo
728 1525 838 1586 nostro
861 1520 1010 1588 iussimus
1033 1521 1189 1604 insigniri

100 1731 157 1801 14.
183 1731 349 1798 Conrodua
376 1733 417 1797 II
432 1736 615 1820 inspector,
640 1731 679 1798 ab
702 1732 906 1800 1111111111
923 1735 1001 1798 duce
1024 1731 1192 1816 (Steviae)
1217 1757 1270 1800 oc·

183 1862 272 1935 cepto
299 1848 503 1934 Wizcuburpo
534 1849 694 1933 adeoque
728 1850 845 1914 maduo
873 1849 1037 1914 Buconica
1065 1849 1197 1930 swam,
1233 1851 1273 1916 dc

183 1968 250 2030 saite
274 1965 421 2036 clientum
442 1963 565 2030 iuribus
588 1957 742 2030 rtotuit'¹.
1136 1962 1271 2046 (1⁴:121)

182 2095 220 2162 Iu
247 2097 376 2162 nomine
405 2101 532 2162 sunone
560 2099 593 2161 et
613 2093 796 2160 individuae
816 2094 979 2161 trinitatis.
1015 2092 1201 2164 Ouonradus
1223 2096 1271 2162 di·
1299 2104 1368 2158 1029

93 2211 168 2276 vina
181 2211 310 2278 favente
324 2210 493 2278 clementie
507 2209 721 2276 Romanorum
736 2209 911 2296 imperator
926 2215 1088 2292 angustus.
1120 2210 1271 2279 Omnium
1286 2176 1340 2223 Μ
1350 2179 1380 2225 ²⁰

93 2323 154 2392 Dei
176 2327 343 2411 nostrique
365 2325 516 2409 fidelium,
540 2324 756 2411 praesentium
779 2323 901 2392 scilicet
923 2343 961 2390 uo
981 2324 1177 2409 futurorum,
1200 2327 1270 2394 uni·

92 2443 364 2510 renuntiantem
381 2462 449 2509 esse
464 2440 620 2524 volumus,
642 2440 777 2525 qualiter
792 2460 850 2507 uos
865 2442 1046 2509 interventu
1061 2460 1099 2509 ac
1113 2442 1270 2528 peticione

91 2557 227 2625 dilectae
250 2558 393 2641 coniugis
415 2562 543 2623 nostrae
558 2554 683 2623 Giselae
706 2555 917 2643 imperatricis
933 2562 1085 2640 angustae
1106 2563 1139 2626 et
1161 2576 1270 2625 amun·

92 2674 235 2740 limimae
263 2678 393 2739 nostrae
425 2672 524 2758 prolis
552 2670 693 2739 Heinrici
721 2672 807 2754 regis
841 2690 900 2739 nec
932 2690 997 2737 non
1029 2670 1132 2739 fidelis
1166 2674 1269 2741 nostri

91 2787 277 2855 Ekkebardi
301 2788 425 2855 comitis
439 2786 648 2855 trcdiciouem
662 2786 794 2853 Ernesti
814 2786 903 2853 ducis
918 2788 1125 2873 suscepimus,
1148 2787 1270 2855 scilicet

92 2902 304 2971 wizenburch
326 2923 399 2971 cum
422 2901 567 2969 omnibus
596 2900 792 2988 appendiciis
815 2902 896 2985 suis,
925 2900 965 2967 ob
987 2901 1139 2969 bonorem
1162 2902 1267 2985 regui3

91 3018 273 3105 petentibus
300 3038 423 3104 quoque
452 3016 619 3085 clientibus
647 3020 742 3101 atque
771 3016 1027 3101 assentientibus,
1057 3036 1095 3083 eo
1122 3016 1270 3085 videlicet

91 3139 210 3219 tenore,
235 3141 272 3201 ut
295 3132 380 3199 infra
402 3132 636 3218 quatuordecim
661 3132 728 3198 dies
757 3131 868 3199 liceret
890 3132 936 3198 eis
958 3130 1167 3217 excogitarel,
1190 3152 1269 3218 quo·

1 3316 2 3325 ³
91 3248 165 3317 liter
200 3249 307 3317 eidem
340 3266 437 3331 reguo
472 3252 546 3333 apte
578 3251 710 3333 possent
742 3248 933 3330 contingere.
974 3245 1128 3319 Petebant
1160 3248 1269 3332 itaqua

90 3366 230 3449 primum
259 3365 294 3431 in
322 3363 406 3429 hunc
433 3362 578 3429 modum:
616 3362 771 3449 Optumus
799 3376 828 3430 ct
853 3364 1065 3443 obscoenae,
1095 3366 1269 3451 imperator

91 3494 239 3567 uuquam,
267 3493 304 3545 ut
324 3482 399 3544 iuro
421 3478 638 3562 beneficiorum
659 3479 749 3545 11οό11
770 3480 940 3562 fimatur
963 3482 1143 3565 praeceptis
1166 3482 1267 3565 impc-
1353 3499 1357 3505 ’

1 3676 2 3685 ¹
89 3598 181 3663 πἀῑὴ
205 3598 385 3683 potentatu.
419 3594 546 3661 Deinde
572 3616 633 3679 pro
654 3594 736 3676 filicis
765 3616 804 3659 oc
829 3596 964 3680 portare
992 3595 1109 3658 noctuis
1142 3593 1266 3678 pssopc'·

1 3782 2 3799 χ
89 3724 203 3793 mmm,
228 3724 279 3791 rot,
311 3713 387 3777 dam
405 3712 548 3797 primum
576 3711 698 3773 curium
719 3720 855 3775 veebum
875 3710 1085 3794 frequentare
1111 3711 1265 3787 ubuum,

1 3802 2 3851 i
87 3850 147 3913 per
169 3839 369 3915 praecantum
400 3847 520 3891 acuum
551 3826 696 3909 propriis
729 3824 820 3889 bourie
851 3826 917 3889 11111
950 3824 1038 3889 cobis
1071 3825 1267 3899 damiam

88 3944 188 4007 nichil
209 3944 415 4028 conspicatae,
446 3950 571 4025 eccepto
594 3941 629 4002 in
647 3941 758 4024 priano
780 3942 861 4003 anci
878 3939 1056 4024 ferocitate
1076 3938 1173 4024 pellea
1196 3958 1268 4001 com

85 4058 224 4144 pellicio.
260 4056 399 4143 Expleta
434 4068 538 4119 autem
571 4052 628 4118 boc
657 4076 758 4137 anno,
790 4056 950 4141 occipiunt
978 4056 1070 4119 iacto
1106 4053 1267 4117 iusticiam

158 4230 179 4263 ι.
202 4230 232 4263 ω
248 4212 409 4267 vlt-m,
427 4211 552 4272 lpum.
645 4210 667 4257 b.
692 4212 793 4269 oosiiure
809 4212 832 4258 V.

159 4330 184 4383 1.
203 4328 298 4382 Facile
316 4324 430 4393 cognitu
453 4328 509 4392 est,
534 4322 615 4378 buius
632 4322 789 4393 diplomatis
811 4327 941 4393 excerpta
958 4326 1065 4377 tantum
1084 4319 1120 4376 ab
1140 4320 1266 4377 Udslrico

87 4413 189 4469 cudite
206 4428 279 4469 ease.
1009 4498 1052 4553 3*
