3142 4850
457 327 623 376 unmruer
645 325 773 376 oonsx.
809 323 862 376 auo
1181 307 1249 374 445

92 489 271 571 etpotestas
294 490 327 552 et
347 485 534 572 imperium,
560 491 721 570 umquam
745 485 865 552 iustum
887 490 921 552 et
941 483 1176 552 miseridordem
1198 485 1248 550 iu·
1280 504 1351 558 1132

91 599 191 683 dium,
212 619 270 688 per
291 620 385 686 quem
408 599 614 688 sperabamus
637 619 825 688 recuperare
847 601 902 668 diu
924 599 1080 687 perditam
1104 619 1226 687 paoem.
1264 577 1362 635 Μ

167 714 381 784 Promissis
406 717 514 802 iisque
536 715 644 784 multis
667 723 700 784 et
721 718 846 800 magnis
868 715 1019 784 eoolasiae
1039 721 1167 784 noemae
1189 715 1249 780 mi·

90 831 171 898 seriis
191 838 223 898 et
244 831 379 916 iniuriis,
403 853 502 900 unum
524 831 719 900 solummodo
743 832 931 917 sumilegum
953 832 1043 898 nefas
1065 832 1099 898 in
1120 831 1249 898 auribus

89 945 185 1013 domni
212 948 297 1031 regis
325 953 357 1016 et
384 949 580 1036 principum,
609 947 663 1034 qui
690 947 837 1033 aderant,
864 946 1054 1015 lacrimabili
1077 966 1153 1014 voee
1174 967 1248 1014 oon·

89 1063 324 1148 questionum,
349 1065 432 1150 quod
454 1063 587 1148 oontigit
609 1070 682 1130 ante
704 1065 876 1130 adventum
897 1064 982 1146 regis
1003 1063 1112 1149 paneis
1127 1061 1247 1130 diebus.

88 1175 149 1246 lloo
168 1179 328 1264 videlieet,
359 1179 443 1264 quod
465 1181 550 1246 eires
572 1179 673 1248 nostri
696 1180 825 1265 qnidam
848 1179 993 1248 exierant
1015 1199 1035 1245 a
1056 1179 1166 1261 nobis,
1195 1178 1249 1262 qni

86 1313 143 1360 non
165 1299 254 1364 erant
276 1315 316 1362 ex
337 1295 439 1379 nohis,
467 1315 573 1362 semen
596 1313 743 1380 nequam,
766 1293 824 1362 filii
847 1295 991 1363 seelerati
1000 1291 1019 1378 ¹,
1042 1295 1097 1379 qui
1117 1295 1152 1360 in
1174 1313 1249 1361 eon·

86 1407 174 1476 duotu
200 1417 309 1478 nostro
337 1429 375 1478 ae
401 1411 468 1478 iere
493 1411 527 1478 in
550 1412 730 1498 praesentia
751 1417 862 1479 nesta
883 1410 1098 1500 spoliaverant
1118 1410 1249 1496 Aquen-

86 1543 147 1592 sam
173 1523 374 1613 episeopurn¹
397 1526 588 1614 apostolieae
611 1527 695 1593 sedis
717 1525 875 1612 legatum,
906 1547 963 1614 par
983 1547 1043 1594 nos
1065 1526 1106 1594 ad
1127 1528 1248 1594 euriam

84 1641 161 1724 regis
183 1647 410 1710 transeuntem.
458 1641 560 1730 Super
583 1642 648 1728 his,
676 1644 824 1729 inquam,
850 1643 937 1710 omni
958 1644 1065 1710 euriae
1087 1641 1249 1727 conquesti

84 1775 186 1824 sumus
206 1757 437 1844 iustitiamque,
460 1779 557 1844 regno
579 1765 611 1826 et
626 1758 776 1828 eoelesiae
792 1759 942 1842 debitam,
965 1757 1126 1826 humiliter
1141 1764 1250 1845 postu·

83 1869 221 1940 lavimus.

165 1988 252 2056 Dum
280 2010 354 2074 ergo
382 1989 542 2076 principes
570 1989 604 2058 ln
630 1989 690 2056 hou
712 1995 818 2058 essent
840 1995 873 2057 et
894 1989 1059 2058 eonsilium
1081 2009 1178 2075 super
1199 1989 1249 2056 his
1267 2009 1364 2068 sueta

83 2113 238 2192 deperent,
262 2111 332 2172 orta
353 2110 403 2173 est
424 2105 625 2174 machinante
648 2105 773 2174 diabolo
795 2106 901 2174 subito
922 2105 1006 2173 inter
1028 2105 1199 2174 vendentes
1218 2111 1251 2172 et

82 2226 218 2288 ementes
242 2221 378 2308 quedam
401 2241 459 2308 pro
482 2221 538 2290 vili
561 2241 658 2290 eausa
680 2241 780 2308 parra
802 2222 943 2308 primum
966 2222 1082 2289 sedioio
1105 2242 1163 2308 per
1180 2239 1251 2288 seu·

82 2337 190 2404 turios·
206 2337 293 2420 regis
311 2337 346 2404 in
361 2337 520 2406 suburbio.
556 2337 679 2406 Deinde
694 2338 814 2406 elamor
828 2339 940 2422 ingens
954 2337 1087 2422 tollitur,
1109 2338 1251 2405 forenses

83 2470 254 2541 campanae
276 2454 454 2541 pulsantur,
478 2461 669 2524 eonourrunt
689 2456 784 2539 eires,
808 2455 1001 2523 eonveniunt
1021 2455 1105 2538 regis
1122 2454 1249 2523 milites.

85 2564 226 2639 Universi
250 2570 290 2637 ad
312 2590 450 2657 pngnam
466 2572 627 2655 festinant,
651 2572 791 2639 universi
806 2592 934 2640 oausam
949 2590 1074 2658 pugnae
1088 2571 1250 2654 ignorant3

82 2702 158 2753 unus
180 2686 273 2770 illud,
296 2685 376 2753 alter
392 2686 479 2753 aliud
502 2688 660 2775 opinatur.
749 2687 817 2755 Rex
841 2688 910 2775 ipse
932 2706 1042 2754 necem
1064 2686 1126 2753 sibi
1147 2685 1251 2753 inten-

81 2802 140 2868 tari
160 2802 353 2890 sospitatur,
380 2802 660 2891 progrediturque*
683 2804 724 2870 ud
747 2802 865 2871 bellum
886 2803 1046 2887 loriuatus,
1069 2801 1168 2869 multo
1191 2801 1252 2867 mi-

81 2912 134 2985 lite
161 2919 310 3006 stipatus.
347 2920 464 2987 Videns
487 2940 562 3005 ergo
585 2920 703 2988 milites
726 2925 758 2987 et
780 2918 1002 2987 ministeriales
1026 2917 1177 2985 eoolesiae
1199 2936 1251 2985 oo·

81 3052 147 3101 rum
168 3036 305 3103 matrioe
327 3036 459 3103 ecelesia
480 3041 601 3105 stantes
625 3040 773 3121 armatos,
798 3036 960 3103 existimat
981 3054 1035 3103 eoa
1058 3054 1096 3102 ex
1120 3032 1251 3103 oonsilio

82 3156 187 3219 eontra
210 3152 316 3238 ipsum
341 3158 556 3237 eongregatos.
593 3151 664 3235 Qui,
688 3152 771 3237 quod
794 3173 868 3219 rere
890 3152 1025 3219 dioimus
1046 3151 1080 3217 in
1103 3149 1251 3237 Domino,

83 3284 119 3332 ex
132 3267 222 3335 nulla
233 3268 467 3356 conspiratione
478 3273 588 3335 eontra
599 3288 705 3351 regem
716 3268 802 3335 lauta
812 3272 1038 3349 convenerunt3
1055 3267 1111 3335 sed
1123 3272 1253 3354 propter

82 3384 250 3451 tumultum
273 3384 383 3472 populi
405 3384 581 3451 inoonsnlte
604 3383 707 3451 subito
727 3390 963 3468 concurrerant,
985 3384 1161 3451 nesoientee
1176 3382 1254 3470 quid

82 3496 235 3586 lauaem,
265 3520 335 3567 eum
360 3505 392 3567 et
413 3500 475 3586 ipsi
499 3500 588 3566 sein
611 3520 739 3566 manum
763 3500 848 3583 ragis
870 3520 910 3567 ex
933 3498 1111 3585 aliquorum
1134 3498 1253 3567 maehi-

82 3616 207 3683 natione
228 3616 364 3683 traditos
386 3614 565 3683 nullatenus
588 3615 778 3683 dubitarent

165 3732 239 3817 Ego
261 3732 388 3801 interim
412 3731 559 3816 indignus
582 3752 620 3799 ao
639 3731 706 3799 solo
722 3733 850 3799 nomine
865 3732 1043 3818 episeopus,
1065 3729 1182 3798 oblitus
1196 3751 1254 3797 an·

83 3862 191 3915 nomm
213 3868 358 3916 meorum
382 3854 415 3915 et
436 3848 617 3932 senectutis,
641 3848 797 3915 inmemor
814 3849 899 3915 vitae
920 3853 953 3915 et
974 3847 1097 3931 mortis,
1120 3866 1253 3933 suspen·

83 3980 133 4027 sus
154 3964 242 4031 inter
260 3964 389 4031 braobia
402 3964 535 4031 duorum
550 3962 747 4031 solummodo
763 3963 949 4031 olerioorum
963 3983 1117 4047 meorum,
1140 3963 1253 4029 ueteris

84 4074 186 4161 fugam
217 4079 432 4166 capientibus,
461 4080 534 4145 misi
562 4100 613 4145 me
641 4080 673 4144 in
697 4078 823 4145 turbam
846 4079 930 4145 inter
951 4084 1119 4163 utramque
1141 4077 1252 4161 aciem,

83 4208 144 4259 non
166 4194 268 4281 clipeo
296 4200 455 4283 proteetus
484 4201 540 4263 aut
561 4193 667 4279 galea,
696 4192 752 4261 sed
775 4194 873 4262 saeris
896 4199 1019 4262 tantum
1042 4190 1183 4260 vestibus
1204 4192 1254 4258 in·

153 4358 173 4391 a.
198 4346 322 4393 murier
339 4346 363 4393 V.
576 4345 599 4393 b.
623 4346 768 4406 pregreditur
784 4344 808 4392 V.

154 4440 178 4494 1.
197 4438 351 4509 lsai.1,4:
373 4440 487 4511 „semini
504 4438 712 4517 nequamhfiliis
730 4440 897 4495 seeleratia“.
968 4442 995 4495 2.
1014 4438 1147 4496 Amnem.
