3142 4850
504 333 670 382 unnnsror
693 333 820 382 oonsx.
855 331 891 384 aa
1237 318 1279 382 47

104 487 185 553 dem.
227 487 328 556 Porro
357 489 441 574 quod
468 495 596 557 nostrae
630 493 799 578 parvitatis
832 491 971 562 ollioium
1004 513 1081 576 erga
1103 513 1164 558 -ros
1198 494 1281 562 exile
1302 510 1372 565 1062

104 603 199 669 nimis
235 611 269 670 et
297 604 437 672 ieiunum
472 610 538 672 tum
571 605 739 690 magnilica
774 608 955 694 appenditis
988 608 1205 692 estimatione,
1241 629 1281 676 ne

103 719 233 803 quidem
256 739 363 786 meum
386 721 535 789 meritum
558 723 612 789 eod
630 743 822 810 propensum
837 729 962 790 restrae
982 725 1124 790 mutetis
1139 724 1279 808 intelligo

103 833 262 900 effoetum.
298 835 358 902 Est
380 837 465 902 onim
489 837 548 904 hoe
570 838 744 924 sollempne
767 858 897 924 prorsus
925 845 957 906 et
978 839 1136 905 familiare
1159 840 1281 906 sineere

102 951 321 1036 diligentibus,
344 956 381 1017 ut
402 953 619 1020 tenuissimam
643 973 771 1040 operam
789 974 908 1037 eornm,
932 973 1010 1038 qnos
1026 953 1171 1038 diligunt,
1194 955 1281 1021 uelut

102 1067 263 1150 egregiam
288 1073 321 1133 et
342 1067 534 1151 singularem
558 1069 763 1136 admirentur.

190 1181 237 1248 Et
258 1187 367 1249 nostro
391 1188 423 1249 et
444 1184 542 1249 totius
557 1185 647 1267 regni
662 1185 791 1251 nomine
808 1184 951 1268 gratulor
965 1184 1066 1267 robis,
1089 1185 1183 1270 quod,
1207 1205 1279 1272 por·

102 1297 177 1364 ditis
201 1297 381 1364 emulorum
409 1299 549 1365 consiliis
578 1305 644 1366 tem
668 1305 792 1366 mature
813 1320 870 1366 ros
894 1300 1082 1383 occurrisse,
1112 1307 1178 1366 mm
1204 1321 1279 1388 pru·

102 1411 215 1480 denter
238 1433 278 1478 ea
300 1414 482 1500 dissipasse,
506 1433 546 1480 ox
561 1414 676 1482 litteris
691 1415 806 1482 restris
820 1415 962 1498 eognovi.
1042 1415 1278 1501 Verumtamen,

103 1528 177 1594 dum
201 1529 329 1612 singula
351 1549 474 1596 meeum
490 1531 603 1596 etiam·
626 1535 721 1614 atque
736 1530 832 1596 otiam
847 1535 996 1613 retracto,
1018 1529 1154 1597 solidum
1177 1532 1279 1599 mooe

103 1663 238 1730 rumque
261 1643 412 1728 gandium
436 1645 489 1710 vix
514 1646 614 1712 audeo
637 1646 812 1731 oonoipere.
849 1645 1037 1731 Suspectum
1059 1647 1178 1733 quippe
1200 1647 1278 1714 milri

104 1766 160 1843 eal,
184 1760 271 1844 quod
294 1761 334 1826 (le
356 1760 538 1828 marehione
553 1760 593 1827 Ι).
611 1765 643 1828 et
660 1760 717 1828 (lob
735 1761 972 1848 arehiepisoopo
987 1758 1198 1846 moguntino,
1222 1763 1277 1849 qni

104 1893 137 1941 se
159 1875 250 1942 relnt
271 1881 368 1962 eaput
389 1877 614 1944 ooniurationie
637 1875 737 1960 effert,
760 1877 859 1944 niolril
881 1877 1064 1963 soripeistis.
1098 1876 1206 1944 Movet
1225 1897 1278 1946 ma

105 1991 199 2057 etiam
230 1990 319 2058 dunis
348 1989 598 2060 Bawariornm⁰²
625 1998 691 2059 tam
726 1993 819 2060 faoile
850 1997 980 2080 reoepta
1012 1993 1176 2079 purgatio,
1210 1999 1278 2060 um

103 2105 195 2172 taoilo
218 2107 340 2173 eredita
360 2108 533 2174 exeusatio.
571 2107 698 2175 Dolonis
727 2109 813 2174 enim
835 2107 975 2174 masiliis
1002 2108 1100 2174 niehil
1128 2109 1277 2176 dissimu-

103 2219 222 2289 latione
245 2224 350 2309 eptius
369 2223 443 2290 est‘.
479 2223 581 2301 Quem
604 2224 643 2290 ob
666 2243 733 2291 rem
749 2223 846 2290 velim
861 2243 917 2289 roe
932 2223 1025 2290 nnioe
1039 2227 1276 2310 commonitum,

103 2339 193 2404 utin
218 2357 329 2405 omnes
350 2345 458 2427 partes
481 2339 707 2427 eironmspeote
731 2359 785 2406 vos
802 2339 914 2424 agatis,
937 2338 1033 2405 niohil
1058 2339 1097 2406 do
1113 2340 1213 2427 priori
1229 2342 1277 2407 di·

103 2452 235 2537 ligentie
255 2456 436 2522 remittatis.
471 2454 579 2523 Nostis
607 2474 726 2538 moros,
750 2455 851 2522 nostis
874 2460 1034 2541 tempora3
1064 2457 1142 2541 quid
1168 2458 1278 2523 erodat

104 2574 157 2635 ant
179 2570 232 2636 eni
254 2569 373 2653 eredat,
396 2590 489 2637 nemo
512 2571 616 2639 hebet.
650 2569 695 2637 st
715 2571 749 2637 in
772 2576 838 2636 tam
862 2570 966 2638 dubiis
982 2570 1076 2637 rebus
1098 2572 1277 2657 periculosa

105 2690 150 2751 est
171 2684 338 2768 securitas,
362 2686 538 2772 dampnosa
551 2684 698 2770 faoilitas,
721 2686 900 2773 pernitiosa
914 2686 1093 2753 medulitus.
1183 2687 1275 2771 Nori,

104 2820 196 2885 quem
228 2798 465 2887 supereffluenti
495 2800 553 2869 heo
585 2801 753 2884 instillem3
788 2802 844 2869 sed
878 2806 988 2868 exaoto
1018 2802 1118 2869 amori
1147 2802 1276 2870 difficile

104 2917 230 2983 modum
253 2919 461 3003 persuaseris.

189 3032 240 3099 De
262 3034 378 3099 eomite
401 3032 439 3099 N.
464 3052 559 3118 quam
588 3035 648 3100 sim
671 3032 894 3116 ereoerbatns,
923 3032 1044 3099 utinam
1075 3032 1276 3101 dissimulare

103 3166 238 3234 possem.
275 3148 516 3217 Verumtamen·
540 3186 582 3197 -
607 3148 682 3236 quie
708 3148 741 3215 id
769 3168 834 3215 non
856 3148 931 3216 lieet
957 3149 1036 3215 milri
1058 3148 1160 3232 nolle,
1190 3150 1275 3234 qnod

102 3284 156 3331 ros
177 3270 347 3351 tantopere
362 3262 442 3331 velle
461 3262 619 3348 intelligo‘
641 3300 684 3311 -
707 3264 863 3351 imperari
878 3263 990 3348 dolori,
1013 3266 1132 3331 extorsi
1152 3265 1274 3348 nnim03

102 3386 145 3464 nt,
167 3400 242 3447 eum
267 3380 308 3446 ad
330 3398 386 3446 ros
408 3398 535 3462 renero,
558 3400 598 3446 ox
622 3385 727 3447 verna
749 3380 920 3467 praecipue
945 3381 1104 3447 sententia
1130 3385 1163 3447 et
1186 3379 1275 3447 (lueis

102 3490 308 3576 Blertlroldil⁸
332 3494 462 3561 oonsilio
485 3514 552 3562 rem
576 3496 705 3582 peoiar¹
727 3495 884 3580 oomponi.

188 3609 324 3678 Comitis
346 3608 385 3676 N.
409 3628 537 3677 eausam
553 3611 649 3679 etiam
672 3615 767 3696 atque
783 3611 880 3677 etiam
902 3615 1027 3677 restrae
1040 3608 1175 3677 fiduciae
1189 3629 1275 3677 eom·

102 3724 300 3801 mandataml
329 3744 399 3793 esse
426 3726 513 3809 volo,
542 3746 582 3793 no
609 3745 714 3793 eomas
741 3726 780 3792 N.
802 3726 837 3793 in
869 3730 1010 3792 nostram
1039 3726 1188 3793 iniuriam
1216 3726 1275 3793 sub

104 3839 202 3907 alieno
225 3840 355 3907 nomine
378 3842 417 3909 (le
439 3840 494 3908 illo
517 3840 700 3929 triumphet

187 3956 239 4023 De
267 3974 340 4023 moa
366 3976 439 4023 oum
468 3956 585 4025 domna
611 3956 813 4043 imperatriee
841 3951 1087 4042 disceptatione‘
1114 3954 1149 4020 id
1172 3954 1275 4021 solum

169 4149 189 4181 a
214 4134 284 4180 etiam
300 4147 395 4179 ararum
411 4140 445 4180 eat
460 4132 486 4179 in
501 4134 524 4180 V.
587 4134 609 4181 b.
634 4134 663 4181 de
679 4133 776 4181 om.VZ.
841 4146 860 4181 e.
881 4132 1086 4179 Bauwarioruml'.
1149 4132 1172 4178 d.
1192 4132 1274 4179 ma.

103 4226 121 4259 a
144 4212 189 4259 Sed
207 4210 256 4259 CB.
319 4212 335 4258 i.
359 4212 462 4271 intelligo
478 4212 575 4259 relleV.
638 4226 660 4271 g.
683 4214 761 4273 pacior
778 4213 822 4259 VZ.
884 4210 908 4258 lr.
932 4211 1087 4258 commendam
1102 4211 1132 4257 B.

1 4406 2 4429 ,
170 4344 194 4397 1.
214 4340 353 4411 sigefrido
371 4342 392 4397 1.
482 4344 508 4397 2.
534 4342 642 4398 Ottoma
665 4341 700 4397 de
720 4341 870 4397 Northeim.
959 4342 986 4395 3.
1010 4340 1090 4396 (lueis
1107 4339 1273 4396 Corinthiae.

1 4433 2 4493 1
102 4430 127 4483 4,
144 4430 273 4486 Bernoldi
291 4429 384 4486 elnon
404 4430 492 4498 (llon.
505 4429 597 4486 Germ.
611 4428 659 4486 SS.
670 4430 694 4486 V
706 4432 776 4497 428)
798 4430 881 4485 1062:
906 4429 1030 4499 ,llagna
1047 4429 1183 4485 dmmnmo
1200 4426 1275 4484 taeta
