3142 4850
322 325 389 390 406
708 339 876 387 uniuntur
897 337 1025 386 connx.
1060 334 1114 386 aaa

235 520 303 574 1127
323 503 456 585 gratiam
481 500 558 565 mibi
582 519 645 566 non
668 499 841 583 denegetis.
875 498 1050 567 Fastidium
1070 497 1165 564 etiam
1180 515 1245 561 non
1264 499 1394 578 generet
1407 493 1488 558 nobis

324 616 489 703 prolixitas
511 617 684 696 sermonis3
709 616 784 700 quia
807 614 907 681 multa
929 633 1044 680 causae
1066 633 1155 680 meae
1176 610 1355 678 necessaria
1370 610 1489 676 silentio

218 799 221 806 .
323 734 483 819 praeterii,
506 752 547 798 ne
569 732 747 798 succinctae
770 731 935 797 breuitatis
957 736 1077 796 metm
1099 710 1192 812 lobgc
1214 727 1409 793 excederem.

412 848 447 913 In
463 847 630 913 Franciam
654 865 749 912 causa
772 847 870 912 studii
892 847 1022 912 iveram.
1057 845 1126 923 Quo
1144 843 1244 910 secuti
1258 848 1333 908 sunt
1353 862 1408 907 me
1429 841 1490 926 qui·

236 973 305 1028 1122
323 961 408 1046 dam,
433 965 486 1048 qui
505 962 661 1045 dicebant,
685 983 720 1028 se
735 963 823 1027 iussu
840 961 999 1048 Spirensis
1015 961 1155 1047 episcopi
1170 955 1346 1024 Brunonis¹
1362 959 1489 1024 rennes

322 1079 373 1146 Ex
396 1079 484 1144 cuius
507 1078 664 1160 legatione
685 1077 764 1142 mihi
779 1077 974 1144 referebant:
998 1075 1275 1160 Herbipolensem·
1295 1069 1490 1160 episcopum¹

323 1196 408 1261 uiam
432 1194 597 1262 universae
620 1194 723 1259 carnis
747 1188 896 1275 adiisse³3
922 1197 954 1258 st
975 1189 1063 1258 eum⁴
1087 1196 1119 1257 et
1140 1191 1413 1276 archiepiscopum
1431 1187 1490 1254 lio·

323 1307 509 1394 guntinum⁵
531 1329 602 1376 cum
627 1309 768 1390 cognatis
796 1313 828 1373 et
850 1309 960 1374 amicis
983 1307 1063 1373 meis
1092 1313 1125 1372 et
1148 1327 1218 1374 cunr
1246 1305 1435 1389 quibusdam
1456 1305 1490 1372 do

324 1424 445 1492 familia
474 1425 612 1490 eiusdem
643 1423 794 1490 ecclesiae
822 1423 908 1509 apud
935 1424 1158 1508 imperatorem
1187 1422 1378 1504 obtinuisse,
1407 1421 1489 1486 utin

323 1541 426 1608 locum
450 1540 588 1606 defuncti
612 1539 751 1625 episcopi
774 1559 825 1604 me
840 1539 936 1606 uellet
958 1539 1158 1604 substituere.
1239 1537 1310 1620 Ego
1326 1543 1441 1619 autem,
1460 1541 1490 1602 ut

324 1655 411 1723 Deus
434 1653 538 1739 novit,
564 1655 610 1720 nil
633 1654 697 1720 tale
720 1654 877 1720 meditans
900 1655 956 1720 sed
980 1654 1174 1739 aliquamdiu
1197 1655 1230 1720 in
1253 1653 1359 1720 studio
1381 1652 1489 1718 morari

325 1771 518 1855 desiderans,
542 1770 639 1837 verba
654 1789 762 1836 eorum
779 1771 870 1856 parui
886 1770 997 1856 pendi;
1021 1770 1130 1853 donec,
1153 1770 1255 1836 dctus
1272 1770 1404 1836 secretis
1418 1769 1490 1835 ami-

324 1907 432 1954 corum
455 1907 597 1953 meorum
620 1885 830 1969 legationibus
854 1892 887 1952 et
912 1886 1135 1968 magistrorum
1158 1906 1299 1952 meorum
1324 1885 1490 1969 suggestio·

324 2004 428 2087 nibus,
450 2002 540 2069 redii.

415 2119 495 2184 Veni
519 2119 558 2184 ad
581 2117 684 2184 locum
708 2116 864 2200 quendam
887 2118 952 2183 mei
974 2119 1069 2201 iuris,
1094 2119 1150 2184 ubi
1171 2118 1351 2203 complures
1374 2117 1488 2200 cogndi

325 2241 359 2304 et
380 2233 488 2300 fideles
512 2233 573 2298 mei
597 2233 674 2297 mihi
699 2238 911 2300 occurrerunt
952 2233 1027 2316 Qui,
1053 2239 1091 2299 ut
1112 2234 1153 2299 ad
1174 2234 1372 2320 praedictum
1395 2233 1487 2298 locum

326 2349 523 2437 Herbipolim
546 2349 730 2435 imperatori
753 2353 961 2433 occurrerem,
983 2349 1070 2416 Deus
1093 2350 1182 2416 novit
1196 2369 1260 2415 nou
1274 2351 1343 2416 siue
1360 2349 1488 2415 lacrimis

326 2466 591 2535 contradicentem
614 2466 849 2551 compuleruut3
873 2466 1105 2551 promittentes,
1128 2467 1256 2532 nuutios
1270 2466 1487 2553 archiepiscopi

325 2584 380 2650 illo
396 2588 557 2665 venbrroS,
581 2583 634 2666 qui
659 2581 697 2647 de
721 2600 876 2647 consensu
896 2582 966 2647 eius
989 2582 1029 2647 ad
1050 2582 1265 2667 recipiendum
1281 2584 1486 2669 episcopatum

327 2718 377 2765 me
401 2696 618 2765 certificarent.
654 2697 710 2781 lui,
734 2697 960 2783 imperatorem
981 2697 1028 2763 ibi
1047 2698 1166 2763 inveni.

417 2814 478 2881 Sed
503 2819 669 2898 antequam
695 2813 762 2879 cius
785 2814 984 2899 praesentiae
1003 2819 1241 2905 praesentarer,
1271 2812 1486 2900 archiepiscopi

327 2931 455 2997 nuntios
468 2928 577 2995 audire
593 2934 626 2995 et
639 2929 746 2995 videre
758 2929 853 2995 volui.
878 2929 962 3006 Quos
977 2929 1203 3015 cumprimum
1218 2949 1282 2995 nun
1297 2929 1483 3009 invenissem,

327 3051 410 3113 testo
421 3042 491 3113 Deo
515 3066 607 3130 quem
630 3045 751 3111 nullum
768 3045 847 3111 latet
867 3051 1034 3128 secretum,
1058 3047 1186 3128 gauisus
1202 3064 1287 3128 sum;
1311 3046 1387 3130 quia
1401 3042 1485 3110 malui

326 3160 527 3247 importabile
542 3161 620 3225 mihi
637 3181 714 3226 onus
731 3161 837 3245 aliqua
851 3160 986 3227 honesta
996 3163 1160 3228 occasione
1173 3161 1391 3246 subterfugere
1404 3178 1484 3246 quan

327 3280 473 3363 suscepto
497 3277 584 3342 oneri
600 3276 812 3343 succumbere.
846 3276 925 3341 Gum
942 3277 988 3343 sic
1009 3297 1067 3362 per
1082 3276 1213 3343 biduum
1235 3280 1487 3363 expectassemct

327 3395 455 3460 interim
485 3392 585 3459 multa
609 3412 627 3457 a
655 3392 851 3479 principibus
881 3398 914 3458 et
935 3392 1077 3475 cognatis
1099 3395 1178 3460 meis
1206 3395 1349 3460 conuicia
1370 3397 1486 3480 propter

328 3508 621 3597 pusillanimitatem
651 3528 754 3574 meam
783 3508 991 3593 audivissem,
1021 3510 1108 3575 venit
1134 3528 1238 3576 comes
1260 3508 1442 3576 Bertoldus⁸
1461 3511 1487 3573 et

328 3624 491 3693 Gbnradus
509 3622 620 3710 Spero,
637 3626 823 3690 iuramentis
838 3626 1043 3711 comprobare
1058 3625 1210 3708 uolentes,
1229 3626 1487 3712 archiepiscopum

328 3759 514 3809 consensum
531 3760 621 3806 suum
637 3760 694 3825 per
709 3760 764 3805 eus
780 3741 858 3807 mibi
873 3742 1051 3807 mandasse.
1087 3741 1226 3808 Tandem
1241 3762 1301 3826 per
1315 3742 1374 3808 hos
1388 3742 1488 3820 uictus,

328 3859 368 3925 ad
397 3858 610 3945 praesentiam
641 3856 842 3943 imperatoris
869 3859 952 3923 veni.
995 3856 1138 3924 Fratrem
1168 3858 1396 3945 archiepiscopi
1418 3855 1490 3939 Sigi·

328 3975 453 4041 bertum
467 3978 516 4040 ·et
542 3974 689 4039 comitem
712 3972 887 4039 Arnoldum
910 3973 956 4040 ibi
983 3974 1106 4058 inveni,
1134 3974 1188 4058 qai
1214 3992 1250 4039 se
1278 3994 1319 4039 ex
1346 3973 1490 4057 legatiorn

330 4089 558 4175 archiepiscopi
588 4088 642 4154 illo
666 4088 779 4155 missos
810 4086 1012 4155 affirmabant
1038 4095 1071 4156 et
1092 4089 1160 4155 eius
1183 4109 1348 4157 asaemum
1376 4088 1490 4175 publiea

328 4224 405 4272 vocs
427 4204 506 4269 mihi
529 4204 720 4271 deferebant.

402 4332 423 4365 a.
447 4315 682 4378 HerbypulensemV.
895 4316 918 4365 b.
941 4318 1079 4365 bertholdus
1093 4318 1118 4365 V.

401 4396 426 4449 1.
446 4396 632 4450 1107-1123.
722 4398 747 4451 2.
767 4396 928 4463 Erlungnm.
1012 4398 1038 4452 3.
1057 4396 1306 4452 d.281)ec.1121.
1387 4396 1412 4451 4.
1428 4394 1488 4448 Bm·

329 4498 429 4540 nonem
448 4498 492 4555 ep.
506 4482 670 4555 Spirensem.
760 4486 786 4541 b.
804 4482 985 4541 adelbertum
998 4485 1021 4540 1.
