3142 4850
441 299 608 366 domnum
631 317 759 366 oooux.
796 316 846 367 113
1167 301 1230 366 207

88 475 151 540 tem
169 476 281 561 populi
305 479 384 552 ἠαξ
410 490 447 543 ut
473 491 573 544 meent
592 479 709 543 viduae
734 479 858 564 praedo
880 499 1004 557 coruunt,
1035 489 1064 542 et
1091 478 1232 563 pupillos
1289 445 1358 546 not

86 585 249 675 (diriperent¹
271 593 304 655 et
330 589 461 675 reliqua.
502 592 636 657 Tsntnm
667 590 818 658 eeclesiae
841 591 1083 673 desolationem,
1111 595 1232 658 tentem
1247 565 1398 612 F⁰b¹'‘¹¹²¹'

85 722 236 789 pauperum
258 709 291 770 et
313 704 478 771 viduorum
502 707 750 792 oppressionem,
773 709 894 772 tentem
917 706 1104 792 praedarum
1129 712 1162 772 et
1182 725 1233 771 ra·

83 818 209 903 pinorum
228 819 447 886 inmanitatem
470 826 512 903 et,
535 820 619 906 quod
642 822 694 888 his
714 821 844 905 gravium
862 826 921 904 est,
943 821 1156 907 promiscuum
1178 819 1234 886 bo-

82 952 178 999 norum
208 940 239 1000 et
265 933 421 1000 mutorum
449 935 657 1020 oooisionem,
691 937 749 1003 hee
767 941 816 1002 et
843 937 953 1023 peiore
982 936 1031 1002 his
1063 939 1232 1021 praecepto

83 1047 225 1133 spostolioi
245 1049 331 1115 tuoto
352 1069 437 1131 esse,
461 1051 532 1135 quis
554 1051 711 1134 erederet,
734 1052 798 1118 nisi
820 1052 889 1137 ipse
913 1071 969 1117 suo
993 1070 1027 1117 se
1051 1070 1105 1116 ore
1128 1050 1235 1135 prodi-

82 1161 180 1229 disset?
265 1164 382 1246 Teneo,
411 1164 670 1232 Commioensem
694 1167 909 1252 episcopatum
934 1167 967 1231 iu
991 1165 1070 1231 duos
1094 1183 1164 1231 esse
1186 1163 1234 1230 di·

81 1277 167 1343 visum
201 1279 316 1346 iudicio
349 1279 510 1346 Romanae
544 1281 704 1347 eoelesiee.
744 1280 846 1348 Taeso
875 1280 1078 1348 Woloherum
1107 1315 1148 1326 —-
1179 1281 1234 1366 qui

81 1390 241 1478 spostolioi¹
262 1413 420 1460 eonsensu
441 1401 475 1461 et
495 1396 683 1462 auctoritate
705 1395 857 1481 probatus
880 1402 931 1462 et·
960 1396 1048 1480 prior
1071 1395 1233 1461 ordinatus

79 1507 129 1574 fuit
147 1543 186 1555 -
207 1510 312 1576 subito
335 1509 556 1576 exordinatum
579 1512 901 1594 exeommunicatum;
926 1516 958 1577 ot
975 1505 1097 1576 olium*
1112 1510 1142 1574 ei
1160 1509 1233 1576 sub·

79 1621 266 1690 ordinetum‘.
308 1623 377 1690 Heo
390 1625 474 1692 iuste
488 1644 586 1692 neone
601 1632 692 1710 gesta
705 1628 779 1709 sint,
803 1627 837 1691 iu
853 1625 913 1692 Dei
936 1625 1052 1711 pendet
1066 1625 1232 1691 sententie

152 1738 219 1805 Non
239 1739 421 1805 invehimur
442 1741 476 1806 iu
491 1739 644 1806 ohnstum
660 1741 800 1825 Domini,
824 1740 865 1806 ud
880 1760 972 1827 quem
996 1740 1134 1825 pertinet
1147 1737 1234 1806 solli·

78 1850 168 1919 titudo
193 1855 337 1921 omnium
364 1855 578 1922 eeclesiarum.
618 1855 681 1922 Sed
714 1857 791 1942 quia
818 1855 1009 1942 apostoliens
1042 1856 1120 1922 haee
1149 1854 1234 1922 mals

77 1966 128 2032 siti
155 1970 301 2037 essoribit
333 1976 367 2036 et
392 1971 544 2038 eeclesiae
574 1972 729 2037 rsshtori
761 1991 820 2058 per
853 1972 1027 2054 grotimnm
1060 1969 1233 2036 ortionemb

75 2082 238 2169 applaudit,
261 2105 359 2170 super
380 2086 431 2152 tis
452 2086 634 2152 mirnndum
655 2105 696 2152 an
719 2087 821 2170 magis
843 2087 886 2153 sit
908 2085 1092 2169 dolendum,
1116 2084 1232 2151 neseio.

76 2195 123 2262 tui
146 2199 202 2266 hoo
229 2201 334 2284 magis
363 2201 406 2268 sit
430 2201 657 2287 periculosum,
684 2201 805 2268 iubenti
829 2221 869 2267 ou
892 2201 1065 2283 obedienti,
1095 2201 1146 2266 oui
1175 2200 1234 2264 hoe

74 2314 160 2395 ungis
180 2316 223 2381 sit
236 2315 461 2403 dampnosum,
482 2317 613 2384 ireienti
628 2337 670 2382 un
688 2317 836 2403 potienti,
861 2317 931 2401 quis
946 2317 1040 2382 homo
1055 2315 1233 2382 discernet?

75 2424 141 2528 Nos,
157 2434 284 2498 attoniti
304 2433 366 2498 hro
380 2432 522 2499 novitate
537 2452 655 2515 rerum,
679 2434 855 2517 querimus:
879 2432 963 2499 unde
986 2433 1029 2497 sit
1042 2430 1101 2497 hoo
1116 2450 1233 2496 novum

75 2546 252 2630 exemplum,
282 2553 322 2613 ut
347 2547 549 2633 praedicator
575 2549 665 2635 pnois
686 2568 745 2614 suo
772 2568 827 2616 ore
850 2553 883 2615 et
905 2546 1034 2613 ulterius
1064 2566 1160 2613 manu
1182 2547 1232 2612 in·

74 2656 142 2725 torst
161 2662 312 2730 eddesius
335 2662 473 2729 bellum?

146 2774 263 2843 Contra
293 2778 501 2845 barbarorum
530 2785 563 2846 et
588 2780 788 2846 inimieorum
813 2777 872 2845 Dei
896 2778 1033 2844 assultus
1060 2776 1235 2843 oouoedunt

74 2904 190 2957 oenones
212 2894 312 2959 etium
335 2893 459 2960 olorinis
481 2914 571 2961 orme
593 2896 634 2961 nd
656 2893 887 2961 defensionem·
911 2893 998 2959 urbis
1021 2897 1053 2958 et
1072 2890 1232 2959 eeclesiae.

73 2998 231 3073 Bellouero
245 3008 348 3075 indioi
364 3008 516 3076 eeclesiae
537 3030 595 3095 per
617 3011 837 3077 auctoritatem
859 3010 1052 3091 eanonicam,
1077 3026 1233 3092 nusquam

73 3120 284 3205 sripturarum
308 3122 453 3207 legimus.

146 3235 257 3322 Quem,
281 3239 370 3323 quod
390 3241 513 3322 ueseio;
536 3240 617 3324 dieo,
640 3241 724 3325 quod
746 3239 822 3307 seio.
863 3238 978 3305 Pacem
1001 3239 1097 3323 Iesus,
1121 3256 1232 3325 paoem

74 3353 206 3437 maroli,
233 3374 351 3440 paoem
381 3355 545 3440 spostoliei
572 3356 633 3421 viri
660 3355 860 3442 proedienut3
889 3358 1056 3440 peccantes
1086 3360 1233 3439 arguunt,

73 3462 230 3553 tbsoumt,
252 3470 424 3554 increpant
437 3470 471 3535 in
487 3471 574 3537 omni
591 3470 750 3557 pacientie
764 3474 797 3535 et
812 3464 982 3537 doetrina⁵.
1016 3468 1233 3537 inobedientes

73 3575 272 3652 iubetPnulus
296 3582 584 3682 dure'inereparifl
618 3586 781 3665 Quomodo
804 3585 881 3652 dure
903 3585 1105 3671 inorepentur
1125 3586 1233 3653 inobe—

74 3692 186 3783 dentes,
208 3701 289 3767 dioit
305 3700 409 3768 Iesus:
434 3702 476 3770 Si
484 3706 663 3789 peccaverit
678 3706 713 3768 in
728 3716 758 3768 te
764 3704 875 3786 frater
890 3715 971 3782 tuos,
991 3705 1115 3789 corripe
1129 3702 1231 3783 illum,

73 3816 160 3894 primo
192 3818 280 3883 solus
310 3818 429 3898 sotum,
463 3820 598 3883 seeundo
628 3842 697 3884 enm
726 3819 848 3883 duobus
884 3831 940 3883 aut
966 3819 1065 3883 tribus
1093 3818 1230 3897 testibus,

75 3933 152 3994 tercio
179 3956 248 3998 enm
277 3934 420 3999 ecclmo'o.
458 3934 499 4001 so·
526 3934 688 3999 amieriam
714 3957 780 4000 noro
808 3936 960 4013 audieris,
998 3936 1040 3999 sit
1068 3934 1127 3998 tibi
1153 3936 1234 3997 siout

75 4043 192 4112 notus
215 4063 246 4114 et
264 4043 486 4135 publicum
521 4048 605 4116 Hine
628 4049 674 4115 eit
695 4049 910 4132 Augustinus:
941 4050 1044 4128 illud,
1076 4049 1161 4134 qood
1187 4050 1233 4111 ait

129 4228 148 4259 ι
168 4218 191 4262 et
204 4231 248 4263 on
259 4217 284 4263 V.
380 4215 404 4261 b.
427 4229 470 4263 ort
484 4215 514 4262 Β.
606 4229 627 4262 e.
651 4216 805 4266 defossionem
821 4217 850 4263 B.

132 4317 155 4370 1.
170 4320 287 4389 insili),
302 4320 329 4375 1.
342 4320 368 4374 2.
449 4320 475 4373 2.
494 4317 645 4375 Urbouiit
728 4321 754 4375 3.
773 4320 940 4375 Manassen.
1022 4322 1048 4375 4.
1068 4334 1140 4373 enno
1153 4317 1231 4374 1095.

78 4398 248 4463 tt'simoth.
259 4409 288 4478 4,
302 4408 330 4461 2.
419 4409 445 4463 6.
463 4407 613 4478 Tit1,13.
698 4410 723 4464 i.
741 4409 776 4465 V.
789 4408 886 4464 dietih.
897 4410 938 4479 18,
953 4408 1071 4464 15-1‘1.
