3142 4850
333 279 396 345 156
699 294 864 345 UDALRlcl
885 297 1013 345 coosx.
1050 295 1092 346 rc.
1105 295 1140 346 rr

222 471 312 527 1089?
330 458 444 524 diceet
489 456 570 535 Quia
596 457 743 523 domiuus
774 456 856 538 eius,
893 458 947 542 qui
973 456 1067 522 modo
1094 455 1196 522 idem·
1231 455 1414 524 beneficium
1437 457 1491 524 sibi

329 573 439 640 illicite
461 573 635 659 usurpavit,
658 572 760 657 nobis,
784 571 859 638 dum
883 574 1080 658 querimonia
1099 573 1174 640 inde
1196 577 1290 656 esset,
1310 572 1453 638 reddidit

333 785 393 854 77.
423 787 567 854 Urbooae
584 785 626 850 II
654 785 743 872 popa
773 784 1015 853 Camaracum
1049 788 1178 853 [sonmo
1213 790 1396 875 epsicopum
1423 811 1444 850 o
1466 809 1494 850 se

419 915 631 970 consecratum
654 905 874 969 commendat
1369 901 1493 982 (Ε1ι4)

229 1041 299 1094 1090
419 1034 566 1102 Urbanus
590 1034 756 1120 episcopus
779 1055 890 1101 servus
912 1055 1076 1101 servorum
1099 1035 1160 1101 Dei
1181 1034 1306 1102 dilectis
1329 1036 1364 1101 in
1379 1033 1494 1101 Christo

217 1113 314 1160 Nm
331 1151 405 1217 filiis
434 1150 516 1216 clero
541 1170 577 1216 ac
606 1150 723 1236 populo
747 1149 935 1217 Garnotensi
958 1149 1094 1217 salutem
1121 1156 1153 1217 et
1181 1151 1390 1238 apostolicam
1412 1151 1496 1217 bene·

331 1267 511 1334 dictionem.

420 1383 485 1449 Nos
514 1382 655 1466 quidem,
684 1387 751 1447 tum
781 1402 840 1467 pro
867 1381 980 1449 beatae
1002 1381 1122 1448 Mariae
1150 1402 1276 1469 semper
1298 1382 1430 1466 virginis
1451 1381 1498 1447 de

331 1499 457 1565 votione
492 1517 529 1564 ec
555 1498 733 1564 reverentia
760 1503 829 1563 tum
858 1518 916 1583 pro
952 1497 1047 1565 oflicii
1078 1499 1179 1564 nostri
1216 1497 1323 1564 debito
1357 1497 1499 1564 sedeciae

331 1620 455 1680 vestrae
484 1614 683 1680 dilectionem
712 1615 941 1699 protectionem
974 1619 1007 1681 et
1039 1634 1147 1681 curam
1182 1613 1351 1700 specialius
1386 1614 1500 1700 impen-

332 1731 441 1797 dentes
477 1730 608 1814 eiusque
642 1729 766 1796 labores
795 1729 977 1813 diuturnos,
1010 1749 1089 1814 quos
1118 1751 1139 1796 e
1165 1729 1317 1797 Gaufiido
1348 1730 1500 1816 quondam

331 1847 478 1932 episcopo
502 1865 597 1932 passa
620 1849 679 1928 est,
702 1846 909 1930 propensiore
929 1845 1035 1912 animo
1050 1846 1291 1933 perpendentes,
1314 1845 1501 1912 reiveritate

332 1962 449 2028 diutim
473 1967 567 2045 atque
589 1961 771 2044 diligentius
795 1966 1003 2047 pertractata,
1027 1963 1182 2046 largiente
1204 1961 1341 2027 Domino
1364 1960 1502 2027 iustitiae

333 2077 550 2144 satisfecimus.
594 2076 716 2144 Bonam
749 2079 858 2163 itaque
886 2079 985 2146 uestri
1015 2077 1114 2144 animi
1148 2077 1342 2143 voluntatem
1378 2096 1502 2164 praere

332 2193 455 2259 nieutes
471 2211 507 2258 ao
523 2191 758 2278 subsequentes,
781 2194 993 2261 venerabilem
1008 2194 1112 2259 virum
1128 2194 1256 2260 lvonem
1275 2193 1503 2279 presbytorum,

334 2329 442 2394 quem,
472 2307 623 2374 Gaufrido
646 2330 703 2395 per
725 2329 783 2375 nos
807 2309 967 2396 deposito,
995 2309 1148 2376 catholice
1171 2314 1265 2394 atque
1287 2310 1441 2376 canonice
1460 2329 1505 2375 sc·

333 2427 470 2493 cundum
492 2430 600 2492 nostra
622 2427 743 2492 monita
767 2426 918 2511 elegistis,
941 2447 982 2494 ne
1005 2426 1089 2512 quod
1110 2426 1244 2493 ulterius
1265 2426 1326 2492 hac
1340 2426 1376 2491 in
1393 2447 1430 2493 re
1449 2427 1504 2492 im·

332 2542 548 2629 pedimentum
572 2546 677 2607 vestre
700 2541 833 2610 ecclesia
853 2548 1032 2629 pateretur,
1057 2542 1126 2609 sine
1146 2560 1257 2608 morae
1277 2541 1433 2625 longioris
1454 2542 1505 2607 ob-

333 2657 453 2724 staculo
476 2658 737 2723 consecravimus.
761 2656 854 2723 Nunc
875 2678 947 2724 sum
971 2659 1011 2724 ad
1031 2676 1090 2723 vos
1112 2658 1319 2740 remittentes,
1345 2663 1506 2743 tamquam

333 2774 418 2841 beati
434 2771 522 2840 Petri
544 2772 690 2839 menibus
714 2779 941 2858 consecratum,
965 2774 1047 2841 beati
1064 2772 1150 2840 Petri
1174 2774 1242 2839 vice
1262 2773 1337 2839 vosd
1360 2791 1506 2857 rogamus

333 2895 366 2957 et
393 2891 610 2957 obsecramus:
645 2890 793 2974 quatirms
821 2908 893 2955 eum
922 2890 1055 2973 benigne
1084 2890 1309 2977 suscipientes,
1339 2888 1451 2957 debita
1476 2894 1509 2955 nt

332 3006 470 3093 pastoris
494 3006 576 3071 reri·
606 3004 783 3071 membrum
812 3004 991 3072 obedientia
1012 3005 1190 3086 honoretis3
1221 3005 1329 3072 debita
1357 3005 1509 3072 sollicitu-

334 3122 417 3205 dine,
442 3139 522 3204 quae
545 3120 634 3187 vobis
654 3121 902 3205 annunciaverit,
926 3120 1108 3189 observetis.
1143 3120 1187 3187 Et
1208 3126 1245 3187 ut
1259 3121 1326 3187 Deo
1348 3121 1423 3207 ipse
1443 3120 1510 3208 pla·

334 3254 405 3302 cere
429 3239 460 3301 et
482 3238 518 3300 nt
540 3254 611 3300 eum
635 3254 692 3321 pro
714 3238 828 3303 uestris
844 3236 949 3303 valeat
971 3234 1153 3303 excessibus
1175 3236 1271 3321 digne
1286 3236 1510 3304 intercedendo

334 3348 477 3438 placare,
505 3368 562 3415 ros
590 3370 712 3435 quoque
740 3351 866 3438 placere
888 3352 956 3420 Deo
985 3353 1060 3419 totis
1087 3352 1304 3419 conaminibus
1331 3358 1510 3439 procurate

336 3465 371 3532 Si
399 3466 484 3533 enim
510 3465 577 3533 Deo
606 3466 730 3553 placere
758 3469 959 3553 studueritis,
988 3474 1148 3555 pastorem
1177 3469 1289 3555 procul
1317 3468 1417 3535 dnbio
1446 3469 1513 3534 Deo

335 3581 512 3667 placentem
539 3582 710 3667 habebitis,
739 3602 798 3649 nos
826 3600 951 3669 quoque
972 3586 1006 3650 in
1036 3585 1149 3651 vesun
1178 3584 1452 3671 oportunitatibus
1474 3582 1514 3650 ad

336 3696 566 3764 exaudiendum
589 3704 717 3784 paratos
740 3699 916 3765 invenietis.

425 3813 523 3879 Porro
555 3812 594 3879 de
622 3811 790 3898 Guufridn,
825 3815 975 3898 quisine
1006 3817 1093 3882 omni
1121 3816 1302 3883 conditione
1329 3817 1453 3883 nostris
1481 3816 1515 3881 iu

335 3930 481 3997 manibus
504 3929 721 4015 episcopatum
736 3929 883 4015 reddidit,
906 3930 1071 4015 indignum
1087 3952 1122 3999 se
1145 3932 1307 4019 patenter¹
1327 3950 1513 4017 agnoscens,

336 4046 554 4132 praecepimus
583 4049 614 4111 et
636 4045 865 4132 praecipimus:
892 4049 1027 4133 nequis
1051 4048 1098 4115 ei⁶
1120 4048 1185 4114 ullo
1208 4049 1303 4115 modo
1326 4049 1369 4117 ad
1391 4050 1514 4137 episco-

406 4192 427 4225 a
450 4178 573 4225 interdicat
588 4178 617 4225 Β.
687 4176 709 4223 b.
731 4178 794 4223 idem
811 4176 915 4225 om.CB.
985 4194 1004 4227 e,
1028 4182 1146 4240 cevas,
1164 4182 1221 4245 Zp.
1231 4183 1289 4230 171.-
1309 4182 1449 4243 Epistola
1464 4181 1513 4228 Ur-

337 4256 406 4304 bani
429 4271 533 4318 papae,
558 4256 605 4317 qui
627 4256 774 4302 successit
794 4256 984 4305 Hiltebrando
1007 4258 1147 4318 (Hilbrando
1162 4261 1206 4319 V),
1228 4263 1442 4323 superpositus
1458 4261 1513 4306 Wi-

337 4334 421 4382 bcrto
444 4334 572 4394 (wicberto
586 4333 624 4392 V).
653 4326 737 4382 Edidit
755 4336 844 4383 mono
863 4336 890 4383 s’o
910 4338 987 4385 Iocone
1010 4338 1067 4401 Opp.
1083 4340 1147 4387 r.11
1160 4344 1180 4387 1.
1308 4342 1331 4387 d
1355 4356 1396 4389 uos
1412 4340 1513 4389 oni'Z

338 4414 546 4463 ammffl
623 4412 763 4462 imm
840 4418 965 4473 gmss
