3142 4850
308 287 375 354 594
591 305 715 354 nsonm
737 305 819 352 vura
842 304 999 352 orrorus
1034 299 1207 352 nrn.15.a

309 464 503 548 accessisset,
526 463 668 550 hospicio
691 465 825 550 recepit3
848 483 986 548 moxque
1007 463 1172 529 reverendi
1195 461 1322 528 babitus
1345 462 1416 526 eius
1433 481 1485 526 re-

309 585 435 646 nustate
458 580 631 647 dolectatus
654 585 686 646 et
706 582 740 645 in
763 580 877 646 faciem
901 579 930 645 ei
953 578 1108 646 curiosius
1130 577 1314 661 intendens,
1344 578 1484 660 graciam

309 695 373 781 ipsi
401 695 512 762 celitus
541 701 803 782 superventuram
833 695 938 778 sagaci
966 695 1073 760 animo
1102 694 1249 780 previdit
1290 693 1388 778 quue
1420 693 1485 758 suis

310 810 455 878 omnibus
484 811 662 880 certissima
689 813 891 878 attestatione
920 812 1147 897 pronuncians,
1178 811 1276 875 utin
1305 810 1429 876 cunctis
1457 809 1484 874 ei

309 931 473 1012 tamquam
495 927 623 998 sibimet
648 928 710 1014 ipsi
734 928 995 1011 obsequerentur,
1024 925 1196 991 mandarit
1237 925 1361 992 Deinde
1383 945 1486 991 secre-

312 1042 379 1108 cius
403 1061 474 1109 eum
497 1045 686 1110 conveniens
710 1048 741 1109 et
763 1042 891 1108 unicum
913 1040 1012 1106 filium
1036 1061 1128 1106 suum
1144 1041 1336 1107 Richardum
1358 1040 1486 1106 nominc

310 1177 369 1242 per
391 1175 519 1224 manum
543 1160 573 1225 ei
597 1159 726 1226 tradens
750 1159 810 1224 ait:
839 1159 951 1240 Video,
974 1160 1115 1236 domine,
1140 1161 1219 1242 qaia
1241 1157 1393 1243 lorpieate
1415 1159 1485 1222 Deo

311 1295 444 1359 mopsus
467 1278 502 1339 ia
516 1275 635 1361 futoro
658 1275 746 1361 apud
761 1274 868 1339 Deam
890 1286 920 1338 et
940 1274 1079 1337 laminas
1103 1276 1199 1338 ers'tr's.
1235 1273 1283 1338 Re
1304 1297 1381 1338 vero
1405 1277 1485 1338 esim

302 1389 408 1474 faciet
429 1391 517 1455 cobis
539 1391 629 1456 Deos
650 1413 762 1454 comen
787 1392 1023 1475 procacitate
1044 1399 1174 1454 nomm·
1196 1411 1401 1474 mapnorum,
1433 1393 1488 1474 qui

312 1518 384 1570 suat
405 1509 442 1569 s'c
464 1519 549 1572 terra
558 1501 575 1570 ¹.
612 1502 702 1571 Unde
722 1519 810 1591 peto:
834 1520 878 1585 at,
902 1527 972 1569 com
987 1505 1082 1570 acrba
1095 1527 1165 1570 meo
1186 1506 1241 1569 bec
1261 1506 1396 1590 impleta
1408 1506 1486 1590 fus·

311 1624 387 1700 rint,
411 1643 530 1686 mansor·
545 1623 687 1707 obsequii
700 1625 770 1701 mei,
793 1623 893 1704 fidem
914 1633 944 1685 st
960 1622 1212 1685 mesericordiam
1232 1643 1304 1685 cam
1322 1623 1399 1704 filio
1420 1644 1485 1686 mec

314 1737 476 1802 acardo
495 1735 650 1821 faciatis*
674 1750 703 1801 ct
727 1749 861 1824 patema
889 1737 1117 1802 consolacionis
1143 1757 1271 1800 cranam
1299 1737 1339 1802 ab
1363 1759 1400 1802 eo
1425 1759 1484 1802 oon

313 1853 512 1922 subtrabens.
549 1851 607 1916 Oui
631 1851 684 1918 illo
708 1852 891 1918 subridens:
913 1854 1045 1939 Ecquis
1061 1874 1117 1937 eqo
1139 1850 1245 1934 inquit
1264 1853 1314 1916 vel
1329 1855 1412 1938 quid
1433 1875 1486 1939 epo

314 1981 369 2033 aot
392 1969 471 2053 qaid
490 1971 601 2054 mopsi
621 1972 656 2032 c'c
671 1991 720 2033 rao
735 1991 800 2034 csse
819 1972 954 2056 potarat?
989 1968 1031 2034 Si
1043 1981 1147 2033 tomen
1162 1969 1299 2032 cassim
1315 1969 1486 2049 Dominus,

315 2088 373 2169 qui
385 2084 519 2150 bomilia
533 2087 664 2170 respicit
686 2097 715 2148 ot
729 2086 796 2150 alta
810 2109 831 2149 o
847 2085 938 2170 lonpe
952 2079 1137 2169 capnosoit¹,
1163 2085 1365 2169 exiquitatem
1389 2109 1487 2150 enecas

310 2221 496 2286 promouere
515 2201 664 2284 dipsades
678 2201 793 2284 fuerit,
817 2202 900 2265 obsit
913 2225 935 2264 a
949 2221 998 2264 mc
1018 2211 1181 2285 peccatum
1203 2201 1260 2264 doc
1282 2203 1317 2264 in
1333 2201 1484 2279 Domino,

313 2329 349 2380 ut
371 2315 546 2400 bsaipaitos
569 2317 799 2382 ariomanitas
826 2317 907 2380 milri
927 2339 948 2379 a
970 2315 1057 2380 vobis
1080 2319 1214 2401 inpenso
1244 2316 1400 2381 oblivioni
1425 2329 1487 2381 ινα-

315 2434 419 2497 dator.
456 2430 619 2518 Scriptum
635 2436 753 2518 quippe
768 2446 829 2499 est:
853 2434 1058 2511 „Elemosina
1072 2436 1137 2497 ciri
1151 2436 1246 2517 quasi
1258 2434 1405 2497 sorados
1420 2455 1487 2498 cam

314 2549 396 2633 ipso,
421 2560 449 2612 et
469 2552 614 2633 praciam
635 2548 771 2612 bominis
794 2543 1036 2612 comcroabit“⁸.
1072 2550 1171 2613 Docet
1190 2552 1299 2633 cpias-r,
1323 2562 1361 2613 at
1383 2562 1414 2615 et
1435 2570 1486 2634 epo

313 2666 458 2749 praciam
480 2676 509 2728 et
530 2666 790 2743 misctcordiom,
815 2685 911 2749 psam
926 2665 977 2728 bic
996 2667 1114 2743 iaceat,
1137 2666 1248 2729 domui
1268 2666 1342 2729 baio
1364 2686 1487 2730 coma·

314 2800 392 2843 aaa.
428 2776 516 2856 Quod
539 2782 572 2843 et
594 2780 705 2863 postea
727 2778 860 2844 devotus
880 2778 1035 2863 implevit
1126 2778 1217 2861 Quia,
1241 2779 1346 2844 motus
1368 2781 1486 2866 episcc-

315 2913 387 2979 pus,
410 2893 542 2959 eundem
567 2890 758 2961 Richardum
781 2894 970 2961 familiarem
993 2894 1054 2960 sibi
1076 2893 1239 2960 vernulam
1262 2897 1440 2981 assumpsit
1458 2900 1488 2961 et

317 3008 448 3095 speciali
471 3010 587 3074 amoris
610 3010 776 3095 privilegio
797 3010 906 3076 fovere
927 3030 991 3075 non
1014 3010 1117 3076 desiit

406 3126 437 3189 6.
473 3120 536 3189 Sed
558 3129 594 3189 ut
617 3124 656 3190 ad
678 3125 712 3191 id
733 3125 879 3208 redeam,
909 3126 993 3191 uude
1015 3124 1176 3209 digressus
1199 3146 1285 3208 sum,
1315 3126 1489 3212 imperator

317 3238 497 3322 Heinrious,
526 3238 588 3306 fide
611 3244 644 3306 et
671 3241 839 3326 prudentia
869 3241 913 3325 pii
936 3240 1062 3306 Ottonis
1085 3240 1208 3323 agnita,
1238 3243 1397 3308 secrecius
1419 3263 1489 3309 oum

317 3352 520 3439 compellans,
544 3374 585 3419 an
607 3356 793 3441 psalterium
808 3356 995 3422 cordetenus
1015 3356 1151 3441 psallere
1172 3360 1289 3441 posset,
1314 3358 1488 3442 inquisivit

317 3468 385 3547 Quo
413 3470 640 3556 respondente:
671 3473 794 3552 Etiam,
824 3472 954 3553 gavisus
975 3472 1148 3557 imperator
1171 3490 1242 3536 aum
1266 3472 1327 3539 sibi
1351 3475 1490 3541 assidere

318 3585 473 3670 precepit3
506 3590 537 3651 et
558 3586 690 3651 remotis
713 3584 794 3667 aliis,
822 3585 998 3672 psalmodio
1020 3606 1090 3653 cum
1114 3606 1152 3652 eo
1176 3588 1318 3673 vacabat,
1341 3592 1490 3673 quociens

279 3734 282 3739 ·
318 3719 339 3765 a
360 3700 497 3782 negociis
521 3701 687 3787 expeditus
710 3720 779 3767 esse
801 3707 935 3786 poterat.
969 3700 1051 3767 Erat
1072 3704 1155 3769 enim
1178 3703 1353 3789 imperator
1375 3704 1490 3772 litteris

318 3833 418 3900 usque
441 3812 519 3881 adeo
541 3815 696 3899 imbutm,
719 3821 756 3882 ut
777 3822 896 3900 cartas,
920 3838 941 3881 a
960 3818 1153 3902 quibuslibet
1173 3817 1235 3884 sibi
1257 3818 1412 3904 drocus,
1435 3842 1491 3907 per

318 3935 419 3997 semet
447 3932 551 4017 ipsum
577 3931 682 4015 legere
704 3937 738 3997 et
758 3930 936 4015 intelligere
966 3931 1151 4017 prevaleret
1243 3932 1351 4001 Codex
1373 3942 1489 4019 autem,

317 4042 352 4112 iu
375 4064 437 4131 quo
458 4045 598 4132 psalmos
621 4042 824 4129 decantabat,
853 4046 993 4113 manuali
1020 4047 1199 4131 frequentia
1223 4068 1359 4132 rugosus
1381 4056 1415 4118 et
1436 4049 1489 4116 ad·

318 4162 447 4229 modum
470 4162 649 4229 obfuscatus
672 4166 749 4229 erat.
791 4160 881 4239 Quod
909 4162 981 4247 pius
1004 4160 1078 4228 Otto
1101 4180 1249 4247 cernens,
1277 4164 1410 4233 absente
1430 4166 1488 4231 im·
1564 4169 1565 4200 ³

392 4324 412 4357 ι.
435 4324 517 4357 nomen
532 4324 575 4359 aaa
588 4311 612 4359 0.
771 4310 795 4357 b.
819 4311 907 4359 lecistis
925 4311 951 4359 C.

391 4405 416 4457 1.
436 4404 569 4474 allega,
587 4408 613 4459 9.
702 4408 729 4461 2.
746 4406 867 4475 Ps137,
886 4408 911 4460 6.
1001 4409 1028 4461 3.
1046 4404 1089 4463 ds.
1103 4408 1186 4463 uasti.
1197 4410 1240 4477 1⁷,
1254 4408 1298 4463 18.
