3142 4850
390 312 557 362 unmmer
579 311 709 363 conum
745 311 805 366 ree.
820 310 871 366 reu
1150 298 1216 366 253

71 470 115 554 u‘a,
135 489 186 536 uus
198 505 238 516 —
254 475 422 556 mouentes
435 471 564 540 decretu
579 479 760 541 sanctornm
783 479 912 560 patrum
935 475 975 541 de
996 474 1056 560 luis,
1082 477 1135 560 qui
1158 475 1217 543 sub
1253 491 1323 546 11oo

69 583 163 652 dcalio
182 590 213 652 et
231 584 357 653 Bonoso
379 593 412 654 et
432 587 629 656 Donatistis·
651 590 789 656 ordinati
812 595 944 658 eunt-
964 595 1138 658 statuentes
1161 591 1217 658 de·
1234 561 1294 623 ‘Q'
1306 563 1345 622 ῃ)

70 700 233 768 crevimns':
252 708 289 769 ut
302 703 453 790 epiceopi,
469 705 524 791 qui
539 705 598 773 snb
612 706 675 772 isto
690 706 838 774 scismate
854 707 991 774 ordinati
1007 712 1091 790 sunt,
1107 725 1216 774 omnes

68 815 169 883 menis
189 817 359 885 honoribus
381 827 599 906 permaneant,
622 822 686 888 nisi
701 824 766 889 sint
780 823 944 890 invasores
966 827 1022 889 aut
1043 821 1214 890 criminosi.

67 929 107 998 lle
125 935 227 1000 ceteris
242 955 317 1002 vero
340 936 503 1003 ordinibus
524 956 623 1023 penes
644 939 810 1025 episcopos
833 943 973 1026 potestus
994 939 1046 1021 uit,
1070 944 1115 1023 nt,
1139 957 1216 1025 quo-

65 1067 123 1113 run
142 1050 204 1116 rita
221 1049 397 1137 probabilis
417 1051 573 1138 videatur,
595 1054 629 1119 in
652 1073 711 1120 suo
732 1053 833 1138 gradu
855 1055 1039 1122 consistunt.

69 1257 140 1330 136.
157 1264 324 1331 Paulam
337 1265 382 1331 II
398 1290 488 1354 popu
504 1264 723 1335 &domuum
738 1267 801 1334 III
819 1266 1093 1349 commonerem,
1114 1267 1214 1336 odat·

156 1384 256 1446 meum
268 1381 293 1447 I
301 1383 524 1448 Parammon
545 1387 719 1471 episcopor,
741 1385 823 1450 alios
841 1381 1031 1452 Gumaoice
1048 1384 1215 1452 catholicoe

156 1495 307 1579 donum
336 1521 377 1564 aa
401 1503 682 1567 accommodatos
711 1502 838 1568 eimedi
862 1521 960 1566 cauea
985 1523 1116 1588 per-epra
1136 1522 1213 1588 pro·

154 1614 367 1695 fidamus.
1079 1615 1119 1695 (Ε
1136 1613 1214 1697 240)

134 1741 311 1812 Paschuliu‘
328 1748 495 1834 episcopus
518 1769 628 1815 servus
642 1767 804 1816 servornm
821 1745 882 1816 Dei
896 1745 1128 1815 venerabilibus
1150 1747 1214 1814 ira·
1234 1757 1304 1812 1106

61 1857 146 1925 nun
177 1867 210 1928 u
236 1863 433 1950 coepiscopis
462 1859 691 1946 octochordo·
720 1863 971 1948 comensem,
1005 1843 1214 1946 donnum·
1237 1826 1305 1888 ‘⁰⁰²'

60 1971 235 2044 laentum
268 1983 303 2045 et
333 1979 446 2046 ceteris
474 1984 540 2047 tam
572 1979 695 2047 clericis
728 2001 821 2066 qnam
853 1979 943 2048 laicis
972 1979 1214 2048 Teutoniuamm

60 2092 200 2175 partium⁸
220 2095 384 2163 catholicis
407 2095 541 2163 eulumrn
565 2101 598 2163 et
619 2095 824 2183 apostolicum
848 2095 1108 2164 benedictionem.

133 2207 192 2276 Pro
223 2211 388 2295 religionis
416 2217 540 2280 vestroe
566 2213 692 2280 fervore
717 2211 906 2298 gundemus3
940 2217 973 2279 et
1005 2211 1215 2299 omnipotenti

60 2319 115 2389 lleo
134 2329 251 2408 matius
280 2329 419 2412 agimus,
449 2329 503 2414 qui
525 2347 581 2396 vos
603 2329 638 2394 in
660 2329 710 2395 aui
736 2327 875 2396 nominis
903 2345 1011 2394 amore
1038 2327 1213 2396 confirmat

61 2436 199 2516 Quosdam
228 2451 335 2512 antem
362 2450 503 2512 vestrum
538 2446 645 2513 minue
678 2446 869 2513 secundum⁸
898 2446 1083 2513 scientiam⁸
1110 2445 1213 2513 zelum

59 2551 107 2621 Dei
119 2554 248 2628 habere⁸
264 2560 455 2646 audivimus,
478 2567 524 2645 nt,
545 2560 621 2629 dnm
636 2581 808 2649 pravorum
829 2562 1084 2629 commixtionem
1101 2562 1213 2647 vitant,

60 2670 138 2740 uliam
160 2694 178 2742 a
199 2676 402 2762 regionibus*
425 2677 539 2744 vestris
561 2677 723 2745 discedere
748 2677 950 2745 meditentur.
990 2678 1050 2757 Qui
1073 2678 1214 2764 proiectu

59 2804 237 2877 nequequam
258 2793 355 2859 laude
378 2793 552 2880 apostolica
573 2794 660 2878 digni
683 2790 767 2879 ennt',
795 2793 869 2860 dum
893 2794 926 2860 in
948 2792 1053 2861 medio
1075 2792 1213 2861 nunonis

57 2922 156 2987 pravae
177 2914 209 2975 et
232 2928 403 2995 perversae
424 2929 629 2996 perseverare
650 2930 714 2976 non
730 2914 872 2997 possunt,
896 2911 978 2977 inter
994 2930 1073 2995 quoa
1087 2908 1215 2977 luceant

59 3018 129 3088 velut
147 3023 320 3092 luminaria
332 3026 367 3092 in
382 3026 511 3109 mundo,
533 3024 664 3093 verbum
680 3026 765 3093 vitae
780 3026 977 3094 continentes
983 3022 1004 3092 ⁴.
1042 3024 1113 3093 Uno
1129 3026 1213 3093 enim

57 3138 176 3219 pondere
198 3146 333 3227 peccatu
357 3141 521 3208 hominum
548 3144 737 3225 metiuntnr3
768 3142 899 3209 dumet
926 3142 1213 3209 excommunicatos

58 3256 198 3340 pmpriae'
220 3257 395 3324 voluntatis
423 3258 556 3325 merito·
578 3262 611 3325 et
636 3259 916 3325 excommunicatis
947 3258 1213 3327 communicantes

57 3384 116 3435 rcus
133 3373 290 3457 equaliter
311 3374 515 3442 arbitrantur.

128 3487 244 3556 Vemm
282 3491 367 3557 enim
399 3512 476 3558 vero
509 3490 706 3557 diversarum
735 3488 934 3556 voluntatum
968 3490 1111 3557 diversus
1145 3510 1214 3558 rea·

58 3601 99 3665 tus
118 3607 305 3687 agnoscitur.
346 3606 381 3673 si
403 3607 474 3693 quie
497 3606 685 3673 criminosus
712 3606 745 3671 in
768 3605 901 3673 ecclesia
923 3606 1013 3673 iuxta
1036 3605 1214 3693 apostolum
1325 3602 1329 3617 ’

58 3718 234 3807 luminatur,
274 3722 456 3790 huiusmodi
490 3722 619 3789 omnino
656 3720 814 3789 cavendus
849 3725 905 3789 est
957 3720 1078 3788 Eadem
1118 3723 1213 3789 etiarn

114 3846 134 3880 e.
153 3834 263 3885 Domita
279 3836 308 3884 Iu
383 3838 406 3884 b.
429 3838 573 3885 decernimus
588 3837 616 3885 Ζ.
693 3850 714 3884 c.
736 3836 891 3893 eceVlddae
913 3836 935 3883 Ζ
946 3837 1051 3897 pil-ld·
1068 3834 1115 3895 (P)
1131 3838 1213 3885 Asuu-

58 3906 116 3959 uuae
128 3916 228 3965 uuum
247 3915 300 3964 eeu
316 3915 420 3963 eunucu
434 3916 489 3978 rep.
505 3916 587 3965 Poe.
598 3919 676 3964 neor
696 3915 830 3978 (quondam
847 3917 872 3965 s.
887 3916 1000 3963 omues·
1015 3915 1080 3973 uo)
1098 3914 1146 3977 soz.
1158 3918 1213 3964 arc.

58 3986 77 4035 ἰ
94 3990 205 4044 Puteum
219 3998 245 4053 V,
262 3995 288 4043 P.
299 3996 332 4053 23
350 3996 450 4043 Perculit
466 3998 495 4044 P.
588 4012 609 4045 e.
632 3996 660 4044 ll.
676 3997 705 4045 P.
798 3997 814 4044 i.
838 3996 983 4045 lothariensi
998 3996 1022 4055 V,
1038 3996 1169 4044 Petublenul
1185 3996 1214 4045 P.

59 4079 76 4124 t
93 4085 130 4119 uua
139 4075 166 4121 P.
258 4076 284 4122 h.
306 4074 455 4134 religiurffl
471 4076 500 4124 P.
592 4077 608 4124 t
631 4078 724 4137 proprio
740 4076 770 4123 P.

117 4158 138 4213 1.
154 4160 202 4217 ΙΙΙ.
275 4163 303 4216 2.
320 4160 343 4216 Ι.
414 4163 440 4217 3.
459 4162 537 4219 Rom.
550 4163 591 4232 10,
604 4164 636 4219 2ε
657 4162 883 4233 „aemulationem
897 4162 949 4218 Dal
961 4161 1071 4232 habent,
1091 4160 1140 4217 ned
1158 4176 1214 4217 non

59 4248 189 4303 mundum
207 4248 379 4305 ecientium'‘.
450 4251 477 4305 4.
495 4251 612 4322 Philipp.
625 4252 651 4321 2,
665 4252 708 4307 15.
723 4252 771 4307 16:
792 4250 912 4322 „uteitle
926 4251 999 4306 -in
1017 4249 1109 4307 medio
1127 4250 1214 4307 natlo·

59 4330 94 4386 uir
106 4348 202 4403 pravae
218 4344 248 4394 et
264 4352 422 4410 perversae,
439 4337 512 4396 iuter
523 4356 593 4411 quos
610 4340 708 4397 lucetis
726 4339 799 4396 elcut
815 4340 960 4398 luminaria
977 4340 1005 4395 ln
1024 4338 1135 4413 mundo,
1153 4354 1214 4397 ver·

59 4413 114 4477 hm
127 4426 197 4483 vitae
214 4427 416 4485 continentee“.
