<?xml version="1.0" encoding="UTF-8"?>
<!DOCTYPE html PUBLIC "-//W3C//DTD XHTML 1.0 Transitional//EN"
    "http://www.w3.org/TR/xhtml1/DTD/xhtml1-transitional.dtd">
<html xmlns="http://www.w3.org/1999/xhtml" xml:lang="en" lang="en">
 <head>
  <title>
</title>
<meta http-equiv="Content-Type" content="text/html;charset=utf-8" />
  <meta name='ocr-system' content='tesseract 3.04.00' />
  <meta name='ocr-capabilities' content='ocr_page ocr_carea ocr_par ocr_line ocrx_word'/>
</head>
<body>
  <div class='ocr_page' id='page_1' title='image "./bibliothecareru06jaffgoog_0830.png"; bbox 0 0 3142 4850; ppageno 0'>
   <div class='ocr_carea' id='block_1_1' title="bbox 389 313 1279 378">
    <p class='ocr_par' dir='ltr' id='par_1_1' title="bbox 389 313 1279 378">
     <span class='ocr_line' id='line_1_1' title="bbox 389 313 1279 378; baseline 0.002 -3"><span class='ocrx_word' id='word_1_1' title='bbox 389 326 569 376; x_wconf 75' lang='lat' dir='ltr'>nauseam</span> <span class='ocrx_word' id='word_1_2' title='bbox 590 328 771 378; x_wconf 71' lang='lat' dir='ltr'>arenosus.</span> <span class='ocrx_word' id='word_1_3' title='bbox 807 331 873 377; x_wconf 83' lang='lat' dir='ltr'>um.</span> <span class='ocrx_word' id='word_1_4' title='bbox 889 330 929 377; x_wconf 92' lang='lat'>111</span> <span class='ocrx_word' id='word_1_5' title='bbox 950 326 986 378; x_wconf 85' lang='lat' dir='ltr'>uo</span> <span class='ocrx_word' id='word_1_6' title='bbox 1213 313 1279 378; x_wconf 79' lang='lat'>815</span> 
     </span>
    </p>
   </div>
   <div class='ocr_carea' id='block_1_2' title="bbox 99 485 1371 4398">
    <p class='ocr_par' dir='ltr' id='par_1_2' title="bbox 99 485 1371 4398">
     <span class='ocr_line' id='line_1_2' title="bbox 102 485 1365 575; baseline 0.009 -26"><span class='ocrx_word' id='word_1_7' title='bbox 102 485 234 570; x_wconf 90' lang='lat' dir='ltr'>propria</span> <span class='ocrx_word' id='word_1_8' title='bbox 256 490 288 551; x_wconf 91' lang='lat' dir='ltr'>et</span> <span class='ocrx_word' id='word_1_9' title='bbox 309 486 411 552; x_wconf 89' lang='lat' dir='ltr'>tocius</span> <span class='ocrx_word' id='word_1_10' title='bbox 434 486 554 573; x_wconf 91' lang='lat' dir='ltr'>populi,</span> <span class='ocrx_word' id='word_1_11' title='bbox 578 486 617 554; x_wconf 87' lang='lat' dir='ltr'>de</span> <span class='ocrx_word' id='word_1_12' title='bbox 639 492 724 555; x_wconf 89' lang='lat' dir='ltr'>statu</span> <span class='ocrx_word' id='word_1_13' title='bbox 747 489 885 556; x_wconf 82' lang='lat' dir='ltr'>ciuitatis</span> <span class='ocrx_word' id='word_1_14' title='bbox 907 494 940 554; x_wconf 91' lang='lat' dir='ltr'>et</span> <span class='ocrx_word' id='word_1_15' title='bbox 962 489 1199 556; x_wconf 74' lang='lat' dir='ltr'><strong>conservatione</strong></span> <span class='ocrx_word' id='word_1_16' title='bbox 1220 509 1277 575; x_wconf 90' lang='lat' dir='ltr'>pa·</span> <span class='ocrx_word' id='word_1_17' title='bbox 1296 506 1365 559; x_wconf 71' lang='lat' dir='ltr'>liud</span> 
     </span>
     <span class='ocr_line' id='line_1_3' title="bbox 101 600 1276 690; baseline 0.006 -25"><span class='ocrx_word' id='word_1_18' title='bbox 101 600 164 666; x_wconf 92' lang='lat' dir='ltr'>trie</span> <span class='ocrx_word' id='word_1_19' title='bbox 191 600 363 668; x_wconf 88' lang='lat' dir='ltr'>secuudum</span> <span class='ocrx_word' id='word_1_20' title='bbox 393 602 592 689; x_wconf 80' lang='lat' dir='ltr'><strong>prudentiam</strong></span> <span class='ocrx_word' id='word_1_21' title='bbox 622 602 718 670; x_wconf 90' lang='lat' dir='ltr'>seculi</span> <span class='ocrx_word' id='word_1_22' title='bbox 748 603 915 687; x_wconf 71' lang='lat' dir='ltr'>diligenter</span> <span class='ocrx_word' id='word_1_23' title='bbox 941 604 1154 690; x_wconf 88' lang='lat' dir='ltr'>disputabant</span> <span class='ocrx_word' id='word_1_24' title='bbox 1201 604 1276 672; x_wconf 91' lang='lat' dir='ltr'>Pre-</span> 
     </span>
     <span class='ocr_line' id='line_1_4' title="bbox 102 716 1278 803; baseline 0.005 -22"><span class='ocrx_word' id='word_1_25' title='bbox 102 716 195 801; x_wconf 87' lang='lat' dir='ltr'>cipue</span> <span class='ocrx_word' id='word_1_26' title='bbox 223 722 327 783; x_wconf 89' lang='lat' dir='ltr'>autem</span> <span class='ocrx_word' id='word_1_27' title='bbox 352 718 515 802; x_wconf 81' lang='lat' dir='ltr'>universa,</span> <span class='ocrx_word' id='word_1_28' title='bbox 546 737 606 803; x_wconf 93' lang='lat' dir='ltr'>que</span> <span class='ocrx_word' id='word_1_29' title='bbox 630 718 754 785; x_wconf 89' lang='lat' dir='ltr'>Ottouis</span> <span class='ocrx_word' id='word_1_30' title='bbox 779 725 885 803; x_wconf 88' lang='lat' dir='ltr'>erant,</span> <span class='ocrx_word' id='word_1_31' title='bbox 916 720 1001 787; x_wconf 88' lang='lat' dir='ltr'>dicta</span> <span class='ocrx_word' id='word_1_32' title='bbox 1024 719 1074 786; x_wconf 83' lang='lat' dir='ltr'>rel</span> <span class='ocrx_word' id='word_1_33' title='bbox 1095 720 1180 787; x_wconf 84' lang='lat' dir='ltr'>facta</span> <span class='ocrx_word' id='word_1_34' title='bbox 1202 740 1278 787; x_wconf 85' lang='lat' dir='ltr'>exa·</span> 
     </span>
     <span class='ocr_line' id='line_1_5' title="bbox 103 831 1277 921; baseline 0.005 -25"><span class='ocrx_word' id='word_1_35' title='bbox 103 831 234 897; x_wconf 91' lang='lat' dir='ltr'>mussim</span> <span class='ocrx_word' id='word_1_36' title='bbox 258 832 469 915; x_wconf 86' lang='lat' dir='ltr'>trutinabaut3</span> <span class='ocrx_word' id='word_1_37' title='bbox 495 839 527 900; x_wconf 88' lang='lat' dir='ltr'>et</span> <span class='ocrx_word' id='word_1_38' title='bbox 549 835 707 902; x_wconf 89' lang='lat' dir='ltr'>mediante</span> <span class='ocrx_word' id='word_1_39' title='bbox 724 834 846 921; x_wconf 83' lang='lat' dir='ltr'>Spiritu</span> <span class='ocrx_word' id='word_1_40' title='bbox 869 841 976 902; x_wconf 87' lang='lat' dir='ltr'>sancto</span> <span class='ocrx_word' id='word_1_41' title='bbox 1000 836 1032 901; x_wconf 90' lang='lat' dir='ltr'>in</span> <span class='ocrx_word' id='word_1_42' title='bbox 1048 834 1130 903; x_wconf 90' lang='lat' dir='ltr'>banc</span> <span class='ocrx_word' id='word_1_43' title='bbox 1152 842 1277 903; x_wconf 74' lang='lat' dir='ltr'>senmu-</span> 
     </span>
     <span class='ocr_line' id='line_1_6' title="bbox 100 947 1277 1038; baseline 0.003 -25"><span class='ocrx_word' id='word_1_44' title='bbox 100 947 180 1014; x_wconf 90' lang='lat' dir='ltr'>tiam</span> <span class='ocrx_word' id='word_1_45' title='bbox 197 966 305 1015; x_wconf 91' lang='lat' dir='ltr'>omues</span> <span class='ocrx_word' id='word_1_46' title='bbox 321 950 530 1015; x_wconf 89' lang='lat' dir='ltr'>communiter</span> <span class='ocrx_word' id='word_1_47' title='bbox 544 950 673 1017; x_wconf 87' lang='lat' dir='ltr'>cedunt:</span> <span class='ocrx_word' id='word_1_48' title='bbox 697 957 742 1034; x_wconf 86' lang='lat' dir='ltr'>ut,</span> <span class='ocrx_word' id='word_1_49' title='bbox 764 951 906 1018; x_wconf 86' lang='lat' dir='ltr'>funditus</span> <span class='ocrx_word' id='word_1_50' title='bbox 922 951 1098 1036; x_wconf 79' lang='lat' dir='ltr'>exstirpata</span> <span class='ocrx_word' id='word_1_51' title='bbox 1112 951 1277 1038; x_wconf 84' lang='lat' dir='ltr'><strong>ydolorum</strong></span> 
     </span>
     <span class='ocr_line' id='line_1_7' title="bbox 101 1062 1277 1151; baseline 0.004 -23"><span class='ocrx_word' id='word_1_52' title='bbox 101 1062 235 1148; x_wconf 87' lang='lat' dir='ltr'>cultura,</span> <span class='ocrx_word' id='word_1_53' title='bbox 259 1084 299 1131; x_wconf 82' lang='lat' dir='ltr'>ex</span> <span class='ocrx_word' id='word_1_54' title='bbox 321 1065 444 1148; x_wconf 88' lang='lat' dir='ltr'>integro</span> <span class='ocrx_word' id='word_1_55' title='bbox 468 1086 502 1132; x_wconf 88' lang='lat' dir='ltr'>se</span> <span class='ocrx_word' id='word_1_56' title='bbox 525 1064 668 1149; x_wconf 78' lang='lat' dir='ltr'>religioni</span> <span class='ocrx_word' id='word_1_57' title='bbox 693 1066 865 1133; x_wconf 88' lang='lat' dir='ltr'>christiane</span> <span class='ocrx_word' id='word_1_58' title='bbox 887 1067 1085 1134; x_wconf 73' lang='lat' dir='ltr'>submittant</span> <span class='ocrx_word' id='word_1_59' title='bbox 1121 1066 1226 1151; x_wconf 82' lang='lat' dir='ltr'><strong>Atque</strong></span> <span class='ocrx_word' id='word_1_60' title='bbox 1242 1068 1277 1133; x_wconf 90' lang='lat' dir='ltr'>in</span> 
     </span>
     <span class='ocr_line' id='line_1_8' title="bbox 102 1179 1275 1269; baseline 0.004 -25"><span class='ocrx_word' id='word_1_61' title='bbox 102 1179 162 1246; x_wconf 92' lang='lat' dir='ltr'>boc</span> <span class='ocrx_word' id='word_1_62' title='bbox 184 1179 279 1247; x_wconf 84' lang='lat' dir='ltr'>verbo</span> <span class='ocrx_word' id='word_1_63' title='bbox 302 1179 470 1247; x_wconf 88' lang='lat' dir='ltr'>concilium</span> <span class='ocrx_word' id='word_1_64' title='bbox 493 1181 627 1249; x_wconf 85' lang='lat' dir='ltr'>solvunt.</span> <span class='ocrx_word' id='word_1_65' title='bbox 711 1180 887 1249; x_wconf 89' lang='lat' dir='ltr'>Witscacus</span> <span class='ocrx_word' id='word_1_66' title='bbox 911 1188 1027 1266; x_wconf 89' lang='lat' dir='ltr'>autem,</span> <span class='ocrx_word' id='word_1_67' title='bbox 1051 1183 1105 1269; x_wconf 92' lang='lat' dir='ltr'>qui</span> <span class='ocrx_word' id='word_1_68' title='bbox 1128 1183 1275 1251; x_wconf 89' lang='lat' dir='ltr'>omuibus</span> 
     </span>
     <span class='ocr_line' id='line_1_9' title="bbox 101 1294 1276 1385; baseline 0.004 -26"><span class='ocrx_word' id='word_1_69' title='bbox 101 1294 151 1361; x_wconf 91' lang='lat' dir='ltr'>bis</span> <span class='ocrx_word' id='word_1_70' title='bbox 173 1296 336 1380; x_wconf 78' lang='lat' dir='ltr'>intererat,</span> <span class='ocrx_word' id='word_1_71' title='bbox 359 1302 449 1364; x_wconf 90' lang='lat' dir='ltr'>nocte</span> <span class='ocrx_word' id='word_1_72' title='bbox 470 1297 542 1384; x_wconf 88' lang='lat' dir='ltr'>ipsa</span> <span class='ocrx_word' id='word_1_73' title='bbox 557 1318 626 1365; x_wconf 90' lang='lat' dir='ltr'>cum</span> <span class='ocrx_word' id='word_1_74' title='bbox 644 1298 752 1385; x_wconf 89' lang='lat' dir='ltr'>paucis</span> <span class='ocrx_word' id='word_1_75' title='bbox 769 1299 809 1365; x_wconf 89' lang='lat' dir='ltr'>ad</span> <span class='ocrx_word' id='word_1_76' title='bbox 825 1300 1007 1385; x_wconf 80' lang='lat' dir='ltr'>episcopum</span> <span class='ocrx_word' id='word_1_77' title='bbox 1023 1298 1162 1383; x_wconf 85' lang='lat' dir='ltr'>veniens,</span> <span class='ocrx_word' id='word_1_78' title='bbox 1185 1304 1276 1385; x_wconf 91' lang='lat' dir='ltr'>opta·</span> 
     </span>
     <span class='ocr_line' id='line_1_10' title="bbox 101 1413 1275 1499; baseline 0.003 -22"><span class='ocrx_word' id='word_1_79' title='bbox 101 1416 169 1477; x_wconf 91' lang='lat' dir='ltr'>tum</span> <span class='ocrx_word' id='word_1_80' title='bbox 193 1413 344 1481; x_wconf 90' lang='lat' dir='ltr'>nuncium</span> <span class='ocrx_word' id='word_1_81' title='bbox 367 1413 468 1499; x_wconf 78' lang='lat' dir='ltr'>affort,</span> <span class='ocrx_word' id='word_1_82' title='bbox 492 1435 584 1482; x_wconf 89' lang='lat' dir='ltr'>omne</span> <span class='ocrx_word' id='word_1_83' title='bbox 604 1413 768 1481; x_wconf 90' lang='lat' dir='ltr'>consilium</span> <span class='ocrx_word' id='word_1_84' title='bbox 785 1415 815 1481; x_wconf 90' lang='lat' dir='ltr'>ei</span> <span class='ocrx_word' id='word_1_85' title='bbox 831 1414 967 1483; x_wconf 81' lang='lat' dir='ltr'>breviter</span> <span class='ocrx_word' id='word_1_86' title='bbox 982 1416 1157 1481; x_wconf 79' lang='lat' dir='ltr'>insinuans.</span> <span class='ocrx_word' id='word_1_87' title='bbox 1193 1414 1275 1480; x_wconf 84' lang='lat' dir='ltr'>Dein</span> 
     </span>
     <span class='ocr_line' id='line_1_11' title="bbox 101 1526 1276 1618; baseline 0.003 -25"><span class='ocrx_word' id='word_1_88' title='bbox 101 1526 241 1595; x_wconf 86' lang='lat' dir='ltr'>collectis</span> <span class='ocrx_word' id='word_1_89' title='bbox 269 1530 308 1595; x_wconf 91' lang='lat' dir='ltr'>ad</span> <span class='ocrx_word' id='word_1_90' title='bbox 332 1530 514 1618; x_wconf 89' lang='lat' dir='ltr'>episcopum</span> <span class='ocrx_word' id='word_1_91' title='bbox 538 1530 659 1597; x_wconf 87' lang='lat' dir='ltr'>clericis</span> <span class='ocrx_word' id='word_1_92' title='bbox 683 1535 715 1596; x_wconf 88' lang='lat' dir='ltr'>et</span> <span class='ocrx_word' id='word_1_93' title='bbox 737 1529 809 1597; x_wconf 88' lang='lat' dir='ltr'>aliis</span> <span class='ocrx_word' id='word_1_94' title='bbox 830 1530 1055 1615; x_wconf 76' lang='lat' dir='ltr'>familiaribus,</span> <span class='ocrx_word' id='word_1_95' title='bbox 1085 1530 1276 1617; x_wconf 88' lang='lat' dir='ltr'>omniaque</span> 
     </span>
     <span class='ocr_line' id='line_1_12' title="bbox 101 1642 1276 1733; baseline 0.003 -25"><span class='ocrx_word' id='word_1_96' title='bbox 101 1642 247 1711; x_wconf 81' lang='lat' dir='ltr'>audierat</span> <span class='ocrx_word' id='word_1_97' title='bbox 269 1666 391 1732; x_wconf 91' lang='lat' dir='ltr'>queque</span> <span class='ocrx_word' id='word_1_98' title='bbox 413 1648 447 1712; x_wconf 92' lang='lat' dir='ltr'>in</span> <span class='ocrx_word' id='word_1_99' title='bbox 470 1646 601 1713; x_wconf 89' lang='lat' dir='ltr'>concilio</span> <span class='ocrx_word' id='word_1_100' title='bbox 625 1646 664 1713; x_wconf 89' lang='lat' dir='ltr'>da</span> <span class='ocrx_word' id='word_1_101' title='bbox 686 1646 756 1733; x_wconf 89' lang='lat' dir='ltr'>ipso</span> <span class='ocrx_word' id='word_1_102' title='bbox 780 1645 865 1713; x_wconf 88' lang='lat' dir='ltr'>dicta</span> <span class='ocrx_word' id='word_1_103' title='bbox 886 1647 1020 1731; x_wconf 75' lang='lat' dir='ltr'>fuerant,</span> <span class='ocrx_word' id='word_1_104' title='bbox 1048 1645 1169 1713; x_wconf 87' lang='lat' dir='ltr'>scilicet</span> <span class='ocrx_word' id='word_1_105' title='bbox 1191 1646 1276 1711; x_wconf 88' lang='lat' dir='ltr'>ordi·</span> 
     </span>
     <span class='ocr_line' id='line_1_13' title="bbox 102 1760 1276 1848; baseline 0.001 -23"><span class='ocrx_word' id='word_1_106' title='bbox 102 1779 175 1827; x_wconf 89' lang='lat' dir='ltr'>nem</span> <span class='ocrx_word' id='word_1_107' title='bbox 203 1760 399 1829; x_wconf 83' lang='lat' dir='ltr'>liberationis</span> <span class='ocrx_word' id='word_1_108' title='bbox 429 1761 529 1848; x_wconf 88' lang='lat' dir='ltr'>ipsius</span> <span class='ocrx_word' id='word_1_109' title='bbox 558 1762 611 1848; x_wconf 90' lang='lat' dir='ltr'>qui</span> <span class='ocrx_word' id='word_1_110' title='bbox 638 1761 841 1847; x_wconf 80' lang='lat' dir='ltr'>loquebatur3</span> <span class='ocrx_word' id='word_1_111' title='bbox 871 1768 903 1829; x_wconf 89' lang='lat' dir='ltr'>et</span> <span class='ocrx_word' id='word_1_112' title='bbox 930 1762 970 1829; x_wconf 88' lang='lat' dir='ltr'>do</span> <span class='ocrx_word' id='word_1_113' title='bbox 995 1761 1162 1847; x_wconf 88' lang='lat' dir='ltr'>miraculo,</span> <span class='ocrx_word' id='word_1_114' title='bbox 1193 1760 1276 1847; x_wconf 91' lang='lat' dir='ltr'>quod</span> 
     </span>
     <span class='ocr_line' id='line_1_14' title="bbox 101 1875 1275 1964; baseline -0.001 -22"><span class='ocrx_word' id='word_1_115' title='bbox 101 1875 209 1943; x_wconf 89' lang='lat' dir='ltr'>hastas</span> <span class='ocrx_word' id='word_1_116' title='bbox 233 1878 392 1945; x_wconf 88' lang='lat' dir='ltr'>vibrantes</span> <span class='ocrx_word' id='word_1_117' title='bbox 419 1883 530 1944; x_wconf 89' lang='lat' dir='ltr'>contra</span> <span class='ocrx_word' id='word_1_118' title='bbox 552 1879 733 1964; x_wconf 88' lang='lat' dir='ltr'>episcopum</span> <span class='ocrx_word' id='word_1_119' title='bbox 765 1878 868 1964; x_wconf 89' lang='lat' dir='ltr'>pridie</span> <span class='ocrx_word' id='word_1_120' title='bbox 890 1878 1108 1962; x_wconf 85' lang='lat' dir='ltr'>obriguerant3</span> <span class='ocrx_word' id='word_1_121' title='bbox 1138 1882 1171 1944; x_wconf 91' lang='lat' dir='ltr'>et</span> <span class='ocrx_word' id='word_1_122' title='bbox 1192 1876 1275 1963; x_wconf 92' lang='lat' dir='ltr'>quod</span> 
     </span>
     <span class='ocr_line' id='line_1_15' title="bbox 102 1990 1274 2080; baseline 0 -22"><span class='ocrx_word' id='word_1_123' title='bbox 102 1990 205 2059; x_wconf 88' lang='lat' dir='ltr'>adbuc</span> <span class='ocrx_word' id='word_1_124' title='bbox 233 1992 354 2061; x_wconf 85' lang='lat' dir='ltr'>latebat</span> <span class='ocrx_word' id='word_1_125' title='bbox 382 1994 580 2080; x_wconf 87' lang='lat' dir='ltr'>episcopum:</span> <span class='ocrx_word' id='word_1_126' title='bbox 611 1994 735 2079; x_wconf 89' lang='lat' dir='ltr'>quando</span> <span class='ocrx_word' id='word_1_127' title='bbox 765 1995 805 2061; x_wconf 87' lang='lat' dir='ltr'>ad</span> <span class='ocrx_word' id='word_1_128' title='bbox 836 1993 1001 2062; x_wconf 85' lang='lat' dir='ltr'>ecclesiam</span> <span class='ocrx_word' id='word_1_129' title='bbox 1025 2013 1095 2061; x_wconf 89' lang='lat' dir='ltr'>cum</span> <span class='ocrx_word' id='word_1_130' title='bbox 1120 1992 1274 2059; x_wconf 79' lang='lat' dir='ltr'>ministris</span> 
     </span>
     <span class='ocr_line' id='line_1_16' title="bbox 101 2108 1275 2197; baseline 0 -24"><span class='ocrx_word' id='word_1_131' title='bbox 101 2128 161 2194; x_wconf 92' lang='lat' dir='ltr'>per</span> <span class='ocrx_word' id='word_1_132' title='bbox 182 2108 320 2195; x_wconf 87' lang='lat' dir='ltr'>plateam</span> <span class='ocrx_word' id='word_1_133' title='bbox 346 2114 533 2196; x_wconf 87' lang='lat' dir='ltr'>preparatus</span> <span class='ocrx_word' id='word_1_134' title='bbox 556 2110 735 2193; x_wconf 89' lang='lat' dir='ltr'>incedebat,</span> <span class='ocrx_word' id='word_1_135' title='bbox 759 2115 868 2176; x_wconf 87' lang='lat' dir='ltr'>tantus</span> <span class='ocrx_word' id='word_1_136' title='bbox 890 2108 1039 2197; x_wconf 84' lang='lat' dir='ltr'>splendor</span> <span class='ocrx_word' id='word_1_137' title='bbox 1061 2109 1197 2176; x_wconf 83' lang='lat' dir='ltr'>vestium</span> <span class='ocrx_word' id='word_1_138' title='bbox 1218 2128 1275 2195; x_wconf 92' lang='lat' dir='ltr'>ap-</span> 
     </span>
     <span class='ocr_line' id='line_1_17' title="bbox 101 2223 1276 2310; baseline 0 -21"><span class='ocrx_word' id='word_1_139' title='bbox 101 2224 225 2310; x_wconf 90' lang='lat' dir='ltr'>paruit,</span> <span class='ocrx_word' id='word_1_140' title='bbox 255 2230 292 2291; x_wconf 87' lang='lat' dir='ltr'>ut</span> <span class='ocrx_word' id='word_1_141' title='bbox 314 2224 444 2310; x_wconf 90' lang='lat' dir='ltr'>maligui</span> <span class='ocrx_word' id='word_1_142' title='bbox 467 2224 625 2309; x_wconf 90' lang='lat' dir='ltr'>homiues,</span> <span class='ocrx_word' id='word_1_143' title='bbox 655 2225 708 2310; x_wconf 93' lang='lat' dir='ltr'>qui</span> <span class='ocrx_word' id='word_1_144' title='bbox 732 2225 771 2291; x_wconf 89' lang='lat' dir='ltr'>ad</span> <span class='ocrx_word' id='word_1_145' title='bbox 795 2246 866 2294; x_wconf 90' lang='lat' dir='ltr'>eum</span> <span class='ocrx_word' id='word_1_146' title='bbox 889 2225 1064 2293; x_wconf 89' lang='lat' dir='ltr'>necandum</span> <span class='ocrx_word' id='word_1_147' title='bbox 1089 2244 1128 2292; x_wconf 82' lang='lat' dir='ltr'>ex</span> <span class='ocrx_word' id='word_1_148' title='bbox 1150 2223 1276 2291; x_wconf 87' lang='lat' dir='ltr'>insidiis</span> 
     </span>
     <span class='ocr_line' id='line_1_18' title="bbox 102 2340 1274 2428; baseline 0.003 -24"><span class='ocrx_word' id='word_1_149' title='bbox 102 2340 280 2426; x_wconf 83' lang='lat' dir='ltr'>veniebant,</span> <span class='ocrx_word' id='word_1_150' title='bbox 307 2342 405 2408; x_wconf 87' lang='lat' dir='ltr'>nimie</span> <span class='ocrx_word' id='word_1_151' title='bbox 428 2340 580 2409; x_wconf 87' lang='lat' dir='ltr'>claritatis</span> <span class='ocrx_word' id='word_1_152' title='bbox 604 2346 733 2428; x_wconf 86' lang='lat' dir='ltr'>aspectu</span> <span class='ocrx_word' id='word_1_153' title='bbox 756 2341 789 2406; x_wconf 91' lang='lat' dir='ltr'>iu</span> <span class='ocrx_word' id='word_1_154' title='bbox 812 2341 931 2426; x_wconf 87' lang='lat' dir='ltr'>fugam,</span> <span class='ocrx_word' id='word_1_155' title='bbox 959 2341 1063 2409; x_wconf 90' lang='lat' dir='ltr'>territi</span> <span class='ocrx_word' id='word_1_156' title='bbox 1086 2360 1123 2407; x_wconf 87' lang='lat' dir='ltr'>ac</span> <span class='ocrx_word' id='word_1_157' title='bbox 1146 2340 1274 2425; x_wconf 87' lang='lat' dir='ltr'>turbati,</span> 
     </span>
     <span class='ocr_line' id='line_1_19' title="bbox 102 2455 1275 2544; baseline -0.001 -21"><span class='ocrx_word' id='word_1_158' title='bbox 102 2457 186 2524; x_wconf 85' lang='lat' dir='ltr'>versi</span> <span class='ocrx_word' id='word_1_159' title='bbox 199 2458 332 2540; x_wconf 82' lang='lat' dir='ltr'>fuerint3</span> <span class='ocrx_word' id='word_1_160' title='bbox 357 2458 491 2544; x_wconf 87' lang='lat' dir='ltr'>denique</span> <span class='ocrx_word' id='word_1_161' title='bbox 506 2460 608 2525; x_wconf 82' lang='lat' dir='ltr'>uirum</span> <span class='ocrx_word' id='word_1_162' title='bbox 627 2457 726 2542; x_wconf 92' lang='lat' dir='ltr'>illum,</span> <span class='ocrx_word' id='word_1_163' title='bbox 747 2458 850 2525; x_wconf 85' lang='lat' dir='ltr'>virum</span> <span class='ocrx_word' id='word_1_164' title='bbox 866 2457 977 2543; x_wconf 87' lang='lat' dir='ltr'>Belial,</span> <span class='ocrx_word' id='word_1_165' title='bbox 999 2457 1204 2541; x_wconf 77' lang='lat' dir='ltr'>sacerdotem,</span> <span class='ocrx_word' id='word_1_166' title='bbox 1221 2455 1275 2542; x_wconf 90' lang='lat' dir='ltr'>qui</span> 
     </span>
     <span class='ocr_line' id='line_1_20' title="bbox 102 2571 1275 2662; baseline -0.002 -22"><span class='ocrx_word' id='word_1_167' title='bbox 102 2574 131 2640; x_wconf 90' lang='lat' dir='ltr'>ei</span> <span class='ocrx_word' id='word_1_168' title='bbox 155 2575 353 2642; x_wconf 88' lang='lat' dir='ltr'>concionanti</span> <span class='ocrx_word' id='word_1_169' title='bbox 378 2573 416 2641; x_wconf 91' lang='lat' dir='ltr'>ad</span> <span class='ocrx_word' id='word_1_170' title='bbox 441 2573 590 2662; x_wconf 90' lang='lat' dir='ltr'>populum</span> <span class='ocrx_word' id='word_1_171' title='bbox 616 2573 842 2660; x_wconf 91' lang='lat' dir='ltr'>impedimento</span> <span class='ocrx_word' id='word_1_172' title='bbox 863 2575 977 2658; x_wconf 83' lang='lat' dir='ltr'>fuerat,</span> <span class='ocrx_word' id='word_1_173' title='bbox 1001 2573 1042 2640; x_wconf 96' lang='lat' dir='ltr'>ab</span> <span class='ocrx_word' id='word_1_174' title='bbox 1060 2574 1139 2660; x_wconf 88' lang='lat' dir='ltr'>ipsis</span> <span class='ocrx_word' id='word_1_175' title='bbox 1154 2571 1275 2639; x_wconf 83' lang='lat' dir='ltr'>ciuibus</span> 
     </span>
     <span class='ocr_line' id='line_1_21' title="bbox 101 2687 1276 2775; baseline -0.002 -20"><span class='ocrx_word' id='word_1_176' title='bbox 101 2689 236 2756; x_wconf 89' lang='lat' dir='ltr'>eiectum</span> <span class='ocrx_word' id='word_1_177' title='bbox 267 2691 404 2757; x_wconf 85' lang='lat' dir='ltr'>nunciat.</span> <span class='ocrx_word' id='word_1_178' title='bbox 452 2689 550 2756; x_wconf 86' lang='lat' dir='ltr'>Porro</span> <span class='ocrx_word' id='word_1_179' title='bbox 575 2690 659 2775; x_wconf 91' lang='lat' dir='ltr'>apud</span> <span class='ocrx_word' id='word_1_180' title='bbox 682 2711 736 2757; x_wconf 92' lang='lat' dir='ltr'>eos</span> <span class='ocrx_word' id='word_1_181' title='bbox 759 2691 827 2757; x_wconf 90' lang='lat' dir='ltr'>eius</span> <span class='ocrx_word' id='word_1_182' title='bbox 849 2687 1055 2757; x_wconf 72' lang='lat' dir='ltr'>liberalitates</span> <span class='ocrx_word' id='word_1_183' title='bbox 1077 2694 1109 2755; x_wconf 93' lang='lat' dir='ltr'>et</span> <span class='ocrx_word' id='word_1_184' title='bbox 1132 2687 1276 2755; x_wconf 90' lang='lat' dir='ltr'>elemosi-</span> 
     </span>
     <span class='ocr_line' id='line_1_22' title="bbox 101 2802 1276 2892; baseline -0.002 -21"><span class='ocrx_word' id='word_1_185' title='bbox 101 2825 213 2872; x_wconf 84' lang='lat' dir='ltr'>narum</span> <span class='ocrx_word' id='word_1_186' title='bbox 237 2807 417 2874; x_wconf 87' lang='lat' dir='ltr'>inestimate</span> <span class='ocrx_word' id='word_1_187' title='bbox 440 2805 623 2890; x_wconf 84' lang='lat' dir='ltr'>largitiones</span> <span class='ocrx_word' id='word_1_188' title='bbox 644 2811 676 2872; x_wconf 90' lang='lat' dir='ltr'>et</span> <span class='ocrx_word' id='word_1_189' title='bbox 691 2806 887 2892; x_wconf 86' lang='lat' dir='ltr'>captivorum</span> <span class='ocrx_word' id='word_1_190' title='bbox 903 2805 1152 2891; x_wconf 62' lang='lat' dir='ltr'>redemptionem</span> <span class='ocrx_word' id='word_1_191' title='bbox 1177 2802 1276 2890; x_wconf 89' lang='lat' dir='ltr'>quod·</span> 
     </span>
     <span class='ocr_line' id='line_1_23' title="bbox 101 2919 1275 3009; baseline -0.002 -21"><span class='ocrx_word' id='word_1_192' title='bbox 101 2941 163 3007; x_wconf 90' lang='lat' dir='ltr'>que</span> <span class='ocrx_word' id='word_1_193' title='bbox 186 2921 254 2988; x_wconf 88' lang='lat' dir='ltr'>siue</span> <span class='ocrx_word' id='word_1_194' title='bbox 277 2941 393 3006; x_wconf 86' lang='lat' dir='ltr'>magua</span> <span class='ocrx_word' id='word_1_195' title='bbox 415 2922 695 3009; x_wconf 78' lang='lat' dir='ltr'>reconpensatione</span> <span class='ocrx_word' id='word_1_196' title='bbox 717 2921 835 2988; x_wconf 91' lang='lat' dir='ltr'>nullius</span> <span class='ocrx_word' id='word_1_197' title='bbox 850 2941 959 2988; x_wconf 91' lang='lat' dir='ltr'>eorum</span> <span class='ocrx_word' id='word_1_198' title='bbox 974 2939 1050 3006; x_wconf 88' lang='lat' dir='ltr'>opes</span> <span class='ocrx_word' id='word_1_199' title='bbox 1064 2919 1115 2985; x_wconf 83' lang='lat' dir='ltr'>uel</span> <span class='ocrx_word' id='word_1_200' title='bbox 1130 2920 1275 2987; x_wconf 86' lang='lat' dir='ltr'>substan-</span> 
     </span>
     <span class='ocr_line' id='line_1_24' title="bbox 99 3035 1274 3124; baseline -0.003 -20"><span class='ocrx_word' id='word_1_201' title='bbox 99 3037 180 3104; x_wconf 87' lang='lat' dir='ltr'>tiam</span> <span class='ocrx_word' id='word_1_202' title='bbox 197 3037 335 3105; x_wconf 88' lang='lat' dir='ltr'>oblatam</span> <span class='ocrx_word' id='word_1_203' title='bbox 351 3036 528 3120; x_wconf 83' lang='lat' dir='ltr'>eontigerit,</span> <span class='ocrx_word' id='word_1_204' title='bbox 553 3038 618 3104; x_wconf 89' lang='lat' dir='ltr'>suis</span> <span class='ocrx_word' id='word_1_205' title='bbox 634 3039 786 3124; x_wconf 91' lang='lat' dir='ltr'>impensis</span> <span class='ocrx_word' id='word_1_206' title='bbox 802 3057 871 3105; x_wconf 86' lang='lat' dir='ltr'>sese</span> <span class='ocrx_word' id='word_1_207' title='bbox 887 3041 981 3122; x_wconf 87' lang='lat' dir='ltr'>atque</span> <span class='ocrx_word' id='word_1_208' title='bbox 996 3056 1070 3102; x_wconf 88' lang='lat' dir='ltr'>suos</span> <span class='ocrx_word' id='word_1_209' title='bbox 1084 3035 1274 3119; x_wconf 88' lang='lat' dir='ltr'>transigens,</span> 
     </span>
     <span class='ocr_line' id='line_1_25' title="bbox 100 3151 1276 3240; baseline -0.002 -20"><span class='ocrx_word' id='word_1_210' title='bbox 100 3153 199 3221; x_wconf 91' lang='lat' dir='ltr'>etiam</span> <span class='ocrx_word' id='word_1_211' title='bbox 223 3151 369 3220; x_wconf 85' lang='lat' dir='ltr'>basilicas</span> <span class='ocrx_word' id='word_1_212' title='bbox 393 3159 570 3222; x_wconf 89' lang='lat' dir='ltr'>exstrueret</span> <span class='ocrx_word' id='word_1_213' title='bbox 592 3155 830 3240; x_wconf 78' lang='lat' dir='ltr'>destructaeque</span> <span class='ocrx_word' id='word_1_214' title='bbox 852 3151 1065 3234; x_wconf 55' lang='lat' dir='ltr'>reedificatum</span> <span class='ocrx_word' id='word_1_215' title='bbox 1090 3151 1196 3218; x_wconf 89' lang='lat' dir='ltr'>omnia</span> <span class='ocrx_word' id='word_1_216' title='bbox 1218 3151 1276 3218; x_wconf 89' lang='lat' dir='ltr'>hec</span> 
     </span>
     <span class='ocr_line' id='line_1_26' title="bbox 99 3267 1275 3357; baseline -0.003 -21"><span class='ocrx_word' id='word_1_217' title='bbox 99 3275 219 3357; x_wconf 87' lang='lat' dir='ltr'>quante</span> <span class='ocrx_word' id='word_1_218' title='bbox 236 3270 445 3336; x_wconf 85' lang='lat' dir='ltr'>venerationis</span> <span class='ocrx_word' id='word_1_219' title='bbox 470 3275 625 3355; x_wconf 81' lang='lat' dir='ltr'>quantove</span> <span class='ocrx_word' id='word_1_220' title='bbox 648 3269 868 3338; x_wconf 85' lang='lat' dir='ltr'>admirationis</span> <span class='ocrx_word' id='word_1_221' title='bbox 883 3269 992 3334; x_wconf 90' lang='lat' dir='ltr'>habita</span> <span class='ocrx_word' id='word_1_222' title='bbox 1005 3267 1080 3352; x_wconf 88' lang='lat' dir='ltr'>siut,</span> <span class='ocrx_word' id='word_1_223' title='bbox 1104 3287 1176 3333; x_wconf 91' lang='lat' dir='ltr'>cum</span> <span class='ocrx_word' id='word_1_224' title='bbox 1198 3286 1275 3350; x_wconf 87' lang='lat' dir='ltr'>gau·</span> 
     </span>
     <span class='ocr_line' id='line_1_27' title="bbox 99 3383 1274 3470; baseline -0.003 -18"><span class='ocrx_word' id='word_1_225' title='bbox 99 3385 155 3452; x_wconf 90' lang='lat' dir='ltr'>dio</span> <span class='ocrx_word' id='word_1_226' title='bbox 184 3385 348 3453; x_wconf 87' lang='lat' dir='ltr'>referebat.</span> <span class='ocrx_word' id='word_1_227' title='bbox 440 3385 538 3470; x_wconf 89' lang='lat' dir='ltr'>Igitur</span> <span class='ocrx_word' id='word_1_228' title='bbox 567 3386 605 3452; x_wconf 91' lang='lat' dir='ltr'>de</span> <span class='ocrx_word' id='word_1_229' title='bbox 628 3406 721 3452; x_wconf 91' lang='lat' dir='ltr'>mane</span> <span class='ocrx_word' id='word_1_230' title='bbox 744 3403 936 3468; x_wconf 88' lang='lat' dir='ltr'>consurgens</span> <span class='ocrx_word' id='word_1_231' title='bbox 959 3383 1127 3470; x_wconf 84' lang='lat' dir='ltr'>episeopus</span> <span class='ocrx_word' id='word_1_232' title='bbox 1149 3387 1274 3450; x_wconf 86' lang='lat' dir='ltr'>etcum</span> 
     </span>
     <span class='ocr_line' id='line_1_28' title="bbox 99 3498 1273 3587; baseline -0.003 -19"><span class='ocrx_word' id='word_1_233' title='bbox 99 3501 275 3587; x_wconf 89' lang='lat' dir='ltr'>gratiarum</span> <span class='ocrx_word' id='word_1_234' title='bbox 299 3501 421 3569; x_wconf 89' lang='lat' dir='ltr'>actione</span> <span class='ocrx_word' id='word_1_235' title='bbox 444 3501 558 3568; x_wconf 89' lang='lat' dir='ltr'>missas</span> <span class='ocrx_word' id='word_1_236' title='bbox 581 3501 760 3586; x_wconf 81' lang='lat' dir='ltr'>salebram,</span> <span class='ocrx_word' id='word_1_237' title='bbox 790 3501 1011 3568; x_wconf 83' lang='lat' dir='ltr'>convenientes</span> <span class='ocrx_word' id='word_1_238' title='bbox 1034 3499 1136 3565; x_wconf 85' lang='lat' dir='ltr'>cives·</span> <span class='ocrx_word' id='word_1_239' title='bbox 1158 3498 1273 3565; x_wconf 89' lang='lat' dir='ltr'>iterum</span> 
     </span>
     <span class='ocr_line' id='line_1_29' title="bbox 100 3613 1275 3705; baseline -0.004 -21"><span class='ocrx_word' id='word_1_240' title='bbox 100 3616 289 3704; x_wconf 87' lang='lat' dir='ltr'>alloquitur,</span> <span class='ocrx_word' id='word_1_241' title='bbox 318 3623 349 3685; x_wconf 89' lang='lat' dir='ltr'>et</span> <span class='ocrx_word' id='word_1_242' title='bbox 373 3638 488 3705; x_wconf 90' lang='lat' dir='ltr'>pronos</span> <span class='ocrx_word' id='word_1_243' title='bbox 511 3623 605 3704; x_wconf 86' lang='lat' dir='ltr'>atque</span> <span class='ocrx_word' id='word_1_244' title='bbox 628 3617 810 3685; x_wconf 81' lang='lat' dir='ltr'>obedientes</span> <span class='ocrx_word' id='word_1_245' title='bbox 833 3617 873 3682; x_wconf 90' lang='lat' dir='ltr'>ad</span> <span class='ocrx_word' id='word_1_246' title='bbox 896 3615 1003 3682; x_wconf 90' lang='lat' dir='ltr'>omnia</span> <span class='ocrx_word' id='word_1_247' title='bbox 1025 3615 1156 3682; x_wconf 85' lang='lat' dir='ltr'>invenit.</span> <span class='ocrx_word' id='word_1_248' title='bbox 1200 3613 1275 3692; x_wconf 84' lang='lat' dir='ltr'>Qui·</span> 
     </span>
     <span class='ocr_line' id='line_1_30' title="bbox 99 3729 1275 3821; baseline -0.003 -21"><span class='ocrx_word' id='word_1_249' title='bbox 99 3753 236 3819; x_wconf 87' lang='lat' dir='ltr'>cumque</span> <span class='ocrx_word' id='word_1_250' title='bbox 258 3733 341 3801; x_wconf 89' lang='lat' dir='ltr'>euim</span> <span class='ocrx_word' id='word_1_251' title='bbox 366 3753 434 3802; x_wconf 88' lang='lat' dir='ltr'>sese</span> <span class='ocrx_word' id='word_1_252' title='bbox 457 3735 616 3821; x_wconf 85' lang='lat' dir='ltr'>apostasia</span> <span class='ocrx_word' id='word_1_253' title='bbox 630 3733 711 3800; x_wconf 82' lang='lat' dir='ltr'>vicio</span> <span class='ocrx_word' id='word_1_254' title='bbox 735 3733 987 3819; x_wconf 85' lang='lat' dir='ltr'>inquinaverant,</span> <span class='ocrx_word' id='word_1_255' title='bbox 1011 3730 1149 3817; x_wconf 85' lang='lat' dir='ltr'>Spiritus</span> <span class='ocrx_word' id='word_1_256' title='bbox 1172 3729 1275 3796; x_wconf 87' lang='lat' dir='ltr'>sancti</span> 
     </span>
     <span class='ocr_line' id='line_1_31' title="bbox 99 3846 1274 3937; baseline 0 -23"><span class='ocrx_word' id='word_1_257' title='bbox 99 3849 220 3916; x_wconf 85' lang='lat' dir='ltr'>virtute</span> <span class='ocrx_word' id='word_1_258' title='bbox 247 3849 382 3917; x_wconf 85' lang='lat' dir='ltr'>faciente</span> <span class='ocrx_word' id='word_1_259' title='bbox 410 3851 605 3937; x_wconf 78' lang='lat' dir='ltr'>compuncti,</span> <span class='ocrx_word' id='word_1_260' title='bbox 637 3871 694 3936; x_wconf 91' lang='lat' dir='ltr'>per</span> <span class='ocrx_word' id='word_1_261' title='bbox 722 3869 836 3916; x_wconf 90' lang='lat' dir='ltr'>manus</span> <span class='ocrx_word' id='word_1_262' title='bbox 863 3847 1097 3935; x_wconf 89' lang='lat' dir='ltr'>impositionem</span> <span class='ocrx_word' id='word_1_263' title='bbox 1126 3848 1161 3913; x_wconf 91' lang='lat' dir='ltr'>iu</span> <span class='ocrx_word' id='word_1_264' title='bbox 1187 3846 1274 3914; x_wconf 83' lang='lat' dir='ltr'>fonte</span> 
     </span>
     <span class='ocr_line' id='line_1_32' title="bbox 99 3962 1273 4050; baseline -0.003 -18"><span class='ocrx_word' id='word_1_265' title='bbox 99 3965 303 4032; x_wconf 90' lang='lat' dir='ltr'>lacrimarum</span> <span class='ocrx_word' id='word_1_266' title='bbox 322 3984 449 4031; x_wconf 91' lang='lat' dir='ltr'>suarum</span> <span class='ocrx_word' id='word_1_267' title='bbox 465 3964 533 4050; x_wconf 92' lang='lat' dir='ltr'>loti,</span> <span class='ocrx_word' id='word_1_268' title='bbox 553 3963 682 4033; x_wconf 83' lang='lat' dir='ltr'>ecclesie</span> <span class='ocrx_word' id='word_1_269' title='bbox 698 3970 807 4032; x_wconf 85' lang='lat' dir='ltr'>sancte</span> <span class='ocrx_word' id='word_1_270' title='bbox 821 3964 1042 4032; x_wconf 86' lang='lat' dir='ltr'>reformantur.</span> <span class='ocrx_word' id='word_1_271' title='bbox 1077 3962 1172 4029; x_wconf 91' lang='lat' dir='ltr'>Pueri</span> <span class='ocrx_word' id='word_1_272' title='bbox 1188 3983 1273 4046; x_wconf 82' lang='lat' dir='ltr'>vero,</span> 
     </span>
     <span class='ocr_line' id='line_1_33' title="bbox 100 4078 1273 4168; baseline -0.003 -21"><span class='ocrx_word' id='word_1_273' title='bbox 100 4085 136 4147; x_wconf 92' lang='lat' dir='ltr'>et</span> <span class='ocrx_word' id='word_1_274' title='bbox 166 4080 343 4167; x_wconf 88' lang='lat' dir='ltr'>quicunque</span> <span class='ocrx_word' id='word_1_275' title='bbox 377 4085 608 4148; x_wconf 86' lang='lat' dir='ltr'>sacramentum</span> <span class='ocrx_word' id='word_1_276' title='bbox 637 4081 786 4168; x_wconf 88' lang='lat' dir='ltr'>baptismi</span> <span class='ocrx_word' id='word_1_277' title='bbox 813 4080 953 4146; x_wconf 90' lang='lat' dir='ltr'>nondum</span> <span class='ocrx_word' id='word_1_278' title='bbox 985 4082 1076 4147; x_wconf 86' lang='lat' dir='ltr'>erant</span> <span class='ocrx_word' id='word_1_279' title='bbox 1102 4078 1273 4161; x_wconf 86' lang='lat' dir='ltr'>consecuti,</span> 
     </span>
     <span class='ocr_line' id='line_1_34' title="bbox 100 4193 1371 4282; baseline -0.002 -21"><span class='ocrx_word' id='word_1_280' title='bbox 100 4195 320 4282; x_wconf 83' lang='lat' dir='ltr'>baptizantur3</span> <span class='ocrx_word' id='word_1_281' title='bbox 349 4195 425 4262; x_wconf 84' lang='lat' dir='ltr'>fana</span> <span class='ocrx_word' id='word_1_282' title='bbox 454 4195 675 4281; x_wconf 89' lang='lat' dir='ltr'>destruuntur,</span> <span class='ocrx_word' id='word_1_283' title='bbox 704 4195 906 4265; x_wconf 88' lang='lat' dir='ltr'>ecclesiarum</span> <span class='ocrx_word' id='word_1_284' title='bbox 932 4195 1071 4262; x_wconf 85' lang='lat' dir='ltr'>fracture</span> <span class='ocrx_word' id='word_1_285' title='bbox 1097 4193 1275 4261; x_wconf 90' lang='lat' dir='ltr'>solidantur</span> <span class='ocrx_word' id='word_1_286' title='bbox 1367 4197 1371 4205; x_wconf 87' lang='lat'><em>&#39;</em></span> 
     </span>
     <span class='ocr_line' id='line_1_35' title="bbox 101 4309 1273 4398; baseline -0.002 -20"><span class='ocrx_word' id='word_1_287' title='bbox 101 4315 150 4394; x_wconf 86' lang='lat' dir='ltr'>ot,</span> <span class='ocrx_word' id='word_1_288' title='bbox 178 4312 206 4378; x_wconf 89' lang='lat' dir='ltr'>si</span> <span class='ocrx_word' id='word_1_289' title='bbox 230 4331 290 4397; x_wconf 89' lang='lat' dir='ltr'>que</span> <span class='ocrx_word' id='word_1_290' title='bbox 312 4310 471 4378; x_wconf 70' lang='lat' dir='ltr'>&lt;lemmate</span> <span class='ocrx_word' id='word_1_291' title='bbox 492 4311 633 4396; x_wconf 84' lang='lat' dir='ltr'>fueraut,</span> <span class='ocrx_word' id='word_1_292' title='bbox 660 4318 858 4398; x_wconf 88' lang='lat' dir='ltr'>reparantur.</span> <span class='ocrx_word' id='word_1_293' title='bbox 906 4312 1017 4379; x_wconf 88' lang='lat' dir='ltr'>Omnis</span> <span class='ocrx_word' id='word_1_294' title='bbox 1040 4331 1115 4395; x_wconf 89' lang='lat' dir='ltr'>ergo</span> <span class='ocrx_word' id='word_1_295' title='bbox 1137 4309 1273 4396; x_wconf 89' lang='lat' dir='ltr'>populus</span> 
     </span>
    </p>
   </div>
   <div class='ocr_carea' id='block_1_3' title="bbox 175 4453 519 4514">
    <p class='ocr_par' dir='ltr' id='par_1_3' title="bbox 175 4453 519 4514">
     <span class='ocr_line' id='line_1_36' title="bbox 175 4453 519 4514; baseline 0.009 -17"><span class='ocrx_word' id='word_1_296' title='bbox 175 4467 195 4497; x_wconf 74' lang='grc' dir='ltr'><strong>ι</strong></span> <span class='ocrx_word' id='word_1_297' title='bbox 219 4453 309 4508; x_wconf 79' lang='lat' dir='ltr'>om.N,=</span> <span class='ocrx_word' id='word_1_298' title='bbox 327 4453 406 4514; x_wconf 80' lang='lat' dir='ltr'>recepi</span> <span class='ocrx_word' id='word_1_299' title='bbox 421 4467 449 4500; x_wconf 76' lang='lat' dir='ltr'>aa</span> <span class='ocrx_word' id='word_1_300' title='bbox 466 4453 519 4500; x_wconf 71' lang='lat' dir='ltr'>aa.</span> 
     </span>
    </p>
   </div>
   <div class='ocr_carea' id='block_1_4' title="bbox 0 0 1576 4850">
    <p class='ocr_par' dir='ltr' id='par_1_4' title="bbox 0 0 1576 4850">
     <span class='ocr_line' id='line_1_37' title="bbox 0 0 1576 4850; baseline 0 0"><span class='ocrx_word' id='word_1_301' title='bbox 0 0 1576 4850; x_wconf 95' lang='lat' dir='ltr'> </span> 
     </span>
    </p>
   </div>
  </div>
 </body>
</html>
