3142 4850
461 313 626 362 unanmcu
649 313 776 364 connx.
814 311 867 364 uec
1186 297 1252 364 345

89 473 251 556 Augustini
272 491 364 540 nemo
387 492 451 540 non
473 473 561 560 prius
584 474 619 540 in
642 494 676 542 aa
699 493 795 559 quam
816 474 850 542 in
873 473 1009 542 alterum
1031 479 1155 561 peccat,
1182 476 1251 544 iure
1269 490 1420 546 scal-1085

90 593 117 655 st
144 590 214 674 ipsa
248 589 283 654 in
316 588 439 656 foueam
474 589 588 656 cecidit
621 594 654 656 et
683 590 838 675 iniquitas
869 610 928 658 sua
958 591 1084 658 demum
1115 592 1150 658 in
1177 611 1252 658 con·
1557 580 1560 586 ’

89 703 323 772 summationem
335 704 569 790 dampnationis
580 725 657 772 suae
668 705 839 774 descendit
865 706 1020 784 Quoniam
1032 708 1122 774 iuxta
1133 707 1252 774 dictum

88 817 274 886 Salomonis:
305 821 371 903 Qui
397 822 543 906 laqueum
566 823 627 890 alii
649 827 756 910 ponit,
785 827 821 888 in
846 823 903 888 illo
929 819 1077 910 pera‘bdb
1108 828 1153 888 et:
1183 823 1251 888 Na-

89 939 267 1021 puuhaumwm
289 937 455 1002 corallium
474 938 630 1022 sumenti,
658 961 752 1026 uapor
775 943 882 1027 ipomrs
903 939 1090 1020 devolvetur,
1119 952 1147 1005 et
1169 941 1252 1005 ands

86 1052 133 1118 illi
151 1055 266 1133 amur,
290 1076 354 1118 coo
378 1048 579 1138 apaoucet¹“.

170 1165 331 1253 „Nequius
355 1171 459 1234 summ
484 1167 651 1234 consilium
673 1188 766 1236 nemo
789 1171 907 1255 poterit
928 1169 1050 1254 iacere,
1076 1188 1171 1254 quam
1193 1169 1252 1262 sub
1387 1243 1392 1251 ,

85 1281 185 1366 specie
208 1282 295 1368 pacis
319 1283 352 1348 in
379 1283 589 1350 sacerdotium
613 1290 645 1350 et
667 1303 799 1368 ragnum
821 1285 996 1352 discordiae
1024 1284 1164 1370 gladium
1189 1285 1251 1351 im·

84 1397 216 1462 mittere.
255 1395 305 1464 Ex
329 1397 388 1464 huc
412 1399 496 1466 enim
524 1399 653 1484 piatatis
678 1399 800 1467 uiscera
825 1400 1020 1482 lacerantum
1049 1399 1191 1469 caritatis
1220 1404 1253 1466 et

85 1513 242 1580 amiciciae
258 1513 347 1598 uigor
370 1519 402 1580 at
421 1515 599 1582 constantis
614 1515 804 1602 dissipatum
826 1515 901 1582 fidei
916 1516 1040 1584 uinculo
1056 1515 1161 1583 debito
1183 1515 1252 1582 inre

83 1629 203 1696 astricti
224 1629 258 1694 in
279 1630 443 1698 interitum
466 1631 590 1700 animae
617 1637 820 1720 separantur3
849 1631 1088 1699 christianitatis
1110 1651 1175 1718 pax
1197 1651 1252 1696 ex-

83 1742 234 1827 cluditur;
263 1745 413 1812 scismata
442 1747 637 1831 excitantur,
668 1745 842 1815 sediciones
870 1752 1050 1830 mouentur,
1079 1746 1253 1812 certamina

81 1861 191 1928 mortis
215 1861 422 1943 inducuntur3
446 1863 517 1930 iura
538 1861 624 1947 leges
644 1868 677 1931 et
692 1862 905 1933 ecclesiastica
919 1863 1041 1931 sanctio
1062 1882 1161 1948 nsque
1176 1881 1251 1948 qua·

80 1995 137 2060 que
164 1976 376 2058 subvertitur3
405 1979 585 2064 raptoribus
609 1984 641 2046 ct
668 1979 880 2065 praedonibus
903 1983 936 2048 et
962 1978 1154 2066 quibuslibet
1180 1998 1252 2066 per·

80 2091 247 2158 ditissimis
275 2093 455 2162 hominibus
478 2095 600 2162 occasio
624 2094 706 2162 male
729 2095 843 2178 mendi
865 2093 1030 2176 tribuitur3
1059 2100 1092 2164 et
1114 2095 1252 2179 demum,

79 2207 125 2274 his
147 2208 274 2276 dnobus
297 2209 447 2278 ecclesiae
462 2211 618 2298 capitibus
633 2210 897 2296 discordantibus,
921 2211 1028 2278 omnia
1041 2212 1109 2278 siue
1129 2212 1253 2278 animae

79 2325 144 2390 siue
174 2326 302 2411 corpori
336 2327 502 2412 profutura
531 2327 699 2394 turbantur
728 2332 761 2394 et
789 2327 830 2393 ad
857 2327 1021 2395 interitum
1049 2327 1252 2394 inclinantur.

78 2440 280 2529 Quapropter
295 2462 388 2528 quam
405 2443 459 2509 diu
477 2441 610 2527 languor
625 2462 689 2511 non
704 2442 801 2509 fuerit
815 2449 943 2511 curatus
964 2444 999 2510 in
1014 2445 1128 2531 capite,
1150 2448 1252 2519 totum

75 2574 191 2645 corpus
215 2578 280 2625 non
303 2558 426 2626 desinet
448 2559 576 2627 morbus
599 2555 765 2643 latigare“.

163 2674 247 2741 item
271 2674 309 2741 de
332 2674 536 2743 iuramentis:

164 2840 182 2875 „
195 2791 317 2857 iurauit
346 2791 430 2857 enim
460 2790 629 2857 Sadechias
660 2808 716 2877 par
744 2788 848 2857 Deum
876 2790 1141 2875 omnipotentem,
1168 2791 1253 2876 qnod

75 2904 262 2975 observaret
284 2906 468 2975 fidelitatem
484 2906 773 2975 Nabuchodonosor
796 2907 865 2989 regi
886 2912 919 2973 et
933 2906 1069 2975 solueret
1090 2906 1139 2973 illi
1154 2906 1254 2974 tribu·

74 3025 151 3107 hm,
177 3023 257 3109 qnia
279 3024 487 3091 constituerat
509 3044 579 3091 eum
603 3019 737 3107 regem⁸.
774 3021 838 3089 Sed
860 3024 935 3107 qnia
949 3022 1026 3089 haec
1043 3023 1151 3091 omnia
1164 3043 1253 3092 men-

73 3137 149 3205 titus
174 3143 229 3205 est
253 3144 285 3205 et
306 3140 518 3207 iuramentum
541 3139 679 3205 nominis
702 3138 834 3205 Domini
854 3159 918 3205 non
941 3140 1094 3223 seruauit,
1117 3140 1254 3207 traditus

73 3260 121 3319 est
142 3260 213 3321 mm
239 3255 310 3341 ipsc
333 3274 427 3341 quam
457 3256 618 3343 principes
641 3254 719 3321 eius.
760 3254 842 3321 Num
868 3255 981 3323 dactus
1011 3260 1077 3325 est·
1104 3256 1138 3323 in
1159 3254 1254 3324 Babi-

71 3368 178 3437 lenem
196 3390 291 3439 cecus
307 3372 341 3437 in
356 3390 484 3438 caueam
507 3370 614 3455 ibique
630 3374 774 3437 mortuus
791 3366 866 3454 esc,
889 3390 926 3437 eo
942 3371 1026 3457 quod
1042 3371 1255 3437 iuramentum

71 3483 205 3553 Domini
231 3487 396 3572 spreverit.
433 3487 513 3566 Quia
528 3486 628 3555 multo
643 3484 766 3553 fidelior
785 3486 933 3554 inuentus
950 3491 998 3554 est
1012 3486 1076 3573 ills,
1100 3487 1154 3572 qui
1169 3487 1255 3555 iura·

72 3608 219 3670 mentum
245 3602 375 3669 Domini
398 3602 548 3686 credidit,
574 3602 649 3669 licet
671 3622 690 3669 a
713 3601 780 3671 Deo
805 3601 925 3669 alienus
949 3608 1049 3689 esset,
1073 3604 1253 3691 quamius,

71 3720 124 3804 qui
149 3740 211 3807 per
240 3718 410 3788 iuramenti
432 3718 533 3807 ipsius
565 3719 760 3787 occasionem
782 3718 886 3787 locum
915 3719 1077 3788 adinvenit
1099 3724 1132 3787 et
1153 3721 1253 3787 amico

72 3853 138 3919 suo,
164 3836 225 3923 qni
250 3834 279 3901 ei
302 3854 434 3919 regnum
458 3835 598 3921 dederat,
621 3834 751 3901 molitus
774 3841 824 3903 eat
844 3832 1009 3902 insidias“.

143 4002 330 4051 asatoraV.

144 4112 170 4163 1.
193 4108 282 4163 Eccli.
296 4108 339 4177 27,
358 4108 401 4163 29.
564 4108 590 4163 2.
615 4108 698 4163 Eccli.
711 4108 755 4178 27,
774 4109 818 4163 30.
979 4110 1005 4164 3.
1027 4108 1046 4163 4
1063 4109 1131 4178 Bag.
1144 4108 1192 4178 24,
1212 4109 1254 4163 17.

72 4195 97 4249 4.
115 4196 219 4253 leram.
235 4196 280 4251 52.

563 4336 774 4345 ——q——n-
