3142 4850
448 355 614 408 nummos
637 357 764 408 conrx.
800 355 942 408 art-auo
1214 341 1278 406 461

267 517 302 583 Si
324 517 485 602 speoiosus
508 517 582 602 eris,
606 515 682 603 qnid
706 515 746 584 ad
768 517 838 600 hou,
860 522 897 582 ut
918 515 1137 583 instituerim?

265 631 398 700 Divitiis
420 631 535 718 polles3
559 632 617 698 hos
640 627 757 700 elamat
777 630 905 698 litteral
927 630 1067 715 molles·,

266 748 345 815 Cum
369 749 431 815 sibi
453 765 529 814 oure
551 749 632 815 eutis
655 749 801 816 videatur
822 765 948 814 summa
969 747 1093 814 salutis.

265 862 361 948 Ergo,
386 864 527 949 quisquis
551 865 613 931 eris
637 883 772 951 querens
796 868 833 929 ut
853 861 1045 946 iustificeris,

222 998 252 1043 ro
267 978 314 1046 Ne
338 983 410 1065 post
433 979 490 1046 heo
513 979 629 1067 plores,
653 984 860 1065 contempnas
882 978 970 1044 orbis
992 977 1138 1046 honores.

113 1160 197 1234 278.
218 1164 294 1232 ‘Ad
325 1167 496 1232 amiram.
1161 1162 1201 1245 (E
1217 1162 1281 1246 19)

265 1297 348 1365 Lilia
371 1317 429 1366 oeu
451 1297 554 1382 dores,
579 1299 624 1364 sio
645 1298 747 1366 vineis
770 1297 873 1364 amieo
894 1317 1035 1381 sororem

266 1411 369 1498 thue
392 1415 497 1482 nitens
521 1433 632 1482 aurum
656 1413 871 1500 supereminet
892 1432 986 1480 omne
1008 1412 1170 1480 metallum

266 1527 309 1596 Et
330 1531 419 1616 qnasi
444 1529 491 1596 sol
514 1528 634 1612 stellas,
657 1529 704 1596 sio
726 1527 838 1611 vineis,
862 1529 974 1614 amieo,
997 1529 1130 1617 puellas.

586 1685 801 1710 m

108 1807 195 1880 279.
218 1811 386 1900 Cotolopm
408 1813 591 1900 peroptatam
615 1815 833 1880 Ronmanorum
853 1813 992 1878 veredus
1014 1808 1197 1878 inelueae·¹.

1136 1927 1176 2007 (E
1192 1926 1206 1994 l
1223 1929 1279 2010 23)

267 2041 302 2109 Si
326 2043 372 2110 vis
396 2041 559 2130 pontifices
582 2043 742 2110 Romanae
766 2062 895 2110 noscere
918 2043 1013 2126 sedis,

266 2159 466 2226 Carminibus
488 2157 606 2226 unsuis
628 2157 787 2246 perlectis,
811 2159 892 2226 seire
915 2157 1045 2225 valebis.

267 2273 374 2340 Primo
397 2280 532 2361 papatus
554 2273 667 2341 Petrus
691 2280 740 2341 est
762 2275 797 2340 in
819 2273 893 2341 sede
915 2274 1046 2341 loeutus.

220 2456 223 2463 ,
267 2388 326 2468 Qui
349 2390 567 2475 consederunt,
590 2387 689 2457 Linus
713 2389 881 2477 Cletusque
904 2391 1045 2473 fuerunt3

237 2504 326 2572 uHis
349 2504 494 2573 Clemens
516 2506 652 2592 innotus,
676 2506 773 2573 simili
795 2506 857 2572 fuit
879 2506 989 2573 ordine
1010 2507 1146 2572 dinetus.

266 2620 418 2708 Disputat
439 2622 512 2689 hine
530 2623 681 2689 muudus:
706 2623 748 2689 sit
771 2627 903 2709 quartus
925 2622 1005 2708 quis,
1030 2641 1068 2687 va
1091 2620 1256 2688 secundus.

266 2736 349 2803 Hine
369 2737 542 2805 Aneoletns
565 2740 725 2824 praesedit
748 2744 780 2804 et
802 2738 875 2805 hino
896 2737 1088 2821 Evaristus‘‚

267 2852 367 2920 ΗίιιοΙ
389 2853 584 2936 Alexander3
609 2855 761 2921 suecessit
783 2854 816 2919 in
839 2853 950 2920 ordine
971 2852 1097 2919 llixtus.

267 2968 333 3035 Hos
355 2968 446 3036 iuxta
467 2970 588 3057 positus
612 2969 821 3056 Telesphorus
845 2974 894 3035 est
916 2973 949 3036 et
970 2968 1087 3053 lginus.

223 3102 253 3149 ro
269 3084 407 3151 Additur
428 3085 576 3151 Anieitns
600 3106 656 3151 seu
678 3084 805 3171 praesul
827 3085 955 3151 nomine
976 3082 1064 3168 Pius,

268 3198 360 3267 Soter
383 3206 415 3267 et
436 3200 603 3283 Eleuther3
627 3201 739 3285 quibus
764 3205 813 3267 ast
828 3200 936 3267 Victor
959 3198 1101 3286 quoque*
1123 3197 1252 3265 mixtus.

268 3314 351 3393 Quos
373 3314 568 3401 Zepheriuus
591 3316 733 3402 sequitur
755 3323 940 3404 martyrque
962 3315 1118 3382 Kolixtus.

267 3428 425 3514 Urbanus,
448 3428 565 3499 Christi
589 3432 700 3499 turbae
724 3431 885 3518 praelatus
908 3432 940 3498 iu
963 3430 1052 3515 urbe,

266 3544 344 3613 Post
365 3546 421 3613 hos
445 3552 580 3633 papatus
604 3548 756 3615 suecessit
777 3548 810 3614 ln
834 3566 906 3615 aree
927 3547 1058 3613 locotus.

223 3660 354 3728 rullius
376 3660 559 3747 Pontianus,
582 3662 656 3730 hino
678 3664 849 3746 Autheros,
872 3662 946 3729 hine
966 3662 1138 3747 Fabianus,
1247 3722 1251 3727 .

173 3852 196 3885 a.
220 3836 369 3885 iustilerlsV.
439 3838 461 3884 b.
486 3838 553 3887 litera
563 3839 589 3887 Ζ.
660 3854 679 3887 u.
703 3841 776 3889 nolles
788 3840 814 3887 Ζ.
885 3841 908 3887 d.
932 3839 1030 3897 saw,
1047 3840 1070 3885 Z
1080 3840 1135 3899 rad.
1207 3852 1227 3884 o.
1251 3852 1280 3884 aa

110 3917 270 3974 Vde-dm·
290 3917 316 3963 ln
336 3932 380 3977 qao
400 3916 470 3964 unico
491 3916 569 3965 codice
587 3918 625 3967 diu
640 3934 762 3981 paporum
778 3919 900 3981 cumloprrs
914 3919 981 3965 {aaut
1074 3916 1089 3963 t
1115 3916 1240 3963 Evaristlus
1257 3917 1280 3964 V.

105 4003 374 4067 astamus),
469 3988 571 4067 atu.

176 4102 203 4157 1.
224 4100 387 4171 catalogum
404 4098 478 4154 huno
496 4098 547 4155 sub
565 4101 690 4171 Eugenio
704 4102 743 4157 lll
761 4117 834 4171 papa
850 4102 868 4155 ἰ.
881 4114 906 4155 e
919 4098 1009 4169 spatio
1028 4112 1161 4154 annorum
1175 4098 1279 4155 1145-

107 4190 176 4244 1153
194 4188 367 4244 elaboratum
384 4202 461 4257 esse,
483 4186 654 4245 demonstrat
670 4203 769 4245 versus
786 4205 803 4244 a
820 4187 875 4244 fine
892 4194 1019 4258 quartus:
1040 4186 1171 4257 „Teretes
1188 4188 1280 4256 Euge-

106 4277 180 4348 ulns,
205 4277 253 4346 qul
272 4292 343 4333 uuna
361 4276 501 4347 praelatus
518 4276 660 4333 habetur“.
693 4278 791 4347 ltaque
809 4292 871 4332 enm
890 4276 1034 4331 videamus
1051 4290 1160 4331 omnem
1179 4276 1280 4331 catulo

106 4380 181 4436 gum,
198 4366 230 4421 in
241 4364 364 4421 Adriane
374 4365 415 4421 lv
426 4364 509 4431 (1154
516 4366 632 4433 4159)
649 4364 830 4435 desinentem,
847 4365 903 4420 lmo
915 4370 1003 4420 totum
1016 4363 1171 4419 oodloemV
1183 4362 1280 4419 eadem

107 4468 190 4511 mauu
210 4454 382 4511 eontinentur
399 4458 541 4509 muman
559 4468 629 4523 esse,
647 4454 734 4524 ipsius
752 4453 856 4510 audium
874 4458 951 4509 aetas
969 4452 998 4508 in
1014 4456 1145 4522 promptu
1162 4456 1215 4507 est
