3142 4850
274 307 277 314 ’
393 332 517 381 nsours
539 333 618 381 vina
641 331 799 382 ornorsrs.
835 334 902 381 ue.
917 334 944 380 11
966 331 1021 383 aa
1229 317 1290 382 621

120 511 196 556 num
227 496 389 577 paratum,
417 491 522 557 verbis
551 493 701 558 suasoriis
729 497 892 577 nmquam
923 492 1026 558 oleum
1053 492 1120 576 igni
1143 493 1293 577 adiciens,
1312 507 1383 562 1122

120 607 182 672 ait:
206 608 277 693 Epo
301 610 437 693 quidem,
460 621 553 694 pater
575 610 766 689 honorande,
791 630 909 674 mmnor
929 609 1018 674 verli
1038 609 1175 675 Domini
1195 612 1292 676 disai-

113 723 212 808 puloe
236 724 280 788 ad
301 725 548 809 predicationem
570 727 734 790 mitterstr's:
760 724 890 802 ,Nolits
911 737 1040 810 portare
1055 725 1215 790 saemslum
1236 748 1292 790 ne·

119 847 196 923 que·
223 859 335 923 peram
364 861 463 924 neque
493 839 718 904 euleiamenta“
729 835 746 918 ¹,
780 853 869 905 tanta
896 843 1094 925 paupertatis
1121 840 1293 906 abiectione

118 973 199 1038 epus
215 954 374 1040 suanpelii
393 977 653 1039 oppressuram,
678 967 712 1020 ut
733 977 791 1018 nea
813 955 1024 1020 calciamentu
1046 959 1095 1021 uti
1114 956 1289 1021 estensem.

118 1067 187 1134 Sed
198 1091 275 1154 pens
290 1069 359 1149 illa,
384 1072 481 1134 nimie
492 1071 598 1134 dedita
613 1072 794 1156 insipientie
807 1072 1010 1155 veritatisque
1019 1073 1147 1156 penitus
1163 1074 1289 1156 ipsura,

116 1205 246 1248 emmens
269 1187 428 1250 tenuitatis
449 1205 515 1249 mee
543 1199 571 1250 et
592 1185 716 1250 lalitus
739 1187 981 1270 despectionem,
1011 1207 1076 1251 non
1100 1208 1162 1272 pro
1185 1208 1293 1251 amors

117 1297 237 1364 Claristi
256 1302 312 1364 sed
337 1323 398 1386 pro
420 1301 490 1366 sola
512 1303 620 1386 inopie
640 1303 821 1366 necessitate
846 1298 913 1365 meb
936 1301 993 1367 illo
1016 1305 1169 1386 miprasse
1192 1303 1291 1366 eredi-

116 1416 182 1491 dit‚·
205 1417 336 1502 ideoque
357 1416 486 1480 omium
507 1417 619 1481 solutis
643 1437 681 1480 aa
697 1437 750 1480 ore
771 1437 839 1481 meo
855 1418 968 1481 audire
989 1429 1216 1502 contempnens,
1240 1439 1290 1481 re-

113 1531 209 1616 pulit.
247 1530 335 1596 Unde
349 1553 470 1596 neeesse
486 1544 539 1611 est,
563 1545 608 1611 ut,
633 1533 664 1595 si
678 1544 722 1611 tu,
742 1545 838 1617 pater
853 1533 998 1612 amande,
1023 1533 1143 1596 luorum
1159 1533 1292 1618 aliquod

114 1648 153 1710 in
168 1645 266 1710 densim
282 1647 491 1711 barbarorum
512 1647 689 1732 pastoribus
712 1669 807 1731 apere
822 1647 969 1726 volueris,
994 1661 1155 1734 assumpta
1179 1668 1289 1734 eoepe-

112 1773 259 1826 ratorum
283 1774 312 1826 et
334 1761 566 1846 obsequentium
588 1763 690 1826 nobili
708 1762 897 1846 frequentia
923 1765 979 1826 sed
1005 1775 1034 1827 et
1055 1765 1155 1827 niem
1177 1785 1217 1827 ac
1237 1783 1288 1828 vs·

112 1877 207 1942 stitus
231 1880 357 1962 copioso
380 1890 551 1963 apparatu,
576 1877 652 1941 illua
675 1879 793 1942 tendas.
828 1878 873 1943 Et
893 1880 951 1962 qui
972 1878 1157 1943 lurnilitatir
1179 1880 1290 1963 iupum

113 1993 266 2076 firmenta
290 1994 406 2057 aeneiae
428 2003 626 2078 spreverunt,
657 1993 847 2057 diviciarum
871 1992 1010 2077 plor-iam
1035 1995 1176 2073 reveriti,
1207 1994 1288 2058 eolla

112 2109 302 2172 sulmittent.
343 2106 522 2172 Cavendum
546 2119 590 2170 est
612 2109 721 2185 etiam,
750 2129 791 2171 ns
812 2110 983 2193 quisquam
1005 2109 1044 2172 de
1066 2110 1156 2172 bones
1182 2130 1288 2173 eornm

111 2234 258 2308 appetas.
294 2221 370 2302 Sed,
394 2225 424 2286 si
446 2209 584 2288 oblitum
607 2224 686 2306 quid
698 2222 805 2305 J'uerit
826 2223 866 2286 ab
890 2225 944 2302 ess,
967 2226 1093 2288 maiora
1115 2245 1212 2309 quom
1233 2247 1287 2289 aa·

94 2340 234 2422 asperis
255 2340 419 2413 restituam
442 2351 476 2402 ut
494 2359 556 2425 per
570 2335 628 2401 doe
650 2337 837 2421 intellipant,
862 2350 891 2402 ts
904 2359 969 2402 non
984 2341 1087 2424 turpis
1108 2339 1191 2404 lueri
1209 2361 1287 2425 pra-

110 2456 162 2519 tia
183 2456 239 2517 sed
260 2454 327 2519 solo
343 2454 409 2519 Dei
430 2476 536 2519 amore
552 2474 631 2539 opus
647 2454 805 2538 euanpelii
818 2454 945 2518 subisse.
981 2453 1167 2539 Confortare
1188 2459 1288 2541 ipitur·

111 2582 144 2634 et
167 2582 229 2633 esto
252 2570 413 2645 robustum
437 2582 471 2634 tu
494 2572 576 2633 euim
596 2570 768 2632 maaimam
789 2569 905 2654 populi
924 2570 1155 2634 multitudinem
1176 2574 1211 2635 in
1233 2593 1284 2635 ae·

108 2706 185 2747 ram
206 2686 461 2770 repromissionis
484 2697 600 2749 terram
623 2679 828 2749 introduces¹.
863 2683 932 2749 Nea
953 2698 982 2750 te
1004 2686 1096 2750 lalor·
1114 2688 1234 2751 arduus
1258 2699 1287 2751 et

107 2798 260 2865 insolitus
283 2801 452 2875 deterream
477 2801 564 2885 quia,
589 2810 706 2885 quanto
728 2822 840 2885 pupna
861 2801 1034 2884 diffieilior,
1059 2814 1146 2866 tanto
1168 2824 1286 2866 corona

108 2917 174 2981 erit
193 2914 374 2999 plerissior.
409 2911 467 2977 His
490 2912 574 2979 besti
591 2914 651 2981 viri
674 2914 813 2997 monitis,
836 2915 1050 2980 siantferrnm
1071 2913 1285 2981 inflammatur

108 3028 154 3095 ab
176 3029 260 3111 igne,
283 3028 330 3093 ita
352 3048 405 3095 sor
423 3028 469 3113 pii
486 3028 611 3095 Ottonis
634 3048 818 3095 succensum
842 3035 901 3112 sst,
925 3035 961 3095 nt
981 3029 1079 3095 niehil
1102 3031 1206 3096 sarius
1229 3030 1284 3096 hu-

106 3144 211 3227 beret,
236 3164 329 3229 qaum
353 3150 454 3210 artam
477 3144 739 3229 peregrinationis
762 3144 854 3209 huius
877 3164 936 3229 pro
952 3144 1077 3211 Christo
1099 3145 1206 3211 subire
1228 3166 1284 3212 an·

105 3258 244 3343 gariam.
340 3258 542 3325 Bernhardus
571 3263 691 3341 summ,
721 3279 740 3324 a
765 3259 916 3326 fratribus
943 3260 1010 3324 suis
1037 3259 1199 3328 heremitis
1227 3282 1284 3348 per

105 3372 213 3439 mults
241 3378 398 3439 terrarum
429 3374 535 3459 spaoia
563 3376 733 3461 requisitus
762 3379 794 3440 et
816 3374 870 3438 six
893 3372 1020 3439 andem
1049 3375 1133 3461 apud
1155 3366 1212 3443 nos
1235 3380 1283 3443 in-

104 3494 234 3573 ventas,
258 3508 328 3555 oum
352 3489 467 3572 gando
490 3496 522 3555 et
544 3490 752 3557 admiratione
768 3509 883 3573 magna
906 3488 946 3555 ab
961 3490 1007 3555 eis
1023 3490 1057 3555 in
1071 3490 1174 3557 loanm
1191 3513 1282 3559 sunm

104 3604 259 3671 reduetus
289 3610 344 3670 est.
442 3605 510 3671 Hae
536 3605 635 3689 igitur
664 3606 827 3673 ssessione
860 3606 931 3690 pins
959 3604 1035 3671 Otto
1063 3606 1282 3675 Pomeraniam

105 3719 351 3803 euangelizsndi
373 3720 476 3803 grstia
499 3720 586 3787 adiit
623 3720 685 3787 Sed
709 3740 770 3805 quo
794 3720 903 3786 ordine
923 3720 973 3787 vel
996 3740 1090 3805 quem
1111 3721 1178 3787 illie
1198 3723 1282 3789 froo-

103 3841 177 3902 tum
200 3835 320 3918 feeerit,
344 3841 571 3919 consequenter
592 3835 660 3900 Deo
682 3836 810 3901 favente
832 3834 1068 3920 expiiaabimns.

199 3951 230 4015 3.
267 3948 376 4016 Soiens
392 3970 476 4034 ergo,
501 3951 617 4033 omnia,
642 3969 702 4034 que
723 3950 757 4014 in
772 3951 865 4016 domo
881 3957 964 4034 sunt,
988 3952 1057 4017 sine
1072 3951 1281 4038 disposieione

104 4064 224 4131 summi
247 4065 348 4149 patris
369 4063 507 4131 familias
529 4064 625 4130 niahil
648 4084 727 4148 esse,
755 4084 835 4151 opus
858 4071 922 4132 tam
946 4063 1079 4131 aduam
1102 4066 1280 4133 nullatenus

181 4253 202 4286 ι.
226 4242 294 4300 utque
314 4240 337 4288 0.
497 4240 520 4287 b.
543 4240 675 4287 necessitati
692 4254 740 4286 mse
759 4240 782 4287 C.

180 4336 205 4389 1.
224 4336 290 4390 Lne.
305 4336 348 4406 10,
366 4335 392 4390 4.
498 4336 524 4389 2.
548 4334 630 4389 Dant.
644 4336 687 4405 31,
701 4336 731 4389 ἵε
752 4330 936 4406 ,confortare
956 4340 985 4390 et
1002 4341 1063 4392 esto
1081 4336 1224 4409 robustum
1248 4341 1280 4395 tn

102 4421 180 4478 enim
198 4422 356 4507 introduces
374 4422 504 4492 populum
522 4422 605 4478 istam
625 4424 652 4477 ln
671 4422 788 4478 ιιιιιιιιιιι
807 4429 862 4479 eet.
