3142 4850
489 283 656 332 unanmcr
678 283 806 334 conam
841 282 878 334 ea
1205 271 1266 336 167

90 439 239 526 clypeum
269 441 460 508 defensionis
489 443 678 528 praetendit.
720 443 853 530 Insuper
876 444 946 531 ipse
968 444 1115 512 defensor
1141 451 1269 514 nostrae
1287 463 1392 517 1091-

31 574 36 584 “
91 556 244 624 ecclesiae
272 562 305 622 et
331 557 518 641 advocatus,
551 558 623 644 pia·
653 562 775 626 vernae
804 559 1028 626 dominationis
1062 581 1140 628 cura
1174 583 1268 648 quem

90 671 252 760 praevidit
279 672 320 738 sd
340 672 474 740 tutelam
497 674 598 740 nostri
620 674 812 760 respactm',
839 695 903 740 non
926 674 994 741 zelo
1016 675 1176 760 iusticias,
1203 697 1267 744 non

90 805 225 854 censura
248 788 354 871 regiae
377 789 555 854 severitatis
578 793 726 874 terrente,
750 790 954 875 protectionis
971 810 1047 856 suae
1060 790 1190 858 brachia
1212 793 1268 857 ad-

91 923 201 968 versus
225 904 327 970 nostri
350 903 492 989 pericula
514 904 671 986 extendit3
701 904 786 988 sed⁰,
810 904 894 992 quod
915 906 1044 988 gravim
1067 912 1130 994 est,
1153 927 1211 994 per
1234 927 1267 973 se

1297 533 1386 588 1096?

91 1037 227 1102 suosque
257 1017 365 1084 fideles
394 1017 502 1085 hostili
524 1018 729 1085 infestacione
751 1024 863 1086 nostra
884 1020 967 1087 bona
995 1020 1141 1089 devastat
1165 1026 1198 1088 et
1219 1023 1267 1090 in·

90 1133 199 1198 currit
242 1132 305 1200 Sed
332 1155 373 1200 na
400 1133 458 1199 bec
486 1138 595 1200 nostra
623 1134 751 1218 querela
779 1155 977 1222 supervacua
997 1136 1142 1203 videatur
1165 1143 1197 1206 et
1217 1140 1267 1205 in-

90 1247 191 1330 iusta,
221 1249 335 1334 pietati
363 1255 487 1316 restrae
515 1249 702 1316 nominatim
730 1250 944 1336 perstringere
972 1251 1117 1318 volumus
1137 1254 1267 1336 gravim

91 1368 122 1430 et
148 1362 383 1430 intolerabilius
416 1364 509 1430 malis
545 1356 706 1448 dmnibm,
742 1365 825 1450 quod
858 1366 998 1434 ferimus.
1089 1368 1190 1434 Namd
1221 1369 1265 1434 is·

90 1479 366 1564 praenominatus¹
388 1479 428 1545 ad
452 1484 654 1563 augmentum
678 1498 754 1546 suae
776 1480 1012 1567 dampnationis
1038 1484 1265 1552 monasterinm

89 1599 257 1660 nostrum⁸
279 1593 385 1660 hostili
408 1615 505 1661 manu
521 1595 690 1680 quaesivit3
714 1594 955 1682 claustralisque
977 1597 1182 1665 habitationis
1197 1597 1265 1665 offi-

91 1709 195 1776 cinas*
219 1709 362 1776 comites*
385 1709 471 1776 illius
490 1709 643 1778 violenter
657 1711 868 1797 irruperunt',
890 1715 1083 1780 monasticae
1103 1714 1265 1798 religionis

91 1825 317 1892 remandantes
341 1824 557 1911 disciplinam
585 1823 754 1912 fidelesque
776 1831 918 1912 nostros,
942 1827 982 1894 ad
1004 1834 1184 1896 sanatorum
1208 1851 1265 1916 pa-

90 1941 226 2006 trocinia
241 1940 467 2026 ocntrgientes,
491 1941 632 2028 captivos
653 1941 867 2025 abduxerunt3
890 1943 1058 2028 omniaque
1072 1944 1199 2013 illorum
1214 1966 1265 2012 ra·

39 2037 45 2047 ⁸
90 2056 183 2140 pinae
211 2061 246 2122 et
268 2055 467 2141 calumpniae
490 2059 668 2142 patuerunt.
710 2057 756 2124 Re
779 2079 854 2126 vera
877 2060 1027 2146 quoniam
1049 2065 1157 2128 tantm
1181 2061 1265 2130 cala·

91 2171 210 2238 mitatis
246 2175 374 2237 nostrae
403 2171 549 2238 molestia
583 2173 734 2240 manime¹
762 2180 837 2261 post
865 2173 968 2242 Deum
1003 2177 1111 2260 regiae
1141 2184 1265 2246 vestrae

93 2285 256 2370 dignitatis
286 2287 416 2374 respicit
439 2288 601 2372 iniuriam,
632 2308 689 2354 nos
718 2289 758 2356 ad
782 2289 932 2356 nichilum
956 2290 1099 2358 ducimur
1122 2311 1180 2360 nec
1201 2313 1265 2361 non

92 2401 216 2470 divinae
245 2403 408 2469 servitutis
434 2401 539 2488 locus,
568 2403 653 2470 nisi*
683 2405 769 2472 ocius
797 2404 888 2473 nobis
916 2407 1114 2475 serenitatisn
1140 2412 1265 2477 vestrae

93 2524 256 2585 succurret
283 2524 487 2605 prospectum
517 2520 665 2605 quoniam
694 2520 813 2607 absque
846 2523 969 2608 potenti
1000 2528 1124 2592 vestrae
1157 2525 1264 2613 prori-

93 2632 216 2700 dentiae
238 2633 451 2719 gubernaculo
474 2654 673 2721 nequaquam
696 2637 897 2723 emergimus,
920 2658 1020 2725 usque
1042 2660 1167 2727 quaque
1188 2638 1264 2707 duc·

93 2752 233 2817 tuuntae⁰
256 2750 455 2837 tempestatis
477 2750 643 2836 profundo.

180 2864 380 2953 Quapropter
402 2865 624 2953 triumphalem
647 2867 744 2934 vestri
767 2868 888 2935 reditus
911 2888 1090 2936 successum
1112 2889 1170 2957 per
1190 2889 1264 2937 con·

93 2979 215 3047 dunum
230 2984 358 3047 nostrae
373 2980 546 3049 devotionis
562 2988 748 3068 exoptamus
764 2984 946 3069 suspirium.
977 2984 1020 3051 Et
1031 2990 1147 3071 quanta
1158 2985 1264 3053 minus
1345 3009 1348 3015 ’

93 3095 211 3161 carnali
232 3095 388 3162 famulatu
409 3095 527 3163 laboris
548 3099 647 3164 vestri
670 3098 827 3165 sarcinam
851 3099 1068 3186 sublevamus,
1097 3105 1187 3167 tanto
1209 3101 1264 3167 de·

93 3211 195 3277 rodus
216 3212 370 3298 spiritalis
393 3211 529 3279 miliciae
556 3232 660 3298 arma,
689 3214 723 3280 in
753 3218 906 3299 quantum
934 3216 1038 3299 gratia
1059 3214 1167 3283 divina
1189 3236 1263 3283 con-

93 3326 230 3412 cesserit,
254 3327 478 3395 dominationil
501 3334 625 3396 vernae
647 3328 950 3398 subministramus.

165 3586 183 3618 a
206 3574 243 3633 pie
259 3574 286 3622 G.
363 3575 386 3622 b.
409 3578 510 3623 noctram
524 3575 564 3623 ΡΖ
573 3590 621 3637 pro
636 3576 709 3623 nerui
724 3578 850 3635 raapactua.
920 3590 942 3623 a
965 3577 1046 3625 ΜΖ.
1115 3578 1139 3625 d
1162 3592 1205 3625 ora.
1219 3578 1263 3625 ΓΖ.

96 3662 116 3695 a.
139 3650 175 3697 bis
190 3652 216 3698 G.
310 3654 326 3701 l.
349 3657 496 3714 praenotatus
512 3654 538 3701 G.
631 3668 653 3713 g.
677 3670 719 3702 ora.
733 3653 760 3700 0.
842 3654 866 3701 lr.
891 3655 967 3703 oiflela
982 3655 1008 3703 0.
1090 3658 1107 3704 l.
1130 3658 1220 3703 comitis
1236 3657 1262 3704 Ζ.

95 3730 118 3776 k
141 3732 253 3780 irruerunt
267 3733 294 3780 G.
377 3732 393 3780 l.
417 3734 513 3781 maxima
528 3732 555 3781 0.
637 3748 667 3782 m.
691 3736 745 3794 quin
761 3732 788 3779 (l.
867 3748 891 3780 n.
913 3737 1036 3795 potestatis
1051 3735 1078 3783 G.
1160 3751 1183 3784 o.
1206 3738 1262 3785 tlnc·

96 3812 180 3859 mdo
194 3812 221 3861 0.
298 3826 322 3873 p.
346 3812 506 3861 dominationis
522 3812 549 3861 G.
635 3826 657 3874 q.
680 3812 902 3863 subministratum
916 3815 944 3863 G.

570 4104 783 4115 ——n———nnu-—n
