3142 4850
389 341 566 389 aanooam
590 342 770 390 meuooue.
806 344 871 389 um.
888 344 927 390 111
949 342 967 393 o
1199 326 1264 391 793

92 524 197 567 munet
219 524 370 587 separatu
395 528 415 567 a
438 503 575 587 dyabolo
599 516 627 569 et
646 526 706 589 per
726 504 826 587 fidem
848 505 1034 570 catholicam
1056 508 1185 591 inopere
1206 508 1263 570 do·
1292 520 1361 574 1127

92 620 177 683 mina
194 617 267 683 Ieeu
282 616 414 683 Clcm'oto.
452 618 518 685 Sed
541 640 677 705 quoniam
700 621 815 685 modo?
848 620 924 685 Non
938 621 1176 705 fraudulenter,
1200 644 1264 686 non
1281 593 1376 642 ΗΜ

91 734 251 813 uiolenter,
276 756 340 799 nau
364 734 446 799 lucri
467 735 603 800 alicuine
626 739 742 800 inueni
763 738 819 799 ced
840 749 938 801 oeetre
959 749 1080 803 tantum
1101 737 1214 803 calutio
1236 750 1266 802 et

91 849 159 915 Dei
180 850 307 915 bouario
328 853 445 936 pratia.
482 852 525 915 Et
546 875 631 916 nunc
654 853 780 936 quidem
802 852 902 916 niebel
919 855 1000 918 iuctc
1014 856 1228 918 eactmaciom'c
1242 878 1264 918 a

92 966 179 1031 acbie
200 969 339 1031 inveniti
359 970 475 1053 poterit
497 989 592 1053 cuper
614 967 671 1032 boc
694 968 754 1031 tali
774 970 855 1046 niro,
881 970 1047 1052 quominuc
1068 992 1138 1033 cum
1152 970 1265 1035 audire

55 1170 57 1175 Ι
91 1082 237 1147 debeatie.
280 1083 390 1168 Neque
417 1086 499 1147 enim
521 1086 549 1147 io
573 1096 632 1162 eet,
663 1085 716 1147 cui
736 1104 840 1147 aecem
863 1096 919 1147 aut
936 1084 1116 1168 patibulum
1138 1085 1176 1153 ob
1199 1088 1262 1151 cir·

91 1201 315 1263 cumaentianie
331 1199 380 1263 oel
393 1202 564 1285 impactum
580 1199 705 1284 culpam
720 1201 872 1263 intentati
886 1202 1058 1279 conueniat,
1075 1200 1124 1265 uel
1134 1201 1263 1267 altuino

88 1317 213 1398 penam
235 1316 391 1391 incutiam·
414 1316 675 1400 quemadmodum
697 1318 874 1400 perepninio
895 1328 924 1381 ct
935 1316 1132 1401 paupeeibut
1147 1315 1265 1383 Cbnicti

87 1431 342 1515 predicatoribus
373 1431 472 1517 paulo
507 1444 578 1496 ante
602 1430 746 1515 feciotic3
778 1433 948 1516 eutpicati,
983 1432 1057 1497 dolo
1087 1444 1117 1497 et
1139 1433 1264 1518 fraude

90 1558 253 1631 queotueoe
279 1550 386 1632 pratia
415 1548 516 1611 nudos
545 1548 683 1611 bomineo
713 1559 741 1611 et
766 1544 878 1632 inopee
898 1569 1004 1611 rerum
1026 1548 1116 1633 loqui
1135 1549 1264 1615 uerbum

90 1663 165 1727 Dei.
202 1662 268 1728 Sed
289 1664 340 1727 illi
363 1665 499 1749 quidem,
520 1663 629 1749 plopie
653 1676 680 1729 et
702 1663 880 1727 uerberibue
894 1686 955 1748 pro
969 1667 1114 1730 cantate·
1130 1664 1261 1745 ucbacti,

90 1804 111 1845 a
134 1783 244 1845 aeonio
259 1780 380 1862 finibus
404 1776 649 1854 obtetanum&
673 1801 727 1844 ooc
750 1792 854 1843 autem
875 1779 936 1843 buc
957 1802 1056 1865 utque
1077 1784 1113 1845 in
1127 1782 1263 1864 infideli·

89 1908 153 1961 tate
173 1898 363 1982 perotitnotio.
400 1896 525 1960 Pudeat
546 1897 612 1959 iam
630 1907 657 1959 et
671 1897 809 1981 peniteat
822 1917 878 1959 ooo
894 1895 982 1980 lonpi
996 1900 1113 1961 eenore'n
1128 1910 1157 1963 ct
1170 1900 1262 1982 ipno·

88 2015 210 2087 uantie3
233 2025 262 2076 et
284 2015 342 2097 qni
354 2011 500 2077 uetando
516 2012 628 2075 audi-re
642 2012 801 2075 mendicoe
817 2012 1036 2096 enanpelietat,
1059 2015 1168 2078 audite
1182 2036 1262 2099 opu·

90 2128 199 2193 lentot.
227 2129 367 2193 Dinietie
382 2149 518 2213 namque
534 2140 562 2191 et
576 2126 800 2191 subsannando
816 2128 1064 2213 blasphemantia,
1081 2132 1158 2215 quia
1173 2130 1263 2195 Dent

46 2266 48 2271 ·
90 2246 335 2310 obrutianorum
365 2244 507 2309 omnibuo
535 2245 597 2307 diio
620 2243 715 2307 uilior
738 2256 814 2308 eeeet
836 2256 929 2330 atque
951 2244 1101 2328 inferior,
1132 2248 1189 2330 qui
1209 2268 1264 2311 oue

89 2364 233 2427 doctoiae
259 2362 419 2426 ministros
447 2360 559 2426 bobun
587 2380 651 2426 uon
678 2373 781 2446 poeeet
808 2362 874 2426 uici
900 2373 1021 2428 tantum
1043 2362 1182 2428 bominac
1204 2364 1263 2428 im·

86 2481 209 2565 petitae
232 2492 262 2543 ct
284 2480 427 2556 anetem,
451 2478 647 2541 mendicitati
669 2479 858 2561 epectatique
875 2479 1027 2543 addictae.
1061 2479 1106 2544 Et
1120 2499 1174 2543 ace
1190 2481 1263 2564 qui·

88 2596 162 2659 dem
184 2597 218 2658 in
242 2597 370 2659 inocnia
392 2606 495 2659 ocetna
517 2594 571 2656 bec
594 2595 736 2668 dioneia
759 2593 814 2657 ille
835 2615 919 2673 aero,
942 2597 1017 2679 piuo
1040 2608 1070 2660 et
1085 2597 1262 2658 micenicom

88 2723 121 2776 et
152 2711 332 2796 prestabilis
363 2732 457 2796 cuper
486 2709 613 2773 malicia
623 2703 641 2786 ¹,
679 2711 773 2794 quati
800 2730 918 2773 morem
946 2731 1056 2794 percae
1083 2712 1263 2795 ieunpientie

87 2839 205 2906 cestre,
236 2829 274 2891 de
301 2828 462 2913 imperitia
491 2825 540 2889 uel
567 2825 755 2904 modicitate,
787 2825 825 2888 de
854 2827 966 2909 inopia
993 2825 1041 2889 ael
1066 2827 1263 2892 maenium

88 2945 190 3030 lepati
221 2965 341 3009 manem
369 2943 456 3008 vobio
486 2941 671 3006 detrahendi
704 2940 833 3006 abstulit
864 2944 1066 3006 occationem
1113 2941 1264 3027 Superest

86 3061 201 3138 modo,
230 3072 265 3125 ut
287 3081 359 3140 uae,
385 3061 442 3144 qui
463 3059 563 3144 peimi
585 3069 612 3122 et
635 3058 769 3120 maiores
792 3058 929 3122 dicimur
951 3079 989 3122 ac
1010 3079 1134 3138 eumne,
1158 3069 1263 3123 moene

86 3178 243 3262 dipuitcti
264 3175 473 3252 conculamuo,
498 3187 563 3238 tom
587 3175 771 3257 dipnioeime
793 3195 831 3236 ac
852 3176 1047 3240 oaudneime
1069 3176 1118 3239 rei
1131 3195 1261 3239 omnen·

87 3297 215 3368 tientee‚·
239 3305 273 3358 ut
291 3291 443 3377 populun,
469 3291 526 3374 qui
546 3290 637 3354 nobie
657 3289 810 3354 oubiectuo
826 3303 881 3369 eet,
904 3303 1011 3356 nootro
1026 3293 1127 3376 ponit
1142 3291 1264 3354 medici

87 3407 241 3494 enmnplo.
273 3406 438 3492 Quidquid
453 3409 535 3470 enim
550 3405 712 3490 celipionio
727 3405 777 3470 ael
790 3406 958 3471 beneotatio
973 3409 1143 3472 iocundum
1157 3406 1263 3472 Deum

86 3525 139 3590 ael
166 3525 305 3589 bomineo
335 3523 579 3608 apprediendum
602 3533 662 3601 eet,
691 3524 805 3586 luetinc
828 3536 922 3608 atque
942 3524 1099 3588 decentiae
1121 3535 1260 3601 autumo,

87 3655 125 3707 ut
153 3665 175 3705 a
198 3643 300 3726 capite
327 3640 385 3704 boc
412 3641 446 3702 in
474 3637 612 3702 membra
641 3659 737 3722 quam
765 3650 800 3702 nt
828 3662 849 3702 a
870 3638 1017 3704 neembm'o
1043 3639 1200 3704 detinetur
1226 3640 1262 3702 in

87 3769 195 3842 capnt.
231 3756 330 3821 Etim
353 3757 516 3840 puimitiua
535 3754 661 3839 quidem
678 3753 816 3832 acclinia,
840 3757 921 3818 sicut
935 3756 1125 3834 audicimus,
1149 3754 1261 3838 relipio

77 3875 165 3956 fidei
186 3873 354 3936 obuiotiune
376 3895 397 3934 a
418 3870 508 3956 plebe
530 3882 558 3934 et
578 3869 708 3955 plebeiis
729 3872 874 3954 penoom'o
896 3871 1060 3955 iucipiens,
1085 3872 1129 3934 ad
1141 3871 1260 3934 medio·

86 4011 157 4054 creo
180 4009 365 4073 propreeoa,
397 3989 490 4051 ctiam
511 3989 666 4050 mammae
689 3985 782 4049 liniue
804 3986 918 4050 mundi
935 3989 1098 4072 principes
1119 3986 1260 4050 inuoluit.

87 4106 274 4172 Reddamue
298 4106 394 4168 vicem
418 4102 541 4168 ecclecie
568 4103 740 4186 peimitioe,
764 4113 810 4181 ut,
834 4125 855 4164 a
876 4100 967 4166 nobie
985 4101 1187 4186 plincipibuc
1209 4104 1260 4165 in·

85 4223 210 4306 cipieno
234 4233 262 4285 et
285 4219 449 4304 nequead
470 4219 639 4283 mediocreo
661 4238 846 4302 prop-tucca,
867 4215 970 4299 facili
988 4229 1142 4301 proventu
1163 4229 1261 4282 totum

86 4349 118 4403 et
151 4336 306 4421 populum
341 4347 370 4400 et
400 4347 523 4418 pentem
556 4329 761 4416 canctificatio
793 4334 900 4396 divino
927 4331 1090 4416 uelipiomo
1117 4331 1259 4396 illentret.

161 4489 181 4521 a.
204 4477 313 4522 vadente
331 4475 361 4530 Ν,
378 4475 472 4520 veritate
489 4473 518 4520 Β.
613 4474 634 4519 b.
658 4472 805 4519 abcesserunt
821 4473 851 4518 N.
978 4462 1002 4517 l.
1025 4460 1127 4529 10012,
1147 4461 1189 4515 13.
