3142 4850
292 281 358 346 674
543 300 668 348 nnonrs
689 300 770 347 vrrs
793 298 950 348 eunome.
987 299 1108 347 nre.n1
1132 296 1220 348 rulo

202 472 272 526 1121
290 462 388 524 retes.
424 455 608 525 Coaduuato
630 460 738 543 itaque
760 457 893 544 populo,
918 458 990 542 pios
1012 458 1225 543 praedicator,
1249 474 1345 542 super
1368 474 1463 521 uuam

290 590 362 638 cum
393 572 488 638 sociis
515 574 583 639 suis
611 572 784 639 ascendens
812 571 1018 658 piramidem,
1053 591 1111 657 per
1137 573 1343 657 interpretem
1371 590 1462 637 suum

289 686 495 753 Adelbertum
518 688 604 774 oepit
632 688 809 754 errantibus
839 688 922 753 mam
947 686 1089 755 veritatis
1116 688 1239 772 aperire
1263 690 1309 769 et,
1338 686 1401 752 uisi
1423 685 1463 752 ab

290 800 349 867 bec
371 803 596 887 resipiscerent
617 804 789 888 apostasia,
813 808 957 869 eternum
980 800 1165 868 comminari
1188 802 1364 870 interitum.

382 919 433 983 16.
472 917 658 985 Prodicaute
681 923 787 985 autem
812 936 858 1000 eo,
882 937 954 985 ecoe
976 917 1120 1003 pontifex
1142 915 1307 1001 ydolorum
1332 914 1463 982 anhelus

290 1034 446 1116 emunit,
470 1032 632 1118 multoque
655 1033 769 1099 sudore
797 1032 1060 1100 confertissimam
1082 1032 1227 1116 irrepens
1250 1030 1393 1113 turbem,
1416 1031 1466 1117 pi·

289 1147 444 1215 cumidem
467 1150 623 1234 percussit
646 1168 684 1215 ac
706 1168 832 1216 servum
856 1148 915 1214 Dei
944 1147 1159 1213 obmutescere
1187 1146 1294 1229 magui
1315 1146 1465 1213 demonis

289 1262 406 1328 virtute
433 1264 612 1348 imperarit
653 1263 725 1349 lpse
754 1264 838 1330 euim
868 1282 940 1329 oum
969 1263 1035 1329 suis
1057 1262 1158 1347 priori
1183 1268 1275 1327 nocte
1297 1261 1332 1327 iu
1354 1280 1464 1327 necem

289 1378 429 1463 episcopi
451 1398 575 1445 summo
598 1379 755 1445 dominice
769 1378 833 1445 diei
849 1377 1033 1464 crepusculo
1050 1375 1300 1461 conspiraverat3
1324 1376 1381 1442 sed
1398 1376 1465 1443 Deo

289 1493 466 1576 ordinante,
489 1513 622 1578 sompno
638 1512 808 1580 oppressus
825 1494 1023 1575 gravissimo,
1047 1492 1106 1557 hoc
1128 1492 1297 1557 frustratus
1319 1498 1371 1557 est
1392 1510 1466 1577 pro-

289 1609 402 1692 posito.
444 1608 602 1692 Cumque,
632 1609 771 1675 secunda
799 1608 862 1675 diei
890 1607 969 1674 hore
991 1605 1245 1692 expergefactus,
1277 1607 1380 1671 virum
1404 1605 1466 1671 Dei

289 1723 324 1787 iu
350 1728 507 1789 conventu
533 1724 652 1790 forensi
680 1725 746 1789 iam
775 1724 959 1809 praedicare
991 1722 1145 1805 audisset,
1173 1700 1361 1789 furibundus
1390 1721 1467 1787 illuc

290 1838 427 1904 accurrit
454 1858 492 1905 ac
520 1839 681 1905 edendnm
709 1838 835 1905 indixit.
875 1838 938 1905 Sed
967 1836 1103 1903 famulus
1126 1836 1255 1902 Domini
1283 1841 1467 1903 constanter

289 1970 350 2037 que
383 1959 512 2038 ceperat
544 1959 729 2040 prosecutus
764 1959 821 2021 est.
868 1953 924 2019 Ille
959 1956 1080 2035 numm,
1116 1952 1266 2035 gracilem
1297 1950 1466 2018 Adelberti

289 2086 398 2133 vocem
420 2068 603 2154 interpretis
626 2089 685 2135 ιιι
706 2069 846 2136 clamose
868 2074 961 2153 atque
987 2066 1122 2133 altisono
1145 2068 1366 2152 comprimens,
1398 2086 1466 2133 mn-

289 2201 353 2264 gne
384 2183 569 2249 fortitudine
609 2182 752 2251 barbaris
793 2185 944 2269 imperat:
987 2186 1021 2247 ut
1062 2182 1310 2267 praedicatorem
1345 2180 1467 2247 Christi

289 2296 406 2380 bestie,
435 2318 514 2381 quas
543 2300 672 2384 entiqoo
700 2318 789 2365 more
811 2298 966 2377 Quiritum
997 2296 1211 2363 Romanorum
1238 2296 1354 2380 iugiter
1382 2296 1467 2362 fere-

289 2412 383 2496 bant,
409 2414 607 2482 transfodere
629 2435 693 2482 non
716 2418 890 2482 morentur.
929 2412 1004 2495 Qui,
1034 2412 1130 2478 iussis
1154 2414 1222 2480 eius
1245 2410 1465 2496 obaudientes,

289 2545 361 2594 eum
384 2527 512 2595 derbes
534 2529 634 2597 elcius
657 2531 700 2596 ad
722 2530 936 2614 sagittandum
960 2547 1032 2596 eum
1055 2528 1240 2611 elevassent,
1269 2528 1377 2595 divine
1398 2528 1468 2594 uir-

289 2645 366 2708 tutis
395 2645 537 2729 potentia
559 2646 651 2730 quasi
673 2665 751 2712 saxa
773 2644 987 2728 diriguerunt,
1016 2645 1122 2710 itaut
1148 2661 1206 2710 noo
1235 2644 1342 2710 hastas
1366 2643 1468 2728 depo-

289 2758 384 2824 nendi
411 2777 471 2826 uso
498 2778 534 2828 os
564 2760 729 2845 aperiendi
764 2760 899 2828 incultas
929 2765 1025 2842 osset;
1060 2759 1116 2826 sed
1144 2761 1177 2824 iu
1206 2757 1305 2824 ultum
1335 2758 1469 2825 deutrus

289 2872 494 2940 immobiliter
516 2893 685 2960 suspensas
708 2875 867 2942 habebant
889 2881 922 2942 et
944 2875 1034 2960 quasi
1056 2875 1090 2940 iu
1114 2893 1186 2940 nere
1208 2874 1333 2957 ligatae.
1372 2872 1470 2951 Quod

290 3005 421 3054 oeruem
442 2989 599 3056 infaustus
621 2989 675 3056 ille
693 2989 858 3076 ydolorum
882 2989 1039 3072 sacerdos,
1062 2989 1110 3054 ire
1124 2987 1349 3072 inflammatus,
1372 2989 1470 3071 igna-

291 3103 361 3168 viae
383 3123 437 3169 eos
460 3123 608 3171 accusare
633 3106 720 3191 cepit
740 3105 858 3189 unique
882 3125 989 3171 eorum
1013 3104 1137 3170 hastam
1160 3123 1256 3170 manu
1279 3103 1404 3190 eripere
1430 3125 1472 3172 ne

290 3236 415 3284 servum
431 3218 550 3285 Christi
572 3224 703 3286 conatus
726 3224 775 3286 est
797 3218 1002 3286 transfodere.
1041 3217 1107 3286 Nec
1128 3237 1219 3284 mora
1240 3219 1365 3305 etipse
1386 3219 1472 3285 diri·

290 3330 373 3414 guit3
400 3331 582 3418 pudoreque
610 3339 699 3402 aetus
725 3335 760 3400 in
788 3335 895 3418 fugam
924 3335 1126 3400 conuertitur.
1218 3332 1286 3411 Quo
1317 3333 1472 3419 abeunte,

290 3445 363 3532 pios
386 3448 475 3531 Otto,
508 3444 593 3515 iacto
621 3450 723 3516 crucis
750 3449 857 3532 signo,
891 3449 1139 3516 benedictionem
1166 3447 1254 3534 plebi
1281 3448 1472 3534 inprecatus

292 3565 355 3643 est3
377 3563 559 3648 statimque,
583 3564 716 3630 vinculis
738 3563 879 3647 resoluti,
904 3563 1032 3632 dextras
1055 3583 1125 3630 oum
1149 3563 1274 3647 sagittis
1290 3563 1471 3649 deponunt

291 3676 359 3754 Quo
381 3676 474 3761 fecto,
498 3679 631 3746 antistes
646 3678 786 3762 Domini,
809 3698 868 3764 pro
891 3683 957 3746 tam
973 3677 1111 3745 evidenti
1133 3678 1284 3746 miraculo
1300 3677 1369 3744 Deo
1390 3699 1474 3762 grn-

291 3791 352 3857 tias
381 3790 537 3875 referens,
571 3791 683 3859 urbem
716 3791 909 3860 confidenter
942 3795 1104 3878 ingressus
1135 3799 1201 3878 est,
1236 3792 1474 3880 ecclesiamque

291 3905 376 3972 beati
397 3905 562 3974 Adelberti
584 3908 694 3973 ridens
716 3907 824 3974 media
846 3927 885 3973 ex
907 3911 998 3992 parte
1019 3907 1222 3993 destructam,
1247 3927 1356 3974 amare
1376 3906 1475 3978 flevit

291 4024 325 4086 et
344 4039 428 4103 genu
449 4019 531 4088 dexo
554 4041 625 4088 cum
648 4022 715 4089 suis
737 4022 793 4088 diu
814 4021 950 4088 orationi
971 4022 1096 4090 institit.

379 4134 505 4203 luteres
525 4136 653 4203 barbari
674 4156 747 4203 cum
768 4135 883 4221 gladiis
912 4142 945 4202 et
971 4136 1107 4205 luctibus
1130 4137 1313 4221 cougregati
1335 4141 1470 4223 portum

292 4249 442 4317 ccclesiae
464 4249 622 4335 ambiunt,
652 4261 776 4318 servos·
799 4250 860 4317 Dei
883 4249 924 4317 ed
945 4255 1081 4319 mortem
1104 4257 1271 4339 expetuut3
1295 4251 1352 4320 sed
1374 4273 1468 4338 mox,

364 4404 386 4436 ι
409 4403 504 4438 semum
519 4392 549 4438 Ε.
