3142 4850
394 328 574 375 maecum
597 328 779 377 ennecus.
813 330 907 377 mur
929 328 965 378 aa
1201 314 1266 381 743

96 485 230 538 seriemdie
246 485 302 537 fuit.
329 484 476 537 Inmnantu
494 502 555 552 ergo
567 486 617 538 Dei
634 487 764 553 genitricis
780 486 863 539 Meris
880 488 920 539 cui
938 504 1037 555 semper
1053 490 1158 541 devotus
1176 491 1267 556 exurit,
1286 492 1356 546 1139

96 575 237 627 interuentu
263 574 332 625 beati
355 574 505 627 Micbahelis
528 575 673 659 archangeli
697 577 766 627 coins
792 576 897 627 ecclesie
919 586 1049 643 reperatur
1072 586 1098 627 ct
1121 577 1267 632 sublimator
1288 564 1354 613 luta

97 661 169 713 bodie
193 662 358 728 conspicitur,
382 680 456 727 quem
479 673 612 729 patronum
635 673 661 715 et
679 674 832 716 eermtcrern
852 674 878 715 ot
895 665 993 731 corpori
1011 675 1037 715 et
1055 667 1137 717 anime
1156 685 1200 718 sue
1219 668 1268 724 cleu

96 750 164 816 legit,
181 750 375 816 interventuque
392 752 523 802 beatorum
540 752 672 818 spirituum
690 753 791 820 spiritus
809 754 863 805 sius
876 752 986 805 divinem
997 754 1192 806 misericordiam
1205 772 1265 807 ecn-

97 847 221 905 sequatur.
249 839 364 906 ipsorum
382 839 483 906 inquam
501 850 578 906 etque
596 842 706 893 omniurn
722 850 865 893 sanctorum
877 858 978 895 suorum
989 843 1109 905 meritis·,
1126 844 1149 895 si
1160 843 1266 910 uspiam,

97 928 159 979 sicut
177 936 217 979 est
234 928 343 979 humane
361 927 512 994 fragilitatis,
531 938 602 981 tante
619 931 673 980 eius
684 947 771 997 opera,
790 938 860 981 tante
872 931 951 997 ipsius
964 931 1136 983 miserationes
1149 940 1175 982 et
1186 933 1265 983 bene·

96 1018 175 1078 lecte,
199 1017 309 1067 bumana
329 1017 405 1068 leude
427 1017 468 1067 rel
491 1018 600 1069 humane
617 1017 699 1069 leudis
717 1019 857 1070 intentione
876 1018 977 1069 titillata
994 1029 1053 1093 sunt
1070 1018 1110 1070 rel
1128 1019 1266 1081 maculam

95 1104 171 1156 nichil
190 1105 256 1156 enim
274 1105 335 1157 setis
354 1123 443 1171 purum
461 1122 544 1157 rerem
562 1124 658 1157 mmmo
676 1106 765 1157 iudice.
794 1108 902 1173 Rogete,
922 1124 1008 1173 queso,
1027 1114 1115 1173 rogate
1133 1108 1253 1159 attentius
1258 1126 1267 1169 ;

96 1210 194 1245 oremus
213 1210 315 1256 omues,
337 1212 436 1246 eremus
454 1195 563 1261 pariter,
581 1203 609 1245 ut
626 1195 674 1246 boc
691 1195 807 1257 abolere,
826 1195 874 1247 hoc
892 1195 980 1247 tollere
1000 1196 1118 1262 dignetur
1136 1196 1205 1262 ipse,
1225 1195 1268 1261 qui

96 1283 160 1335 tollit
176 1293 307 1349 peccatum
325 1282 421 1343 mundi,
439 1300 520 1348 eguus
531 1283 590 1345 Dei,
608 1284 723 1334 dominus
738 1292 825 1335 noster
837 1284 908 1335 Iesus
922 1283 1043 1345 Christus,
1062 1286 1105 1350 qui
1122 1301 1178 1335 cum
1189 1285 1267 1337 Patre

97 1382 122 1423 et
138 1372 235 1439 Spiritu
253 1380 340 1423 sancto
357 1372 419 1422 vivit
436 1381 463 1422 et
480 1380 571 1439 regnet
589 1373 614 1423 in
633 1372 718 1423 secula
736 1371 901 1425 seculorum“.

183 1471 308 1549 Quanta
323 1491 396 1536 vero
413 1471 645 1554 vociferatione,
668 1477 785 1556 quanto
802 1472 934 1555 mugitu,
959 1472 1084 1557 quentis
1103 1470 1266 1537 affectibus

96 1592 127 1653 et
147 1587 287 1653 lacrimis
304 1605 411 1652 omnes
428 1588 530 1651 Amen
552 1587 782 1673 responderint,
807 1588 869 1653 dici
887 1608 949 1652 non
973 1592 1087 1673 potest.
1123 1586 1175 1653 Sic
1192 1607 1265 1671 ergo

95 1701 184 1769 finite
207 1679 319 1786 missa.
346 1702 380 1766 in
401 1700 470 1766 loco
493 1702 547 1767 ubi
570 1703 722 1786 cernitur,
754 1703 785 1768 in
810 1700 941 1768 ecclesia
965 1702 1048 1768 beati
1070 1702 1265 1788 Michahelis,

95 1818 262 1885 comitibus
285 1817 518 1883 marchionibus
542 1815 691 1883 serraliis
715 1816 907 1902 quibuslibet
935 1816 1092 1884 nobilibus
1115 1818 1267 1886 feretrum

96 1935 161 2001 eius
185 1934 328 2001 certatim
352 1933 559 2017 gestantibus,
583 1934 811 2019 sarcophagum
834 1932 1023 2017 lavantibus,
1047 1954 1102 1999 scu
1126 1933 1267 2019 aliaque

94 2051 137 2117 ibi
161 2051 340 2116 necessaria
362 2055 454 2115 erant
475 2069 563 2115 more
585 2049 800 2134 operariorum
822 2048 887 2114 suis
903 2048 1049 2115 manibus
1065 2049 1268 2117 devotissime

95 2166 335 2253 peragentibus,
364 2186 478 2251 eorpus
502 2165 569 2231 eius
592 2164 782 2232 tumulatum
807 2172 855 2233 ost
882 2184 964 2231 enno
987 2164 1142 2232 dominice
1164 2166 1267 2232 incar·

93 2282 232 2349 nationis
255 2280 423 2347 millesimo
447 2281 617 2346 centesimo
640 2282 799 2347 tricesimo
822 2302 921 2366 nono,
949 2280 1043 2347 tertio
1066 2280 1173 2347 Nonas
1196 2280 1267 2347 lulii

93 2398 237 2465 feliciter.
273 2397 386 2464 Amen.

184 2513 245 2580 Hic
260 2534 329 2579 mee
344 2513 520 2579 narrationi
544 2513 713 2579 terminum
730 2532 799 2579 cnm
817 2513 921 2580 sinaxi
939 2513 1119 2602 vespertina
1135 2514 1266 2600 inpon03
1295 2529 1366 2583 1158

94 2651 157 2697 non
182 2651 244 2714 quo
268 2650 287 2694 a
309 2649 360 2696 mc
383 2629 468 2695 dicta
491 2629 697 2710 simoneis,
722 2649 782 2712 quc
806 2629 869 2695 dici
892 2630 983 2716 copia
1006 2631 1121 2712 suasit,
1150 2630 1204 2696 sed
1228 2649 1268 2696 ne
1285 2601 1375 2648 ¹⁰¹¹'³⁰

94 2745 294 2830 multiloquio
311 2766 366 2810 voa
389 2765 528 2828 gravem.
564 2744 606 2810 Et
627 2744 703 2809 hora
719 2743 775 2809 hec
792 2743 951 2811 silentium
968 2745 1107 2811 mandat.
1143 2744 1268 2811 Etcro-

94 2863 179 2929 stina
203 2862 270 2927 dies
293 2859 377 2926 hunc
400 2861 557 2926 Sefridum
583 2880 671 2925 suam
700 2867 824 2946 partem
852 2860 1011 2947 explicare
1034 2897 1075 2906 —
1098 2866 1205 2927 nostra
1229 2882 1268 2927 ex

93 2977 360 3045 conuentione-
376 2975 542 3061 conpellet.
576 2975 689 3041 Amen.
717 2975 849 3042 Amen‘.

576 3171 788 3180 m..-

428 3329 597 3397 LIBER
636 3329 942 3396 SECUNDUS.

549 3471 817 3538 Prooemium‘.

184 3609 348 3676 Postero
371 3607 450 3690 die,
475 3606 540 3672 ubi
564 3607 689 3672 denuo
713 3623 940 3672 consessum
964 3605 1132 3696 etribus
1155 3604 1358 3672 nobis1158

92 3733 198 3810 erat,
222 3731 301 3792 tum
326 3745 409 3807 ego:
433 3723 533 3805 Perge
555 3723 710 3807 inquam
734 3721 777 3786 mi
803 3719 940 3802 Seirid03
965 3720 1145 3805 dominique
1168 3719 1215 3785 tui
1238 3724 1270 3786 et
1291 3691 1354 3739 ΜΛ

92 3843 195 3912 noshi
220 3840 510 3928 peregrinacioncm
534 3837 861 3925 peregrinacionisque
883 3836 1034 3919 laborem,
1060 3841 1091 3901 et
1113 3835 1269 3922 quomodo

92 3966 223 4044 gentem
247 3956 494 4023 Pomerancrum
524 3955 564 4021 ad
586 3953 679 4020 fidem
704 3953 839 4018 traxerit
860 3950 990 4019 ecclesie
1007 3987 1049 3997 -
1066 3951 1212 4036 quoniam
1235 3950 1268 4017 id

165 4144 186 4175 ι.
213 4126 304 4181 ous.lt',·
326 4133 360 4171 eat
375 4125 401 4170 in
417 4123 447 4170 R.
523 4125 546 4170 b.
571 4123 599 4170 Iu
615 4122 643 4169 N
654 4128 783 4182 sequuntur
799 4119 868 4166 bore.-
888 4119 986 4178 Explicit
1003 4119 1061 4164 liber
1075 4119 1161 4178 primur
1178 4119 1206 4164 rle
1222 4118 1269 4164 riis

92 4207 245 4270 stuporibus
267 4206 328 4253 beati
344 4204 435 4252 0ttonis
452 4203 646 4260 babenbergensis
662 4201 764 4262 episcopi
785 4203 809 4248 et
829 4199 966 4246 confessoris
983 4197 1068 4245 Christi
1086 4201 1109 4245 et
1124 4197 1268 4244 Pomsrauice

92 4289 169 4348 gentis
189 4285 297 4346 apostoli.
328 4284 442 4343 Incipiunt
457 4282 557 4342 capitula
576 4281 628 4328 libri
644 4281 745 4327 secundi.
856 4293 875 4324 c.
900 4279 992 4339 Scripsi
1007 4277 1093 4324 LIBER
1109 4276 1269 4323 SECUNDUS.

92 4367 249 4416 Prooemium.
277 4365 305 4411 In
321 4364 349 4410 N
361 4363 419 4410 haec
434 4361 553 4423 legentur:
570 4359 700 4420 Expliciunt
715 4360 815 4420 crpitula
832 4357 885 4406 libri
901 4359 1003 4405 secundi.
1031 4356 1113 4416 Incipit
1128 4355 1269 4416 prohemium

92 4447 147 4495 librl
164 4445 264 4494 secundi
278 4445 303 4492 in
321 4444 430 4490 vitamet
447 4441 653 4503 peregrinacione·
670 4440 730 4486 beati
746 4439 836 4486 Ottoms
852 4439 962 4499 episcopi.
