3142 4850
509 341 674 391 unsuuror
697 341 825 392 oonax.
859 341 878 392 a
1234 331 1276 398 21

98 496 263 566 dignissimo
281 495 477 567 archipraesuli
493 498 535 554 .N.
554 497 619 554 licet
636 497 765 568 indignus
783 513 850 554 suus
869 499 1060 569 suffraganeus
1077 503 1231 559 orationum
1249 510 1279 562 et

98 591 224 664 obsequii
242 599 407 664 perpetuam
426 595 610 652 devotionem.
682 597 800 652 Domino
818 597 1028 666 exoptatissimo
1045 603 1075 654 et
1092 601 1182 656 sDeo
1199 606 1279 672 patre

98 692 254 762 praeelecto
271 697 302 747 et
318 693 524 763 praedestinato
542 695 645 764 pastori
658 694 700 750 .N.
713 695 888 766 praepositus
899 694 1023 750 decanus
1040 711 1158 767 cumque
1176 697 1219 754 his
1235 704 1278 756 to·

98 795 141 844 tus
158 788 403 860 Babeubergensis
420 791 509 846 clems
531 791 739 860 inpensissimas
761 793 791 848 in
808 791 917 848 Christo
941 797 971 848 et
990 795 1278 862 perseverantissimus

98 887 246 942 crationes.
319 887 551 944 Reverentisaimo
573 892 765 944 sacrosanctae
787 891 921 946 ecelesiae
944 891 1075 961 episcopo
1094 892 1136 949 .N.
1155 891 1278 950 decanus

97 987 153 1038 tam
170 991 336 1054 perpetuam
350 1000 433 1054 quam
446 984 567 1040 debitam
579 985 757 1040 devotissime
769 987 901 1043 orationis
918 988 1086 1044 instantiam.
1157 990 1277 1046 Domino

97 1085 125 1136 et
140 1081 215 1151 patri
235 1081 278 1138 N.
297 1082 431 1138 ecdcsiae
449 1080 661 1152 archipontifici·
675 1082 709 1138 N.
721 1083 774 1138 Dei
792 1085 884 1154 gratia
899 1085 1047 1155 episcopus
1065 1100 1127 1142 oum
1146 1087 1277 1144 ineuntis

97 1193 209 1249 precum
228 1177 312 1234 fidele
329 1179 480 1235 servitium.
552 1179 585 1234 N.
599 1179 777 1236 diiectisaimc
793 1180 923 1238 oonirsui
940 1186 970 1236 et
987 1183 1151 1254 coepiscopo
1164 1185 1197 1241 N.
1209 1201 1277 1242 auus

97 1276 122 1332 iu
140 1277 293 1332 dilectione
310 1275 444 1346 quidquid
461 1277 613 1346 iocundius,
632 1279 660 1332 iu
678 1277 803 1333 oratioue
819 1284 849 1334 et
859 1280 973 1335 servitio
988 1279 1122 1350 quidquid
1139 1281 1276 1338 devotius.

165 1374 201 1430 N.
213 1373 271 1428 Dei
288 1375 380 1443 matis
391 1373 575 1430 &manorum
594 1375 743 1445 imperator
760 1381 895 1445 augustus
907 1376 939 1431 0.
951 1377 1083 1450 episcopo
1099 1379 1218 1449 gratiam
1235 1379 1277 1436 di·

97 1471 244 1526 lectionem
263 1475 293 1526 et
310 1485 392 1526 omne
409 1470 520 1527 bouum.
592 1472 711 1528 Domino
728 1487 780 1528 suo
797 1476 828 1528 et
843 1487 910 1528 vere
928 1474 1107 1532 dilectissimo
1120 1477 1162 1533 .N.
1175 1477 1275 1534 Roma·

97 1583 193 1624 norum
210 1569 375 1637 imperatori
392 1575 510 1638 angruto
528 1569 564 1624 ill.
583 1569 715 1624 ecclesiae
733 1569 849 1626 humiles
866 1573 940 1626 servi
962 1587 1025 1627 oum
1043 1574 1179 1630 universis
1196 1575 1273 1630 mini-

97 1667 158 1722 stris
176 1682 211 1721 sc
230 1665 340 1722 civibus
363 1665 430 1720 inibi
453 1665 641 1737 manantibus,
666 1667 800 1737 quidquid
817 1665 907 1724 fidelia
924 1670 1011 1725 oratio
1029 1671 1104 1726 valet
1122 1685 1155 1726 ao
1173 1670 1275 1728 deuota

98 1765 223 1820 servitus.
298 1763 332 1818 N.
350 1763 534 1820 Romanorum
552 1765 699 1834 imperator
719 1770 855 1834 augustus
873 1766 916 1822 .N.
935 1767 994 1836 regi
1011 1767 1179 1824 lbancorum
1197 1783 1274 1824 coro-

97 1877 157 1918 mm
175 1861 245 1917 iidei
263 1866 294 1917 et
310 1861 522 1932 propinquitatis
539 1861 723 1919 inviolabilem
741 1863 934 1918 constantiam.

163 1958 369 2015 Sacrosanctae
386 1959 423 2014 ill.
437 1959 551 2014 ecclesie
569 1957 767 2030 archipontifici
780 1960 822 2015 .Ν.
837 1959 978 2030 primevae
994 1960 1079 2017 indoli
1090 1961 1224 2018 virtutum
1241 1977 1276 2019 ac

97 2055 265 2126 dignitatum
283 2058 456 2112 assecutione
473 2055 651 2128 respondenti
669 2057 711 2112 .N.
730 2058 904 2128 praepositus
928 2072 991 2113 cum
1011 2063 1072 2114 teto
1088 2057 1203 2114 batam
1221 2059 1275 2116 col·

96 2154 166 2224 legio
190 2155 389 2224 inpensissime
416 2154 556 2224 utriusque
585 2153 701 2210 bominis
724 2154 866 2225 obsequia
945 2154 1063 2211 Sanctm
1087 2157 1124 2212 iil.
1142 2157 1276 2213 ecciesiae

96 2252 216 2322 praesuli
233 2252 269 2308 Ν.
289 2251 455 2307 solidissime
476 2252 504 2308 in
523 2251 604 2308 domo
622 2252 734 2308 Domini
751 2253 896 2324 columpne
913 2253 947 2310 Ν.
965 2253 1153 2324 praepositus,
1176 2253 1209 2311 Ν.
1227 2253 1275 2310 de·

97 2363 180 2405 cauus
198 2365 266 2404 cum
284 2349 414 2406 universo
432 2347 546 2405 iratrum
559 2349 674 2419 collegio
689 2365 743 2405 non
762 2351 822 2404 siue
839 2348 993 2420 frequentia
1009 2365 1123 2421 procum
1141 2365 1209 2406 suae
1227 2350 1274 2406 de·

97 2449 214 2505 aetionis
233 2447 407 2517 obsequium.
480 2446 591 2503 Summe
609 2448 794 2503 venerationis
812 2448 944 2518 magistro
961 2449 995 2505 Ν.
1007 2448 1129 2505 sollertia
1141 2449 1274 2505 virtutum

97 2545 131 2601 ad
153 2560 279 2616 unguem
304 2545 399 2602 limato
417 2546 451 2602 Ν.
469 2546 642 2617 praepositus
660 2544 695 2600 A.
714 2544 836 2601 decanus
860 2560 923 2601 cum
945 2550 1004 2603 toto
1025 2544 1141 2603 trabum
1158 2546 1275 2616 collegio

97 2640 313 2700 scbdissimuml
325 2642 462 2699 iratcrnae
480 2643 634 2699 dilectionis
646 2642 795 2701 vinculum.
866 2642 900 2698 Ν.
912 2643 966 2698 Dei
983 2644 1074 2714 gratis
1090 2644 1127 2699 ill.
1140 2644 1274 2700 ecclesiae

98 2742 244 2813 episeopus
264 2742 299 2796 Ν.
318 2742 491 2812 praepositus
514 2740 548 2796 Ν.
567 2740 688 2795 decenus
710 2756 772 2796 cum
798 2742 927 2796 universa
949 2740 1162 2811 congregatione
1185 2741 1274 2797 sancti

98 2837 187 2895 Georii
205 2838 240 2896 Ν.
261 2838 405 2894 seoimtioc
422 2838 564 2909 discipline
582 2838 642 2893 viro
665 2842 796 2909 paternae
818 2835 992 2907 interneque
1013 2838 1168 2893 dilectionis
1191 2838 1273 2894 affec·

1 2922 2 2925 '
99 2940 163 2990 tum.
237 2935 358 2991 Domino
376 2952 427 2991 suo
447 2936 483 2991 ill.
504 2934 636 2991 ecclesiae
654 2934 859 3006 archiepiscopo
877 2934 912 2992 Ν.
931 2935 1004 2990 mille
1021 2936 1095 2991 votis
1112 2938 1273 3005 exoptatum

98 3034 251 3103 praesentis
269 3038 299 3088 et
316 3032 424 3089 futurae
441 3033 515 3089 vites
533 3031 640 3089 felicem
658 3036 770 3089 statum.

1 3112 2 3135 ¹
165 3131 310 3187 sommae
328 3130 403 3187 eun
415 3130 576 3201 dignissimo
589 3130 720 3186 eruum
731 3129 764 3186 u.
778 3128 831 3185 oo
846 3130 935 3198 pauo
946 3126 1186 3199 eemnnsrgcnsn
1203 3129 1273 3186 oee-

1 3244 2 3303 ᾗ
98 3234 142 3284 tus
163 3230 310 3298 utriusque
333 3226 450 3285 hominis
473 3228 666 3284 devotissimos
690 3232 814 3283 conatus.
885 3226 920 3283 N.
938 3226 992 3282 Dei
1013 3227 1103 3296 grstia
1122 3226 1275 3284 venerabili

98 3328 235 3398 episcopo,
256 3326 408 3382 deminuet
422 3327 493 3396 patri
505 3340 556 3381 suo
569 3326 754 3395 dilectissimo,
771 3324 806 3380 N.
817 3338 891 3379 nuuc
902 3338 989 3393 usque
1001 3324 1188 3395 cancellarius,
1200 3339 1274 3381 nunc

1 3416 2 3484 ἦ
99 3430 189 3480 auum
207 3426 246 3480 ill.
265 3424 340 3479 sedis
358 3424 471 3493 electus,
493 3423 625 3493 quidquid
643 3424 672 3479 in
690 3438 757 3479 rere
774 3420 920 3477 dilectione
937 3422 1010 3491 patri
1027 3436 1101 3477 nune
1118 3426 1148 3477 et
1164 3436 1274 3491 semper

99 3520 212 3577 debetur
230 3536 265 3577 ac
283 3521 404 3577 domino.
474 3520 617 3591 Proposito
634 3520 806 3589 dominisque
824 3535 858 3575 ao
872 3517 1002 3574 iratribus
1013 3517 1191 3588 aquensibus
1208 3532 1272 3574 cou-

1 3663 2 3677 .
99 3620 221 3689 gregatio
240 3623 355 3674 sancus
369 3618 471 3683 llariae
489 3623 519 3674 et
536 3617 623 3673 sancti
642 3615 782 3672 Lamberti
799 3616 935 3674 saniorem
953 3616 1080 3672 insistere
1097 3615 1271 3672 adundant.

100 3717 132 3773 N.
149 3718 298 3773 miversaii
315 3718 517 3772 Romanorum·
534 3714 656 3786 pontiflci
674 3715 710 3769 iil.
730 3714 863 3770 ecclesiae
880 3712 979 3770 batres
996 3710 1079 3768 iidem
1097 3717 1126 3769 et
1142 3710 1272 3768 obedien·

99 3814 171 3870 tiam
245 3814 327 3870 Socio
346 3828 397 3869 suo
414 3818 443 3871 et
460 3813 548 3871 amico
566 3813 599 3869 N.
615 3812 770 3869 Coloniensi
789 3810 997 3881 archimagistro
1014 3809 1057 3879 N.,
1075 3824 1143 3866 suus
1160 3814 1190 3865 et
1207 3824 1272 3865 vere

1 3930 2 3969 ς
100 3926 164 3967 suus
181 3917 313 3981 totusque
331 3927 411 3981 suus,
433 3916 545 3967 metae
566 3915 595 3965 et
611 3925 694 3966 verae
712 3908 777 3965 fidei
795 3908 988 3965 sinceritatem.
1059 3907 1094 3964 N.
1112 3906 1166 3963 Dei
1181 3908 1273 3976 gratis

101 4010 226 4080 episeopo
244 4024 297 4065 suo
309 4009 410 4065 dilecto
421 4008 454 4065 N.
467 4008 646 4065 cancellarius
663 4006 879 4063 indissolubilem
894 4005 1066 4062 dilectionem
1084 4009 1114 4060 et
1130 4008 1271 4060 aeternam

100 4107 304 4164 iocunditatem.¹

168 4204 201 4261 N.
218 4205 273 4260 Dei
288 4204 382 4275 gratia
398 4203 582 4260 Romanorum
600 4202 748 4273 imperator
765 4204 901 4271 augustus
919 4200 951 4258 N.
969 4198 1102 4255 ecelesiae
1119 4198 1272 4269 capitaneis

102 4302 170 4358 ciero
187 4308 216 4359 et
232 4302 336 4374 populo
354 4302 471 4371 grattm
489 4316 567 4356 suam
586 4305 615 4355 et
631 4313 712 4355 omne
729 4298 841 4355 bouum.
913 4294 1102 4353 Oonbsuibus
1114 4300 1144 4351 et
1153 4294 1272 4353 dominis

168 4468 188 4501 a.
209 4455 315 4516 pontiflci
330 4454 355 4503 V.
448 4452 471 4501 b.
494 4452 646 4500 solidissimas
662 4452 685 4499 V.
779 4464 800 4497 c.
823 4450 851 4497 Β.
866 4450 891 4497 V.
