3142 4850
451 323 617 374 nuanmor
638 323 768 373 oonnx.
806 322 857 374 118
1179 309 1244 376 229

166 481 233 548 Soio
259 482 476 550 indubitanter
498 489 531 551 et
557 484 652 551 credo
675 504 734 550 nco
761 485 916 552 credendo
942 485 1036 553 fallar
1057 487 1091 553 in
1122 486 1243 572 aliquo:
1296 504 1365 558 1105

89 599 160 684 qaod
178 604 282 666 rastra
304 599 437 686 pietate,
464 621 528 686 qua
549 620 601 668 me
623 600 774 667 haetenus
798 599 969 684 dilexistis,
997 622 1086 668 moro
1111 607 1244 689 paterno
1264 579 1318 636 ¹³⁰¹*
1333 576 1398 624 m*

88 715 225 798 gaudetis,
241 716 268 780 si
283 735 335 780 me
349 714 486 798 gaudere
500 717 664 784 noveritis.
695 716 763 784 Neo
777 717 837 783 boo
852 717 979 802 quidem
997 717 1135 784 assembo
1151 718 1246 785 alicui

87 849 146 896 noo
155 831 275 914 merito,
298 830 355 898 sed
368 837 493 898 umbrae
515 836 640 898 tantum
663 832 812 914 bonitati3
837 853 901 918 qua
915 833 993 899 mibi
1010 832 1116 916 largus
1140 833 1244 900 inistis

86 950 168 1029 atque
181 946 352 1032 propicius,
369 967 409 1014 cx
424 967 487 1032 quo
500 967 558 1013 ros
572 947 651 1014 mihi
668 947 821 1032 praefecit
832 947 918 1016 Deus
928 944 945 1032 ¹,
963 949 1050 1016 omni
1067 949 1244 1018 dilectionis

85 1061 186 1126 dudio
211 1060 303 1127 Unde
314 1063 348 1126 in
362 1062 523 1147 praesenti
533 1068 649 1146 gretes,
665 1069 758 1148 quot·
770 1069 803 1129 ot
817 1069 951 1147 quantas
964 1085 1103 1150 possum,
1120 1070 1244 1134 renuas

84 1177 255 1263 paternitati
279 1177 380 1243 refero
404 1182 451 1261 et,
474 1179 550 1244 dum
573 1177 660 1262 rivo,
687 1199 739 1245 me
762 1184 795 1246 et
817 1199 888 1246 mea
918 1180 958 1245 ad
980 1185 1104 1246 restrae
1134 1180 1245 1246 volun·

84 1291 149 1357 tatis
174 1293 340 1359 arbitrium
368 1293 518 1377 exhibeo,
547 1295 630 1360 sicut
656 1295 770 1360 merito
800 1293 907 1362 debeo.
950 1295 1030 1362 Novi
1060 1298 1161 1363 enim:
1188 1317 1244 1364 ros

83 1427 160 1475 meae
174 1408 378 1476 sublimitatis
393 1413 467 1494 post
480 1407 583 1476 Deum
600 1429 669 1477 esec
684 1410 891 1496 principium
913 1431 972 1478 nec
986 1431 1136 1496 umquem
1151 1433 1245 1499 posse

82 1525 175 1591 mein
197 1524 289 1590 curia
309 1529 377 1591 tam
398 1525 455 1591 diu
469 1521 685 1610 mstinuisae’,
708 1527 792 1612 quod
809 1527 849 1594 ad
867 1527 1018 1594 honorem
1036 1529 1244 1614 pervenirem,

81 1639 135 1706 uisi
147 1646 253 1708 restra
274 1641 406 1725 largitas
428 1661 500 1708 meo
514 1641 615 1708 labori
640 1642 840 1710 subvenisset
855 1647 887 1710 et
903 1647 1008 1710 vestra
1022 1664 1074 1710 ms
1091 1645 1245 1712 fovissent

81 1774 113 1822 ac
130 1757 319 1824 solidasssut
340 1756 481 1824 consilia

157 1871 238 1950 Quia
265 1873 363 1957 igitur
390 1893 450 1958 ope
477 1876 602 1940 rmtrae
634 1873 785 1940 bonitatis
814 1879 846 1941 et
875 1894 925 1940 me
956 1873 1182 1941 honorabiliter
1210 1876 1245 1941 in

81 1988 159 2053 ouria
178 1988 297 2054 retinui
319 1993 353 2054 et
374 1989 463 2055 adid
486 1989 615 2057 honoris
637 1990 742 2075 gratia
756 1989 817 2055 Dei
833 1995 865 2056 et
881 1989 976 2056 vorbi
997 1990 1139 2076 perveni,
1161 1989 1244 2076 quod

80 2101 201 2170 feliciter
228 2104 349 2171 electus
372 2125 441 2171 snm
464 2104 755 2190 wirzeburgensis*
779 2104 863 2171 sedis
892 2105 1059 2192 episcopus
1088 2111 1120 2173 et
1142 2110 1246 2172 vester

80 2219 189 2286 ricinus
203 2227 237 2287 et
252 2221 404 2290 ecelesiae
418 2241 508 2289 meae
522 2221 625 2289 iactus
643 2241 712 2289 sum
728 2257 768 2268 -
784 2222 868 2288 nude
882 2222 915 2286 in
931 2220 1108 2288 inmensum
1124 2221 1245 2305 gaudeo

80 2337 265 2420 -dignum
293 2342 343 2404 ost
366 2345 398 2405 et
419 2358 477 2422 ego
506 2358 583 2424 rogo
613 2343 707 2424 atque
735 2336 895 2422 desidero,
925 2341 961 2403 ut
983 2357 1035 2403 me
1058 2343 1089 2404 et
1111 2357 1183 2404 mea
1205 2337 1244 2404 ad

81 2458 179 2519 nutum
202 2459 331 2521 restrae
353 2455 525 2522 voluntatis
549 2454 685 2542 amplius
709 2453 900 2540 adplenum
923 2453 1078 2521 babeatis.

158 2568 282 2638 Vellem
303 2571 412 2656 itaque
434 2572 524 2639 robis
551 2572 687 2639 libenter
710 2571 814 2655 loqui,
844 2574 1013 2655 antequam
1041 2570 1177 2637 redirem
1205 2570 1246 2635 ad

81 2685 198 2771 unam,
221 2688 251 2753 si
276 2686 406 2771 semem,
436 2688 592 2772 quomodo
614 2707 779 2775 possemus
802 2687 923 2753 utiliter
945 2686 1121 2753 convenire.
1162 2686 1245 2764 Qua·

21 2837 22 2846 1
80 2807 198 2887 propter
219 2802 337 2869 intime
357 2824 435 2887 rogo
450 2824 518 2888 ros,
541 2809 578 2870 ut
598 2805 735 2871 mittatis
752 2802 832 2870 mibi
845 2808 986 2870 restrum
1008 2801 1164 2885 nuntium,
1189 2821 1246 2886 per

80 2933 161 2998 pom
182 2918 266 2985 mihi
293 2918 462 2987 notificetis
490 2919 594 2987 locum
618 2925 651 2987 et
676 2920 863 3003 torminum,
894 2938 955 3003 quo
984 2916 1143 3004 possimus
1171 2936 1245 2983 con·

80 3032 175 3101 venire
197 3040 231 3103 et
260 3034 398 3121 aliquid,
429 3035 514 3122 quod
541 3036 669 3123 utrique
696 3034 814 3123 prosit,
848 3035 932 3101 inter
961 3052 1018 3101 nos
1046 3031 1246 3099 familiariter

80 3147 223 3216 ordinare.

156 3265 310 3334 Proterea
330 3286 479 3351 rogovos
502 3267 674 3353 plurimum
691 3272 724 3334 et
742 3264 964 3333 amicabiliter:
989 3271 1025 3333 ut
1039 3285 1160 3333 memor
1175 3266 1245 3333 sitis

80 3375 170 3448 tidelis
191 3384 296 3449 nostri
318 3382 357 3449 N.
382 3388 415 3450 et
436 3384 551 3477 iuvetis
566 3404 638 3450 eum
654 3388 760 3450 vestro
775 3381 906 3448 consilio
924 3387 955 3447 et
970 3381 1088 3448 auxilio
1104 3382 1245 3449 obtinere

81 3496 331 3583 misericordiam,
343 3498 431 3566 illam
444 3501 695 3587 praeposituram
709 3498 866 3582 videlicet,
882 3518 976 3583 quam
989 3498 1018 3563 ei
1030 3498 1245 3580 concessistis,

81 3630 131 3678 nec
148 3614 211 3681 ullo
234 3616 332 3683 modo
354 3617 458 3701 possit
478 3616 569 3684 robis
590 3614 786 3702 persuaderi,
809 3618 845 3681 ut
860 3620 996 3681 vestram
1021 3614 1094 3680 inde
1117 3614 1245 3681 mutetis

82 3731 274 3798 sentenciam.
311 3731 382 3817 lpse
404 3733 489 3799 onim
512 3732 546 3797 in
569 3731 656 3797 nullo
679 3750 768 3817 spem
793 3730 887 3796 habet
910 3736 983 3817 post
1000 3728 1102 3796 Deum
1126 3731 1187 3795 nisi
1210 3730 1244 3795 iu

82 3844 158 3910 robis
180 3852 212 3914 ot
233 3848 270 3914 in
294 3868 346 3915 me
369 3854 522 3935 postvos.
557 3846 600 3915 Et
622 3848 697 3933 quia
720 3866 776 3912 nos
801 3846 861 3913 dno
886 3866 956 3914 eum
980 3844 1130 3913 letificare
1151 3846 1245 3913 debe·

82 3976 152 4045 nus,
173 3964 307 4047 dignum
328 3970 379 4031 eat
400 3970 432 4031 et
453 3964 554 4029 honor
576 3967 695 4046 noster,
718 3968 754 4029 ut
777 3963 835 4029 hoo
856 3962 992 4029 libenter
1013 3963 1147 4029 faciatis.

142 4100 161 4132 a
183 4088 245 4147 qaae
260 4087 290 4135 z.
450 4088 474 4134 a.
488 4087 671 4145 mamma
686 4086 713 4134 Ζ.

144 4173 166 4227 1.
183 4171 237 4228 fuit
253 4174 329 4229 euim
341 4173 480 4244 Erlungus
493 4173 748 4244 ,Babenborgeusis
760 4172 893 4228 ecclosias
906 4171 1080 4228 canonicna“.
1103 4172 1138 4229 V.
1151 4172 1244 4227 Eklre·

84 4254 150 4315 bardi
165 4260 764 4331 curoa.1105,nlon.dsrm.savlaa8.
854 4262 880 4317 2.
904 4261 1043 4331 Erlungus
1066 4262 1245 4318 cancellarius

84 4342 191 4405 Heinrici
207 4352 248 4407 lv
265 4352 441 4422 imperatoris
462 4352 491 4406 ln
515 4350 638 4407 eiusdem
661 4348 856 4421 diplomatibus
879 4354 1020 4420 comparet
1040 4366 1057 4405 a
1077 4350 1122 4407 die
1142 4351 1243 4407 151u1.

87 4435 146 4492 noa
162 4439 197 4494 ad
213 4440 289 4495 diam
310 4441 343 4495 15
361 4437 441 4495 Febr.
456 4441 535 4495 1105.
561 4440 595 4497 V.
610 4437 724 4509 Stumpi
737 4439 790 4494 Die
808 4438 1021 4503 Reicbsluanaler
1036 4440 1063 4495 11
1082 4442 1142 4495 209.
