3142 4850
322 308 387 374 768
614 324 795 375 meones
816 323 998 373 nusuouua
1033 324 1098 371 nun.
1114 324 1140 371 u
1163 320 1198 371 us

234 500 304 555 llud
321 504 379 549 nos
401 483 623 570 oonpellentes.
663 482 727 551 Sed
751 503 873 551 moram
896 482 986 549 nobis
1009 482 1206 565 facientibus,
1230 482 1320 567 quasi
1344 500 1362 546 a
1384 481 1486 546 furore

320 599 368 665 illi
391 606 497 666 esseut
518 601 699 683 cessaturi·,
722 586 955 683 magts'eorum
979 598 1099 663 exarsit
1113 598 1248 678 insania,
1269 596 1417 681 suetoque
1432 596 1486 660 im·

321 720 398 800 potu
420 720 546 801 stupam
570 714 795 799 aggrediuntur
818 718 850 781 et
872 714 1039 799 dissipant,
1062 718 1143 779 moto
1166 712 1316 798 primum,
1339 711 1413 777 dein
1435 730 1488 797 pa·

320 830 453 897 rietibus
476 830 616 897 disiectis
639 836 671 897 et
692 830 818 897 exelsis.
860 829 947 895 Tune
969 848 1044 895 vero
1068 828 1250 913 episeopus,
1281 826 1321 892 ud
1342 844 1487 893 eoronam

321 945 478 1032 passionis
501 965 535 1011 se
558 945 686 1011 invitari
709 966 859 1031 sperans,
882 943 973 1011 nobis
997 944 1068 1009 aliis
1090 942 1339 1030 trepidantibus,
1363 940 1489 1026 quibus·

321 1060 394 1127 dam
418 1060 513 1127 stiam
531 1081 588 1147 pre
603 1080 719 1147 pauore
733 1060 982 1143 lacrimantibus,
1005 1059 1059 1125 ille
1074 1060 1188 1146 spiritu
1203 1055 1337 1125 iucundo
1351 1061 1386 1125 et
1400 1055 1488 1121 hilari

322 1175 410 1241 vultu
433 1175 540 1242 stabat
560 1176 753 1261 intrepidus,
777 1180 890 1263 optans
914 1182 947 1242 et
968 1174 1119 1259 gliscens,
1143 1179 1179 1240 ut
1200 1173 1250 1240 vel
1273 1194 1372 1239 unum
1396 1174 1488 1238 lotium

322 1295 378 1357 ant
392 1290 506 1357 vulnus
523 1291 555 1357 in
572 1292 698 1358 nomine
712 1292 784 1359 lesu
806 1291 948 1377 accipere
963 1290 1076 1374 dignus
1092 1289 1253 1357 habeatur.
1333 1286 1489 1355 Paulieius

322 1426 397 1473 sero
420 1412 453 1472 st
473 1406 580 1491 legati,
603 1408 757 1491 videmos,
781 1407 856 1491 quia
870 1427 943 1473 vere
966 1407 1129 1473 insaniunt
1151 1425 1260 1471 omues
1284 1404 1407 1490 atquin
1429 1403 1489 1469 illie

321 1542 444 1589 moram
473 1522 578 1590 faeere
606 1522 744 1589 deonas
774 1528 824 1589 est
851 1528 945 1608 etque
974 1523 1127 1605 deterius,
1154 1522 1188 1587 iu
1217 1520 1357 1587 medium
1385 1517 1489 1605 populi

322 1637 502 1722 exilientes,
531 1637 725 1705 validissimo
753 1636 908 1722 damone,
938 1638 1002 1705 assi
1031 1644 1063 1704 et
1085 1638 1148 1724 ipsi
1169 1638 1326 1719 furerent,
1357 1634 1489 1703 extantia

322 1755 468 1821 menibus
491 1752 650 1820 silentium
666 1753 735 1821 lieri
750 1753 962 1840 postulabant
997 1753 1116 1831 Quibus
1133 1753 1172 1819 ad
1189 1752 1347 1819 modicum
1364 1749 1488 1831 sedatis,

323 1870 370 1936 illi
392 1870 541 1937 eontinuo
564 1870 739 1955 prosecuti:
765 1870 854 1951 Quid
875 1884 919 1937 est
940 1872 1017 1935 boel
1040 1870 1196 1954 inquiunt
1227 1868 1271 1935 Et
1293 1886 1424 1934 camum
1446 1872 1489 1931 to

322 1991 388 2052 tam
411 1986 444 2051 in
467 1985 676 2070 semetipsos
698 1986 940 2052 transferentes:
965 1986 1007 2053 Si
1027 2008 1084 2051 noa
1108 1984 1198 2051 aiunt
1213 1986 1263 2051 tre
1278 1988 1314 2050 iu
1330 1988 1422 2050 oanis
1435 1986 1488 2049 do-

322 2105 404 2168 utini
429 2105 532 2169 nosti
552 2103 641 2167 daeo
662 2102 793 2189 pacifice
816 2106 980 2169 comittere
1002 2124 1065 2167 nou
1088 2104 1208 2182 oiuitm,
1237 2101 1343 2166 saltim
1365 2100 1490 2186 poeitae

322 2220 396 2283 luins
423 2221 508 2283 orire
534 2220 711 2304 permittite.
755 2217 843 2299 Quid
861 2219 978 2303 fundu
1006 2222 1040 2283 in
1068 2218 1145 2283 uos?
1185 2217 1284 2298 Quem
1307 2217 1434 2281 teimau
1455 2237 1490 2281 ex

322 2333 430 2400 uobis?
469 2331 514 2398 At
536 2331 598 2398 illi:
624 2332 820 2419 Inpostorem
842 2333 990 2418 inquiunt
1011 2335 1102 2401 illum
1125 2337 1306 2421 epsicopum
1329 2345 1359 2397 et
1381 2346 1489 2399 emerus

323 2473 394 2516 eum
416 2472 450 2516 eo
474 2450 672 2530 obmuouos,
697 2452 770 2516 duos
793 2464 916 2516 nostros
939 2451 1195 2538 blasphemantes,
1220 2451 1392 2534 interficere
1408 2451 1489 2513 uerri-

322 2589 401 2632 maa.
439 2565 504 2633 Sed
525 2568 556 2631 ai
577 2589 628 2632 eoa
642 2567 766 2631 ualuere
781 2567 886 2648 uoltis,
911 2591 977 2634 ecce
992 2571 1103 2632 dumosa
1120 2567 1237 2642 locum
1261 2568 1322 2631 cito
1338 2588 1391 2631 eos
1406 2579 1491 2630 extra

323 2685 479 2749 caventem
501 2685 650 2749 deducite.
685 2680 794 2765 Platea
817 2687 922 2748 autem
946 2682 1083 2748 ciuitatis
1106 2681 1263 2768 palustres
1285 2685 1379 2746 erant
1400 2685 1433 2747 et
1447 2678 1491 2744 lu·

323 2804 401 2881 tosa,
425 2802 457 2863 et
479 2802 592 2882 pontes
615 2797 768 2864 exstruet
791 2802 823 2864 et
843 2797 949 2864 tabule
964 2798 1102 2884 undique
1118 2798 1219 2882 posite
1234 2802 1367 2882 propter
1380 2795 1490 2862 lutum.

323 2913 491 2999 Arripieus
520 2933 594 2997 ergo
617 2912 776 2979 Paulioius
805 2933 861 2999 per
889 2933 1017 2980 manum
1048 2913 1172 2980 trahere
1201 2913 1285 2999 oepit
1311 2912 1491 2999 episcopum

324 3034 356 3095 et
378 3028 548 3110 deducere;
573 3027 743 3094 adhortans
758 3029 910 3114 modeste,
933 3035 979 3114 ut,
1002 3030 1030 3095 si
1045 3034 1161 3117 posset,
1185 3029 1408 3114 properantius
1424 3029 1491 3093 iret

323 3143 367 3210 Ut
390 3149 494 3211 autem
518 3165 576 3230 per
596 3144 733 3210 medium
758 3145 850 3212 turbe
872 3166 930 3211 nos
951 3165 1061 3212 omnes
1084 3165 1147 3211 non
1170 3143 1399 3230 inperturbutis
1423 3163 1493 3230 pas·

324 3259 411 3326 sibus
435 3265 526 3326 satra
548 3261 661 3326 ourtim
683 3281 783 3346 usque
806 3261 846 3326 od
870 3266 981 3347 pontes
1005 3261 1197 3343 devenimus,
1221 3279 1292 3326 eoos
1309 3258 1442 3344 quidam
1457 3258 1492 3324 de

323 3375 418 3443 turba
432 3375 482 3441 vir
504 3374 656 3443 barbarus
678 3382 711 3442 et
731 3376 833 3461 tortis,
856 3365 972 3444 librata
994 3397 1088 3463 quam
1112 3375 1256 3461 gestabat
1271 3375 1393 3458 ingenti
1418 3374 1493 3460 pba-

323 3491 428 3575 langa,
452 3496 541 3558 vasto
564 3492 630 3558 iotu
650 3497 745 3578 eaput
757 3492 854 3560 ferire
869 3493 957 3560 nisus
973 3499 1022 3560 est
1036 3491 1228 3560 transeuntis
1244 3490 1396 3578 episcopi.
1434 3487 1494 3556 Sed

324 3606 388 3691 ille,
404 3611 550 3673 avertens
564 3611 670 3693 eaput,
689 3607 820 3675 humero
837 3609 932 3676 iatum
950 3611 1103 3696 suscepit3
1128 3609 1299 3694 eodemque
1314 3605 1494 3690 geminante

325 3723 526 3790 commissum
551 3727 584 3789 et
605 3721 667 3789 alio
689 3725 812 3789 eminus
835 3725 869 3792 iu
887 3745 958 3792 eum
974 3725 1108 3792 iaciente
1123 3729 1260 3806 oontum,
1283 3723 1368 3788 inter
1381 3741 1494 3788 manus

324 3838 456 3906 Paulieii
480 3857 518 3904 ao
531 3837 652 3904 Hiltani
671 3839 854 3924 sacerdotis,
878 3841 1057 3908 ducentium
1072 3839 1174 3924 illum,
1198 3841 1329 3925 opunte
1343 3839 1377 3904 in
1393 3837 1494 3904 lutum

325 3954 536 4042 prosteruitur
558 3952 632 4020 Otto
660 3959 776 4022 noster.
822 3954 981 4024 Paulioius
1003 3977 1095 4041 voro,
1125 3961 1158 4023 et
1180 3955 1284 4021 animo
1309 3960 1342 4022 et
1363 3972 1495 4040 eorpore

324 4071 369 4138 ibi
398 4091 432 4137 se
454 4070 559 4136 virum
582 4068 748 4154 exbibens,
778 4072 933 4139 iuuentem
957 4073 1137 4158 episeopum
1162 4090 1220 4138 nee
1247 4075 1378 4158 propter
1401 4069 1495 4136 iumi-

324 4186 435 4254 uentia
456 4185 521 4252 tela
542 4185 698 4268 deseruit3
721 4187 795 4270 aad,
819 4188 940 4274 proprii
963 4187 1103 4273 eorporis
1126 4187 1250 4268 obieetu
1272 4185 1399 4252 crebras
1421 4204 1493 4271 per·

325 4304 486 4371 tussiones
509 4301 670 4387 exeipiens
691 4303 787 4388 inque
810 4322 920 4370 oenum
936 4321 957 4369 a
972 4307 1067 4389 ponte
1089 4303 1276 4387 inguetenus
1291 4299 1490 4378 descendens,

398 4461 418 4492 ι.
442 4444 553 4492 meaturi
569 4443 600 4499 N,
617 4447 729 4494 reuuuri
743 4446 796 4494 BR.
1566 4435 1569 4496 l
