3142 4850
491 315 657 364 spumei
680 315 808 364 couiix.
843 313 861 366 r
1217 299 1262 368 29

173 472 207 538 ÷
226 469 459 541 Bereuwudus
495 472 805 542 iiildiuisbeimausis
843 475 1011 563 episcopus
1053 475 1183 543 interfui
1229 482 1262 544 et
1284 493 1355 548 lom

90 585 270 674 sumpsi.
1277 565 1357 613 Noai

172 703 205 770 ÷
227 701 417 772 humbertus
434 703 686 772 Constantieiieis
702 705 870 792 episcopus
883 705 1014 773 uteriui
1029 710 1063 774 et
1076 679 1259 794 subscripsi.

172 819 206 885 ÷
228 819 382 888 Arrioliic
404 820 673 888 Hulbersbchciisis
696 821 826 888 interfui
848 825 882 888 at
903 821 1088 909 subscripsi.

171 934 206 1001 ÷
229 914 396 1003 heilricus
420 935 581 1003 (buriensis
604 939 772 1024 episcopus
793 937 924 1004 interfui
946 943 981 1004 ot
1001 939 1185 1026 subscripsi.

172 1050 207 1117 ÷
228 1049 430 1120 Burchardue
442 1051 686 1120 Wormccicusis
702 1053 869 1139 spiscopus
884 1053 1013 1120 interfui
1029 1059 1061 1120 et
1076 1053 1259 1142 subscripsi.

171 1165 206 1232 ÷
228 1165 447 1235 werinharius
458 1167 700 1252 Argcuhiiieusis
713 1169 880 1255 episcopiis
891 1169 1021 1236 iubriui
1033 1173 1066 1238 st
1076 1170 1258 1258 subscripsi.

171 1281 206 1348 ÷
229 1280 399 1351 walterius
423 1283 583 1370 Spirensis
606 1284 773 1371 epiecopus
797 1285 927 1351 iutcriui
949 1291 983 1351 ct
1004 1285 1187 1372 subscripsi.

171 1397 206 1463 -1-
228 1396 316 1466 Brun
337 1400 549 1484 Augusbeueis
578 1399 746 1487 spiscopus
774 1399 904 1467 interfui
932 1399 1109 1467 collaudavi
1131 1407 1164 1468 ct
1186 1402 1260 1470 sub·

90 1530 209 1599 scripsi.

171 1629 206 1695 -1-
227 1627 394 1698 Liudoifus
405 1631 607 1698 Trcvcreueie
623 1631 878 1718 archiepiscopus
889 1631 1019 1698 interfui
1034 1636 1066 1698 et
1077 1632 1258 1721 subscripsi.

170 1744 206 1811 ÷
228 1745 437 1814 Bcrahtoldus
460 1747 615 1814 Tolleusis
638 1747 806 1833 episcopus
828 1747 958 1814 interfui
981 1752 1015 1815 ct
1036 1747 1219 1836 subscripsi.

169 1861 205 1948 5¹⁸
227 1860 341 1928 Heimc
364 1861 583 1930 Wirduiicnsis
606 1863 774 1949 episcopus
797 1862 927 1928 interfui
949 1868 983 1930 et
1004 1863 1187 1950 subscripsi.

171 1976 205 2044 ÷
226 1976 410 2062 Horiwigus
422 1977 604 2046 Iuvavsusis
616 1978 871 2065 archiepiscopus
886 1978 1016 2045 interfui
1031 1983 1064 2046 et
1074 1979 1257 2066 subscripsi.

171 2093 205 2159 ÷
228 2091 427 2160 Christianus
450 2092 647 2162 Petaviensis
670 2093 837 2180 spiscopus
865 2095 994 2161 interfui
1017 2100 1051 2162 st
1072 2094 1256 2183 subscripsi.

106 2257 112 2271 .
171 2207 205 2275 ÷
227 2205 888 2297 Gebcherdus¹Rcdcspoueusisopisoopus
898 2209 1257 2297 iuteriuetsubscripsi.

170 2322 204 2390 ÷
226 2321 409 2408 Egilbcrcus
432 2324 661 2410 Frisiugausis·
684 2326 852 2412 episcopus
874 2324 1004 2391 interfui
1027 2329 1060 2392 et
1073 2325 1256 2414 subscripsi.

170 2440 206 2507 ÷
226 2439 386 2509 Adulbero
408 2440 601 2509 Biicxieusis
624 2442 792 2528 episcopus
814 2439 944 2508 interfui
967 2446 1000 2508 cc
1022 2441 1206 2529 subscripsi.

170 2554 204 2622 ÷
226 2554 412 2623 Hcribertus
441 2556 695 2644 archiepiscopus
723 2556 920 2624 coloniensis
946 2556 1076 2625 interfui
1102 2558 1144 2625 ab
1165 2558 1257 2625 voca*

83 2670 187 2738 sinodi
209 2678 243 2739 et
265 2672 447 2759 subscripsi.
1177 2663 1183 2675 '

170 2787 204 2853 ÷
228 2786 401 2873 Suidgerus
424 2786 757 2873 biimigcrdvordensie
781 2788 948 2875 opiscopus
969 2788 1100 2855 interfui
1127 2794 1160 2857 ct
1182 2791 1256 2859 sub-

83 2920 206 2989 scripsi.

169 3019 203 3085 ÷
224 3018 397 3087 Ausfricius
419 3020 629 3088 Traiecteusis
652 3019 819 3106 episcopus
841 3018 973 3087 uteriui
994 3024 1027 3087 ct
1048 3020 1231 3108 subscripsi.

169 3134 203 3202 ÷
225 3132 416 3203 Teodiious'
438 3136 612 3205 Miudcnsis
635 3135 802 3223 epiecopus
823 3135 953 3203 iutsrhi
976 3140 1009 3202 et
1030 3135 1212 3225 subscripsi.

169 3250 203 3317 ÷
225 3250 427 3319 Tbicimarus
459 3252 626 3339 episcopus
654 3249 922 3335 Oeueburcgeusis
954 3252 1085 3319 interfui
1120 3257 1153 3319 oi
1181 3251 1256 3319 sub·

80 3367 204 3453 scripsi.

167 3482 202 3549 ÷
224 3482 350 3567 Dagiiio
369 3482 624 3571 archiepiscopus
638 3482 954 3568 Magedeburcgeusis
974 3484 1104 3551 barini
1126 3491 1160 3551 ct
1181 3482 1255 3551 sub·

80 3614 203 3685 'miss-
263 3678 264 3681 ,

166 3714 201 3781 i·
221 3713 439 3782 Hildiwsrdus
462 3714 628 3783 Oitiocnsis
652 3714 818 3802 episcopus
840 3713 970 3781 interfui
992 3719 1026 3782 et
1046 3714 1229 3803 subscripsi.

2 3828 3 3833 ’
166 3830 199 3897 i·
221 3824 442 3897 Burchardue⁸
458 3829 712 3917 archiepiscopus
727 3826 967 3897 Lauduuausis⁴
987 3830 1118 3898 interfui
1134 3836 1167 3898 et
1180 3831 1255 3899 sub-

78 3963 201 4032 scripsi.

2 4156 3 4159 *
165 4061 199 4129 ÷
220 4059 387 4129 Baldoliua
410 4061 665 4149 archiepiscopus
688 4061 940 4129 Tureutasicusis
967 4060 1098 4129 interfui
1126 4066 1160 4127 et
1180 4061 1254 4129 sub·

2 4258 3 4269 ψ
78 4176 201 4264 mpe-
891 4194 901 4207 ,

146 4342 168 4373 a.
191 4326 350 4387 Frigiugsusis
367 4326 438 4390 llcyh.
530 4326 553 4375 b.
577 4326 663 4375 suroca
679 4326 757 4389 Περὶ,
775 4329 805 4375 sd
819 4331 898 4376 votum
916 4326 979 4375 Vzc.

148 4422 175 4477 1.
193 4422 215 4477 i.
289 4423 316 4477 a.
335 4422 370 4477 iu
443 4422 470 4478 e.
488 4422 524 4478 ii.
595 4423 622 4478 4.
640 4420 843 4492 musmones.
