3142 4850
306 320 371 386 678
560 335 683 385 anonas
706 336 786 384 vrrs
809 333 967 385 onuours.
1001 336 1066 383 nra.
1082 334 1121 383 nr
1144 330 1185 383 rs.
1200 330 1232 383 ro

216 514 285 567 1127
303 503 377 583 poet
398 502 523 579 tergum
546 494 628 561 dam
650 494 812 578 assistens,
836 495 903 561 eins
924 500 1066 561 sanetum
1083 494 1232 563 verticem
1247 493 1403 559 francisca
1419 512 1474 559 an·

303 612 376 679 nisu
402 611 479 677 forti
506 608 663 696 appmiit
696 608 760 676 Sed
783 608 843 675 Dei
874 615 952 677 nutu
979 610 1131 675 frustrato
1159 609 1239 691 ictu,
1267 608 1357 694 ponti
1382 604 1474 675 firme

303 725 447 795 abbate
469 730 598 808 strato·,
620 724 672 791 cui
694 730 763 791 tum
784 724 867 791 sorte
889 724 1100 810 superstabat,
1122 723 1310 789 franciscam
1331 728 1398 789 tum
1421 742 1474 787 ra·

303 840 367 909 lide
388 839 503 923 infixit,
525 846 562 906 ut
581 836 770 905 difficultas*
792 838 979 905 extrahendi
1003 858 1125 905 moram
1147 837 1325 923 percussori
1346 838 1473 904 facerat

393 956 444 1019 19.
484 954 552 1032 Quo
580 954 649 1019 riso
679 952 871 1021 adobertus
906 955 1080 1039 interpres,
1115 952 1213 1019 nimio
1247 958 1367 1019 terrore
1401 972 1475 1019 oon·

237 1140 251 1165 x
301 1089 423 1153 camus,
446 1069 617 1154 perniciter
630 1068 818 1136 banoscum
834 1068 961 1135 barbari
975 1069 1121 1135 manibus
1137 1068 1233 1154 eripit
1248 1073 1281 1134 et
1295 1066 1474 1147 abscondit;

302 1203 489 1268 omnesque,
517 1182 645 1249 insolito
667 1182 798 1249 horrore
820 1183 1018 1266 circumfusi,
1046 1182 1233 1267 sacrilegum
1261 1182 1417 1249 inuadunt
1444 1186 1478 1249 et

302 1304 437 1366 mortem
459 1298 489 1364 oi
510 1299 679 1365 intentant
726 1296 791 1364 Sed
819 1298 921 1383 pietas
944 1297 1086 1380 Ottonis,
1113 1316 1155 1365 ne
1177 1297 1252 1382 quid
1274 1296 1351 1362 mali
1372 1296 1476 1363 bomi-

302 1414 375 1482 cida
395 1414 546 1499 patiatur,
569 1411 697 1479 obsistit
719 1413 811 1497 eique
834 1413 908 1479 licet
929 1412 1059 1496 indigno
1081 1413 1180 1479 vitam
1204 1416 1236 1479 et
1257 1410 1391 1479 salutern
1415 1412 1476 1477 im-

300 1533 416 1616 petrat
507 1526 699 1595 adalbertus
722 1534 838 1613 autem,
862 1527 1065 1595 inlacrimare
1089 1546 1256 1613 erumpens
1279 1532 1475 1593 almoniam

301 1644 404 1711 saneti
430 1640 591 1709 Michaelis
620 1641 913 1726 Babenbergensem
943 1644 1057 1709 devota
1082 1642 1285 1709 inclinatione
1314 1640 1475 1707 salutans:

300 1758 365 1825 Hic
388 1758 434 1825 ait
459 1763 539 1824 ictae
565 1761 634 1823 aiae
661 1759 758 1823 <labio
785 1744 932 1845 precibus
956 1759 1104 1843 fratrum
1132 1758 1254 1825 cenobii
1280 1762 1384 1825 macri
1407 1759 1476 1823 Ms-

302 1874 461 1941 cloeliae
483 1875 610 1940 ambro
638 1896 706 1939 meo
735 1875 881 1961 episcopo
910 1877 1020 1940 divino
1048 1877 1239 1961 protectione
1268 1886 1313 1939 eei
1334 1896 1474 1939 operm.

303 1990 390 2072 Quia
411 1990 564 2055 barbam
587 1991 663 2070 aaa,
691 1990 836 2057 aaaron
855 1992 982 2077 inperito
1006 1990 1137 2067 cellone,
1161 1993 1207 2055 a'tu
1229 1991 1407 2074 eupiltoada'
1426 1990 1478 2054 cel

300 2128 399 2171 amaa
416 2104 563 2189 faabredi
585 2106 707 2189 potate
728 2118 773 2171 eet
794 2106 944 2185 imbutae,
974 2119 1010 2171 at
1030 2108 1126 2171 aium
1148 2108 1276 2190 capreoli
1293 2105 1476 2189 sornma'm'e

302 2222 407 2287 orbem
428 2242 493 2284 noa
510 2218 673 2302 faecato
695 2222 760 2286 ieta
782 2233 927 2306 oppetere
947 2222 1095 2287 ἰώπων
1119 2234 1203 2287 eeect.

389 2332 447 2399 lllo
475 2332 591 2399 etenim
621 2336 764 2419 tempore
786 2353 896 2419 praees
920 2339 953 2403 et
974 2334 1220 2421 supplicationes
1244 2354 1370 2419 magne,
1392 2336 1476 2401 nont

301 2456 335 2519 at
365 2463 506 2535 seraper,
539 2449 627 2534 apud
655 2468 713 2515 uos
746 2447 864 2516 fiebant
896 2469 955 2536 pro
988 2449 1192 2518 dilectissimo
1226 2457 1318 2538 patre
1346 2452 1472 2519 ouona

301 2565 362 2644 Qui
384 2583 442 2631 nos
464 2583 522 2650 pra
544 2563 616 2630 aliis
638 2564 753 2630 mirum
781 2566 816 2630 in
838 2565 967 2632 modum
990 2571 1133 2634 materno
1164 2567 1391 2652 potiusquam
1417 2586 1474 2653 pa·

301 2687 392 2748 terno
416 2678 529 2747 affectu
551 2679 667 2762 iugiter
693 2680 801 2748 forero
830 2699 894 2748 non
922 2681 1030 2762 desita
1064 2681 1141 2748 adeo
1171 2687 1207 2748 ut
1233 2681 1370 2767 onmem
1395 2683 1472 2764 rice,

134 2811 286 2866 112b1132
301 2816 391 2880 oum,
419 2795 461 2861 ad
487 2793 606 2860 curiale
632 2793 823 2879 colloquium
852 2815 871 2861 a
897 2797 1098 2863 serenissimo
1126 2815 1200 2880 rege
1221 2795 1373 2863 Lethario
1401 2817 1473 2864 ero·

299 2917 407 2993 catus,
437 2909 523 2996 apud
549 2907 852 2992 Magdebnrgensem
875 2911 985 2978 urbem
1008 2913 1146 2994 graviter
1168 2917 1343 2996 egrotaret,
1374 2912 1471 2980 ascito

299 3026 372 3094 dire
396 3024 549 3092 memoria
570 3023 752 3090 Hermanno
781 3025 894 3092 abbate
917 3022 1053 3109 nostro,
1083 3045 1140 3113 per
1162 3046 1253 3110 quem
1277 3035 1355 3094 tunc
1377 3029 1471 3096 etiarn

299 3145 406 3228 preter
436 3139 499 3206 alia
525 3139 610 3205 dona
642 3144 799 3206 trecentae
831 3140 923 3208 uobis
951 3160 1074 3208 mareas
1102 3143 1295 3225 transmisit,
1330 3144 1365 3209 in
1392 3143 1471 3212 hanc

298 3255 474 3340 lugubriter
497 3260 677 3341 erumperet
700 3275 824 3322 vocem:
852 3256 991 3343 Operam
1013 3259 1272 3345 bacomparoba'leis
1293 3281 1343 3325 me
1358 3263 1470 3328 detinet

297 3375 443 3459 panace,
467 3372 553 3456 qaod
574 3372 610 3436 ia
631 3373 691 3436 boe
713 3374 889 3458 epritade'ac
911 3386 976 3439 tam
1000 3374 1090 3460 loapc
1111 3387 1245 3442 renaocus
1268 3397 1338 3443 eune
1361 3402 1384 3442 a
1401 3377 1468 3442 del·

299 3490 423 3554 cieee'mo
447 3489 649 3572 requietionis
671 3509 736 3552 mee
759 3488 837 3567 loco,
861 3501 964 3554 moeste
984 3491 1127 3556 videlicet
1148 3493 1271 3557 domiai
1292 3505 1321 3557 et
1340 3493 1470 3578 petroni

298 3605 361 3668 mei
383 3605 466 3668 beati
479 3602 646 3668 Mtobaelo
668 3603 867 3688 archeopoli3
890 3605 946 3670 obi
966 3607 1060 3671 corde
1082 3619 1110 3672 et
1126 3609 1231 3672 animo
1246 3609 1295 3672 ito
1306 3607 1399 3690 ficeta
1421 3611 1467 3673 eie·

299 3719 408 3798 boec,
433 3730 484 3798 ai,
508 3730 582 3784 tcetc
603 3717 761 3798 Domino,
785 3721 817 3784 ei
837 3719 896 3784 laec
918 3721 997 3786 bora
1018 3721 1086 3787 s'lb'e
1105 3724 1227 3807 pociores
1250 3743 1362 3804 caeam,
1386 3723 1468 3789 mille

299 3855 423 3899 marcae
452 3833 526 3899 baie
552 3833 696 3916 banniolo
724 3855 790 3900 aaa
817 3857 1031 3921 proponerem.
1143 3834 1224 3912 Quia
1251 3853 1325 3920 ergo
1355 3839 1466 3904 carias

298 3948 399 4031 erigit
428 3947 609 4030 caritatem,
642 3947 773 4031 speciali
808 3949 875 4016 eius
906 3949 1070 4016 amori-
1096 3949 1136 4017 de
1163 3951 1252 4018 cuius
1279 3951 1401 4038 capite,
1433 3957 1466 4018 ut

297 4064 456 4149 scriptura
478 4061 633 4146 loquitar,
662 4063 766 4129 oleam
788 4081 852 4130 non
876 4060 1017 4147 deiecit’,
1044 4065 1078 4132 id
1101 4070 1149 4132 esi
1170 4045 1276 4132 meriti
1299 4067 1366 4134 eius
1388 4069 1463 4134 eari-

370 4251 391 4285 a
415 4241 486 4284 snae
504 4236 528 4284 0.
688 4240 711 4286 b.
731 4239 866 4286 difficultate
885 4239 908 4286 0.
1068 4254 1088 4288 c.
1112 4241 1214 4290 odoneus
1232 4240 1256 4289 0.

369 4333 395 4388 1.
414 4332 462 4401 qui
485 4330 555 4388 obiit
577 4331 624 4387 die
645 4333 680 4388 28
698 4331 768 4389 Nor.
782 4333 860 4389 1147.
890 4335 924 4390 V.
943 4333 1065 4391 bundas
1083 4335 1111 4392 S.
1128 4335 1268 4392 Michaelis
1289 4341 1320 4392 et
1340 4332 1457 4392 liena&

297 4416 378 4474 liiob.
397 4433 482 4489 supra
498 4434 527 4490 p.
539 4420 592 4476 553
609 4424 640 4476 et
656 4421 718 4478 578.
824 4423 850 4477 2.
867 4421 959 4478 Ennia.
972 4423 998 4493 9,
1016 4423 1043 4478 8.
