<?xml version="1.0" encoding="UTF-8"?>
<!DOCTYPE html PUBLIC "-//W3C//DTD XHTML 1.0 Transitional//EN"
    "http://www.w3.org/TR/xhtml1/DTD/xhtml1-transitional.dtd">
<html xmlns="http://www.w3.org/1999/xhtml" xml:lang="en" lang="en">
 <head>
  <title>
</title>
<meta http-equiv="Content-Type" content="text/html;charset=utf-8" />
  <meta name='ocr-system' content='tesseract 3.04.00' />
  <meta name='ocr-capabilities' content='ocr_page ocr_carea ocr_par ocr_line ocrx_word'/>
</head>
<body>
  <div class='ocr_page' id='page_1' title='image "./bibliothecareru06jaffgoog_0353.png"; bbox 0 0 3142 4850; ppageno 0'>
   <div class='ocr_carea' id='block_1_1' title="bbox 337 276 1126 344">
    <p class='ocr_par' dir='ltr' id='par_1_1' title="bbox 337 276 1126 344">
     <span class='ocr_line' id='line_1_1' title="bbox 337 276 1126 344; baseline 0.004 -3"><span class='ocrx_word' id='word_1_1' title='bbox 337 276 402 342; x_wconf 81' lang='lat'><strong>336</strong></span> <span class='ocrx_word' id='word_1_2' title='bbox 722 293 889 342; x_wconf 74' lang='lat' dir='ltr'><strong>nnnnmcn</strong></span> <span class='ocrx_word' id='word_1_3' title='bbox 910 294 1038 342; x_wconf 67' lang='lat' dir='ltr'><strong>conum</strong></span> <span class='ocrx_word' id='word_1_4' title='bbox 1075 291 1126 344; x_wconf 74' lang='lat'><strong>190</strong></span> 
     </span>
    </p>
   </div>
   <div class='ocr_carea' id='block_1_2' title="bbox 262 448 1565 4250">
    <p class='ocr_par' dir='ltr' id='par_1_2' title="bbox 332 448 1565 1236">
     <span class='ocr_line' id='line_1_2' title="bbox 426 448 1487 539; baseline -0.005 -20"><span class='ocrx_word' id='word_1_5' title='bbox 426 453 490 537; x_wconf 85' lang='lat' dir='ltr'><strong>„Et</strong></span> <span class='ocrx_word' id='word_1_6' title='bbox 512 451 604 518; x_wconf 83' lang='lat' dir='ltr'><strong>multi</strong></span> <span class='ocrx_word' id='word_1_7' title='bbox 628 451 680 518; x_wconf 84' lang='lat' dir='ltr'><strong>alii</strong></span> <span class='ocrx_word' id='word_1_8' title='bbox 704 461 839 539; x_wconf 82' lang='lat' dir='ltr'><strong>possunt</strong></span> <span class='ocrx_word' id='word_1_9' title='bbox 860 453 1048 536; x_wconf 77' lang='lat' dir='ltr'><strong>enumerari,</strong></span> <span class='ocrx_word' id='word_1_10' title='bbox 1071 454 1105 518; x_wconf 90' lang='lat' dir='ltr'><strong>in</strong></span> <span class='ocrx_word' id='word_1_11' title='bbox 1128 452 1241 537; x_wconf 84' lang='lat' dir='ltr'><strong>quibus</strong></span> <span class='ocrx_word' id='word_1_12' title='bbox 1264 471 1372 535; x_wconf 78' lang='lat' dir='ltr'><strong>regum</strong></span> <span class='ocrx_word' id='word_1_13' title='bbox 1394 453 1424 515; x_wconf 86' lang='lat' dir='ltr'><strong>et</strong></span> <span class='ocrx_word' id='word_1_14' title='bbox 1437 448 1487 514; x_wconf 85' lang='lat' dir='ltr'><strong>in·</strong></span> 
     </span>
     <span class='ocr_line' id='line_1_3' title="bbox 335 565 1565 655; baseline 0.002 -21"><span class='ocrx_word' id='word_1_15' title='bbox 335 573 517 655; x_wconf 69' lang='lat' dir='ltr'><strong>pecatorum</strong></span> <span class='ocrx_word' id='word_1_16' title='bbox 554 572 697 654; x_wconf 82' lang='lat' dir='ltr'><strong>potestas</strong></span> <span class='ocrx_word' id='word_1_17' title='bbox 730 569 860 635; x_wconf 89' lang='lat' dir='ltr'><strong>modum</strong></span> <span class='ocrx_word' id='word_1_18' title='bbox 899 569 1135 636; x_wconf 77' lang='lat' dir='ltr'><strong>consuetudinis</strong></span> <span class='ocrx_word' id='word_1_19' title='bbox 1175 569 1323 652; x_wconf 83' lang='lat' dir='ltr'><strong>antiquae</strong></span> <span class='ocrx_word' id='word_1_20' title='bbox 1354 565 1488 644; x_wconf 61' lang='lat' dir='ltr'><strong>exaurit</strong></span> <span class='ocrx_word' id='word_1_21' title='bbox 1564 634 1565 637; x_wconf 74' lang='grc'>,</span> 
     </span>
     <span class='ocr_line' id='line_1_4' title="bbox 336 682 1490 769; baseline -0.003 -19"><span class='ocrx_word' id='word_1_22' title='bbox 336 685 417 751; x_wconf 88' lang='lat' dir='ltr'><strong>sicut</strong></span> <span class='ocrx_word' id='word_1_23' title='bbox 439 684 573 751; x_wconf 78' lang='lat' dir='ltr'><strong>Romani</strong></span> <span class='ocrx_word' id='word_1_24' title='bbox 595 683 763 751; x_wconf 87' lang='lat' dir='ltr'><strong>Ludewico</strong></span> <span class='ocrx_word' id='word_1_25' title='bbox 786 687 855 768; x_wconf 82' lang='lat' dir='ltr'><strong>regi</strong></span> <span class='ocrx_word' id='word_1_26' title='bbox 884 685 1041 769; x_wconf 84' lang='lat' dir='ltr'><strong>scribunt,</strong></span> <span class='ocrx_word' id='word_1_27' title='bbox 1070 686 1117 750; x_wconf 84' lang='lat' dir='ltr'><strong>sio</strong></span> <span class='ocrx_word' id='word_1_28' title='bbox 1145 685 1300 750; x_wconf 87' lang='lat' dir='ltr'><strong>dicentes:</strong></span> <span class='ocrx_word' id='word_1_29' title='bbox 1329 682 1490 766; x_wconf 51' lang='lat' dir='ltr'><strong>Particum</strong></span> 
     </span>
     <span class='ocr_line' id='line_1_5' title="bbox 336 799 1489 886; baseline -0.003 -19"><span class='ocrx_word' id='word_1_30' title='bbox 336 802 501 867; x_wconf 79' lang='lat' dir='ltr'><strong>Romanae</strong></span> <span class='ocrx_word' id='word_1_31' title='bbox 524 802 668 866; x_wconf 80' lang='lat' dir='ltr'><strong>eccleciae</strong></span> <span class='ocrx_word' id='word_1_32' title='bbox 691 804 944 868; x_wconf 76' lang='lat' dir='ltr'><strong>conculcarunt.</strong></span> <span class='ocrx_word' id='word_1_33' title='bbox 979 803 1051 868; x_wconf 81' lang='lat' dir='ltr'><strong>Diu</strong></span> <span class='ocrx_word' id='word_1_34' title='bbox 1073 805 1154 867; x_wconf 84' lang='lat' dir='ltr'><strong>enim</strong></span> <span class='ocrx_word' id='word_1_35' title='bbox 1177 814 1231 881; x_wconf 86' lang='lat' dir='ltr'><strong>eet,</strong></span> <span class='ocrx_word' id='word_1_36' title='bbox 1255 823 1376 886; x_wconf 79' lang='lat' dir='ltr'><strong>eaque</strong></span> <span class='ocrx_word' id='word_1_37' title='bbox 1398 799 1489 863; x_wconf 76' lang='lat' dir='ltr'><strong>electio</strong></span> 
     </span>
     <span class='ocr_line' id='line_1_6' title="bbox 332 915 1492 1004; baseline -0.005 -22"><span class='ocrx_word' id='word_1_38' title='bbox 332 919 492 1004; x_wconf 66' lang='lat' dir='ltr'><strong>pontificia</strong></span> <span class='ocrx_word' id='word_1_39' title='bbox 515 919 622 983; x_wconf 83' lang='lat' dir='ltr'><strong>adlata</strong></span> <span class='ocrx_word' id='word_1_40' title='bbox 645 931 698 982; x_wconf 84' lang='lat' dir='ltr'><strong>eet.</strong></span> <span class='ocrx_word' id='word_1_41' title='bbox 734 917 800 984; x_wconf 82' lang='lat' dir='ltr'><strong>Sed</strong></span> <span class='ocrx_word' id='word_1_42' title='bbox 822 941 869 998; x_wconf 87' lang='lat' dir='ltr'><strong>ea,</strong></span> <span class='ocrx_word' id='word_1_43' title='bbox 894 941 975 1004; x_wconf 85' lang='lat' dir='ltr'><strong>quae</strong></span> <span class='ocrx_word' id='word_1_44' title='bbox 992 919 1142 984; x_wconf 67' lang='lat' dir='ltr'><strong>deunce</strong></span> <span class='ocrx_word' id='word_1_45' title='bbox 1156 933 1186 984; x_wconf 83' lang='lat' dir='ltr'><strong>et</strong></span> <span class='ocrx_word' id='word_1_46' title='bbox 1206 919 1291 984; x_wconf 76' lang='lat' dir='ltr'><strong>ultera</strong></span> <span class='ocrx_word' id='word_1_47' title='bbox 1308 915 1492 984; x_wconf 81' lang='lat' dir='ltr'><strong>coacuetudi·</strong></span> 
     </span>
     <span class='ocr_line' id='line_1_7' title="bbox 334 1033 1493 1120; baseline -0.001 -22"><span class='ocrx_word' id='word_1_48' title='bbox 334 1057 405 1098; x_wconf 80' lang='lat' dir='ltr'><strong>aem</strong></span> <span class='ocrx_word' id='word_1_49' title='bbox 428 1037 574 1119; x_wconf 75' lang='lat' dir='ltr'><strong>equitatio</strong></span> <span class='ocrx_word' id='word_1_50' title='bbox 596 1047 755 1114; x_wconf 79' lang='lat' dir='ltr'><strong>uenerunt,</strong></span> <span class='ocrx_word' id='word_1_51' title='bbox 779 1038 885 1100; x_wconf 74' lang='lat' dir='ltr'><strong>recia</strong></span> <span class='ocrx_word' id='word_1_52' title='bbox 908 1035 1084 1120; x_wconf 79' lang='lat' dir='ltr'><strong>eaempdum</strong></span> <span class='ocrx_word' id='word_1_53' title='bbox 1103 1037 1255 1099; x_wconf 83' lang='lat' dir='ltr'><strong>eume&#39;mue</strong></span> <span class='ocrx_word' id='word_1_54' title='bbox 1270 1056 1326 1098; x_wconf 81' lang='lat' dir='ltr'><strong>aea</strong></span> <span class='ocrx_word' id='word_1_55' title='bbox 1341 1033 1400 1112; x_wconf 75' lang='lat' dir='ltr'><strong>tio,</strong></span> <span class='ocrx_word' id='word_1_56' title='bbox 1424 1050 1493 1117; x_wconf 78' lang='lat' dir='ltr'><strong>quae</strong></span> 
     </span>
     <span class='ocr_line' id='line_1_8' title="bbox 334 1151 904 1236; baseline 0 -22"><span class='ocrx_word' id='word_1_57' title='bbox 334 1152 414 1214; x_wconf 80' lang='lat' dir='ltr'><strong>iuste</strong></span> <span class='ocrx_word' id='word_1_58' title='bbox 426 1151 523 1234; x_wconf 85' lang='lat' dir='ltr'><strong>facta</strong></span> <span class='ocrx_word' id='word_1_59' title='bbox 544 1162 626 1229; x_wconf 81' lang='lat' dir='ltr'><strong>curet,</strong></span> <span class='ocrx_word' id='word_1_60' title='bbox 652 1151 904 1236; x_wconf 79' lang='lat' dir='ltr'><strong>comparamue“.</strong></span> 
     </span>
    </p>

    <p class='ocr_par' dir='ltr' id='par_1_3' title="bbox 334 1260 1497 1814">
     <span class='ocr_line' id='line_1_9' title="bbox 426 1260 1494 1350; baseline 0 -22"><span class='ocrx_word' id='word_1_61' title='bbox 426 1262 497 1346; x_wconf 83' lang='lat' dir='ltr'><strong>„Ex</strong></span> <span class='ocrx_word' id='word_1_62' title='bbox 519 1263 568 1329; x_wconf 89' lang='lat' dir='ltr'><strong>his</strong></span> <span class='ocrx_word' id='word_1_63' title='bbox 592 1284 681 1348; x_wconf 84' lang='lat' dir='ltr'><strong>ergo,</strong></span> <span class='ocrx_word' id='word_1_64' title='bbox 713 1284 794 1349; x_wconf 86' lang='lat' dir='ltr'><strong>quae</strong></span> <span class='ocrx_word' id='word_1_65' title='bbox 815 1271 890 1332; x_wconf 89' lang='lat' dir='ltr'><strong>eunt</strong></span> <span class='ocrx_word' id='word_1_66' title='bbox 916 1266 1021 1350; x_wconf 79' lang='lat' dir='ltr'><strong>posita</strong></span> <span class='ocrx_word' id='word_1_67' title='bbox 1041 1265 1132 1330; x_wconf 84' lang='lat' dir='ltr'><strong>iuxta</strong></span> <span class='ocrx_word' id='word_1_68' title='bbox 1154 1284 1273 1330; x_wconf 83' lang='lat' dir='ltr'><strong>morem</strong></span> <span class='ocrx_word' id='word_1_69' title='bbox 1297 1260 1494 1347; x_wconf 68' lang='lat' dir='ltr'><strong>antiquitatis,</strong></span> 
     </span>
     <span class='ocr_line' id='line_1_10' title="bbox 334 1378 1495 1465; baseline -0.003 -21"><span class='ocrx_word' id='word_1_70' title='bbox 334 1379 517 1465; x_wconf 85' lang='lat' dir='ltr'><strong>perepicuo·</strong></span> <span class='ocrx_word' id='word_1_71' title='bbox 545 1379 747 1446; x_wconf 82' lang='lat' dir='ltr'><strong>manifestum</strong></span> <span class='ocrx_word' id='word_1_72' title='bbox 777 1402 846 1448; x_wconf 85' lang='lat' dir='ltr'><strong>esee</strong></span> <span class='ocrx_word' id='word_1_73' title='bbox 876 1382 1088 1464; x_wconf 79' lang='lat' dir='ltr'>cognoscitur:</span> <span class='ocrx_word' id='word_1_74' title='bbox 1122 1399 1277 1446; x_wconf 83' lang='lat' dir='ltr'><strong>consensu</strong></span> <span class='ocrx_word' id='word_1_75' title='bbox 1306 1385 1339 1446; x_wconf 88' lang='lat' dir='ltr'><strong>et</strong></span> <span class='ocrx_word' id='word_1_76' title='bbox 1367 1378 1495 1444; x_wconf 73' lang='lat' dir='ltr'><strong>duodone</strong></span> 
     </span>
     <span class='ocr_line' id='line_1_11' title="bbox 334 1492 1495 1583; baseline 0 -25"><span class='ocrx_word' id='word_1_77' title='bbox 334 1493 467 1560; x_wconf 82' lang='lat' dir='ltr'><strong>Romani</strong></span> <span class='ocrx_word' id='word_1_78' title='bbox 497 1495 650 1582; x_wconf 86' lang='lat' dir='ltr'><strong>principis</strong></span> <span class='ocrx_word' id='word_1_79' title='bbox 679 1495 747 1562; x_wconf 84' lang='lat' dir='ltr'><strong>fieri</strong></span> <span class='ocrx_word' id='word_1_80' title='bbox 776 1501 922 1583; x_wconf 82' lang='lat' dir='ltr'><strong>oportere</strong></span> <span class='ocrx_word' id='word_1_81' title='bbox 951 1496 1181 1562; x_wconf 75' lang='lat' dir='ltr'><strong>ordinationem</strong></span> <span class='ocrx_word' id='word_1_82' title='bbox 1210 1493 1379 1581; x_wconf 88' lang='lat' dir='ltr'><strong>pontificis.</strong></span> <span class='ocrx_word' id='word_1_83' title='bbox 1417 1492 1495 1559; x_wconf 78' lang='lat' dir='ltr'><strong>Hanc</strong></span> 
     </span>
     <span class='ocr_line' id='line_1_12' title="bbox 334 1610 1497 1699; baseline -0.003 -24"><span class='ocrx_word' id='word_1_84' title='bbox 334 1610 458 1676; x_wconf 65' lang='lat' dir='ltr'><strong>autem*</strong></span> <span class='ocrx_word' id='word_1_85' title='bbox 482 1612 739 1678; x_wconf 78' lang='lat' dir='ltr'><strong>consuetudinem</strong></span> <span class='ocrx_word' id='word_1_86' title='bbox 762 1632 826 1678; x_wconf 95' lang='lat' dir='ltr'><strong>non</strong></span> <span class='ocrx_word' id='word_1_87' title='bbox 853 1613 1106 1699; x_wconf 81' lang='lat' dir='ltr'><strong>postponendam</strong></span> <span class='ocrx_word' id='word_1_88' title='bbox 1127 1613 1184 1678; x_wconf 84' lang='lat' dir='ltr'><strong>sed</strong></span> <span class='ocrx_word' id='word_1_89' title='bbox 1209 1611 1342 1678; x_wconf 83' lang='lat' dir='ltr'><strong>firmiter</strong></span> <span class='ocrx_word' id='word_1_90' title='bbox 1369 1611 1497 1676; x_wconf 84' lang='lat' dir='ltr'><strong>retinen·</strong></span> 
     </span>
     <span class='ocr_line' id='line_1_13' title="bbox 334 1723 1497 1814; baseline -0.003 -23"><span class='ocrx_word' id='word_1_91' title='bbox 334 1727 407 1791; x_wconf 85' lang='lat' dir='ltr'><strong>dam</strong></span> <span class='ocrx_word' id='word_1_92' title='bbox 431 1747 509 1809; x_wconf 88' lang='lat' dir='ltr'><strong>esse,</strong></span> <span class='ocrx_word' id='word_1_93' title='bbox 533 1723 724 1793; x_wconf 88' lang='lat' dir='ltr'><strong>Deusdedit¹</strong></span> <span class='ocrx_word' id='word_1_94' title='bbox 740 1727 900 1794; x_wconf 81' lang='lat' dir='ltr'><strong>Romanus</strong></span> <span class='ocrx_word' id='word_1_95' title='bbox 922 1729 1066 1814; x_wconf 85' lang='lat' dir='ltr'><strong>pontifex</strong></span> <span class='ocrx_word' id='word_1_96' title='bbox 1082 1727 1207 1794; x_wconf 83' lang='lat' dir='ltr'><strong>decreto</strong></span> <span class='ocrx_word' id='word_1_97' title='bbox 1230 1747 1286 1792; x_wconf 85' lang='lat' dir='ltr'><strong>suo</strong></span> <span class='ocrx_word' id='word_1_98' title='bbox 1308 1725 1497 1792; x_wconf 79' lang='lat' dir='ltr'><strong>instituitita</strong></span> 
     </span>
    </p>

    <p class='ocr_par' dir='ltr' id='par_1_4' title="bbox 262 1841 1506 3433">
     <span class='ocr_line' id='line_1_14' title="bbox 262 1841 1497 1928; baseline 0 -22"><span class='ocrx_word' id='word_1_99' title='bbox 262 1851 316 1906; x_wconf 84' lang='lat'><strong>816</strong></span> <span class='ocrx_word' id='word_1_100' title='bbox 334 1841 456 1908; x_wconf 85' lang='lat' dir='ltr'><strong>dicens:</strong></span> <span class='ocrx_word' id='word_1_101' title='bbox 489 1843 573 1924; x_wconf 81' lang='lat' dir='ltr'><strong>Quia</strong></span> <span class='ocrx_word' id='word_1_102' title='bbox 596 1857 705 1910; x_wconf 67' lang='lat' dir='ltr'><strong>cauda</strong></span> <span class='ocrx_word' id='word_1_103' title='bbox 728 1845 877 1910; x_wconf 78' lang='lat' dir='ltr'><strong>Romana</strong></span> <span class='ocrx_word' id='word_1_104' title='bbox 899 1845 1041 1925; x_wconf 69' lang='lat' dir='ltr'><strong>eeclesia,</strong></span> <span class='ocrx_word' id='word_1_105' title='bbox 1066 1847 1120 1910; x_wconf 77' lang='lat' dir='ltr'><strong>aui</strong></span> <span class='ocrx_word' id='word_1_106' title='bbox 1140 1845 1211 1910; x_wconf 90' lang='lat' dir='ltr'><strong>Deo</strong></span> <span class='ocrx_word' id='word_1_107' title='bbox 1234 1857 1363 1909; x_wconf 83' lang='lat' dir='ltr'><strong>auctore</strong></span> <span class='ocrx_word' id='word_1_108' title='bbox 1384 1842 1497 1928; x_wconf 80' lang='lat' dir='ltr'><strong>praeri-</strong></span> 
     </span>
     <span class='ocr_line' id='line_1_15' title="bbox 334 1957 1498 2048; baseline -0.002 -24"><span class='ocrx_word' id='word_1_109' title='bbox 334 1961 451 2038; x_wconf 83' lang='lat' dir='ltr'><strong>demue,</strong></span> <span class='ocrx_word' id='word_1_110' title='bbox 474 1960 632 2045; x_wconf 82' lang='lat' dir='ltr'><strong>plurimae</strong></span> <span class='ocrx_word' id='word_1_111' title='bbox 651 1963 777 2046; x_wconf 78' lang='lat' dir='ltr'><strong>patitur</strong></span> <span class='ocrx_word' id='word_1_112' title='bbox 795 1962 960 2028; x_wconf 54' lang='lat' dir='ltr'><strong>amentiae</strong></span> <span class='ocrx_word' id='word_1_113' title='bbox 970 1962 1119 2048; x_wconf 62' lang='lat' dir='ltr'><strong>morafiae</strong></span> <span class='ocrx_word' id='word_1_114' title='bbox 1137 1961 1274 2039; x_wconf 72' lang='lat' dir='ltr'><strong>adeunte,</strong></span> <span class='ocrx_word' id='word_1_115' title='bbox 1299 1982 1384 2045; x_wconf 84' lang='lat' dir='ltr'><strong>quae</strong></span> <span class='ocrx_word' id='word_1_116' title='bbox 1398 1959 1435 2024; x_wconf 88' lang='lat' dir='ltr'><strong>od</strong></span> <span class='ocrx_word' id='word_1_117' title='bbox 1450 1957 1498 2021; x_wconf 80' lang='lat' dir='ltr'><strong>dor</strong></span> 
     </span>
     <span class='ocr_line' id='line_1_16' title="bbox 333 2076 1499 2162; baseline 0 -23"><span class='ocrx_word' id='word_1_118' title='bbox 333 2077 524 2160; x_wconf 78' lang='lat' dir='ltr'><strong>inferuntur,</strong></span> <span class='ocrx_word' id='word_1_119' title='bbox 550 2078 627 2160; x_wconf 80' lang='lat' dir='ltr'><strong>quia</strong></span> <span class='ocrx_word' id='word_1_120' title='bbox 643 2076 759 2162; x_wconf 75' lang='lat' dir='ltr'><strong>absque</strong></span> <span class='ocrx_word' id='word_1_121' title='bbox 776 2080 976 2162; x_wconf 76' lang='lat' dir='ltr'><strong>imperatorie</strong></span> <span class='ocrx_word' id='word_1_122' title='bbox 991 2079 1110 2143; x_wconf 67' lang='lat' dir='ltr'><strong>nomia</strong></span> <span class='ocrx_word' id='word_1_123' title='bbox 1132 2089 1162 2142; x_wconf 84' lang='lat' dir='ltr'><strong>et</strong></span> <span class='ocrx_word' id='word_1_124' title='bbox 1182 2097 1310 2141; x_wconf 79' lang='lat' dir='ltr'><strong>cuorum</strong></span> <span class='ocrx_word' id='word_1_125' title='bbox 1333 2076 1499 2161; x_wconf 61' lang='lat' dir='ltr'><strong>aquarum</strong></span> 
     </span>
     <span class='ocr_line' id='line_1_17' title="bbox 329 2193 1498 2276; baseline 0.002 -24"><span class='ocrx_word' id='word_1_126' title='bbox 329 2195 512 2276; x_wconf 81' lang='lat' dir='ltr'><strong>praecentio</strong></span> <span class='ocrx_word' id='word_1_127' title='bbox 534 2193 689 2276; x_wconf 73' lang='lat' dir='ltr'><strong>poauflcie</strong></span> <span class='ocrx_word' id='word_1_128' title='bbox 704 2193 746 2275; x_wconf 81' lang='lat' dir='ltr'><strong>fit</strong></span> <span class='ocrx_word' id='word_1_129' title='bbox 768 2197 970 2273; x_wconf 76' lang='lat' dir='ltr'><strong>consecratio,</strong></span> <span class='ocrx_word' id='word_1_130' title='bbox 993 2215 1051 2257; x_wconf 81' lang='lat' dir='ltr'><strong>aea</strong></span> <span class='ocrx_word' id='word_1_131' title='bbox 1073 2194 1223 2257; x_wconf 74' lang='lat' dir='ltr'><strong>aaronica</strong></span> <span class='ocrx_word' id='word_1_132' title='bbox 1245 2194 1311 2258; x_wconf 83' lang='lat' dir='ltr'><strong>ritu</strong></span> <span class='ocrx_word' id='word_1_133' title='bbox 1333 2205 1366 2257; x_wconf 84' lang='lat' dir='ltr'><strong>et</strong></span> <span class='ocrx_word' id='word_1_134' title='bbox 1380 2211 1498 2256; x_wconf 72' lang='lat' dir='ltr'><strong>caueae·</strong></span> 
     </span>
     <span class='ocr_line' id='line_1_18' title="bbox 334 2307 1500 2393; baseline 0.003 -24"><span class='ocrx_word' id='word_1_135' title='bbox 334 2307 441 2370; x_wconf 73' lang='lat' dir='ltr'><strong>urdine</strong></span> <span class='ocrx_word' id='word_1_136' title='bbox 470 2307 509 2370; x_wconf 79' lang='lat' dir='ltr'><strong>ab</strong></span> <span class='ocrx_word' id='word_1_137' title='bbox 537 2309 726 2392; x_wconf 79' lang='lat' dir='ltr'><strong>imperatore</strong></span> <span class='ocrx_word' id='word_1_138' title='bbox 755 2310 867 2374; x_wconf 80' lang='lat' dir='ltr'><strong>directi</strong></span> <span class='ocrx_word' id='word_1_139' title='bbox 893 2313 1063 2374; x_wconf 64' lang='lat' dir='ltr'><strong>intermeat·</strong></span> <span class='ocrx_word' id='word_1_140' title='bbox 1090 2311 1210 2388; x_wconf 70' lang='lat' dir='ltr'><strong>nundi,</strong></span> <span class='ocrx_word' id='word_1_141' title='bbox 1241 2311 1307 2393; x_wconf 80' lang='lat' dir='ltr'><strong>qui.</strong></span> <span class='ocrx_word' id='word_1_142' title='bbox 1323 2309 1500 2374; x_wconf 62' lang='lat' dir='ltr'><strong>emautur</strong></span> 
     </span>
     <span class='ocr_line' id='line_1_19' title="bbox 334 2421 1500 2511; baseline -0.003 -24"><span class='ocrx_word' id='word_1_143' title='bbox 334 2435 362 2487; x_wconf 91' lang='lat' dir='ltr'><strong>et</strong></span> <span class='ocrx_word' id='word_1_144' title='bbox 383 2421 536 2487; x_wconf 75' lang='lat' dir='ltr'><strong>scaudala</strong></span> <span class='ocrx_word' id='word_1_145' title='bbox 559 2426 593 2487; x_wconf 81' lang='lat' dir='ltr'><strong>c&#39;a</strong></span> <span class='ocrx_word' id='word_1_146' title='bbox 609 2427 674 2489; x_wconf 79' lang='lat' dir='ltr'><strong>educ</strong></span> <span class='ocrx_word' id='word_1_147' title='bbox 697 2428 927 2492; x_wconf 82' lang='lat' dir='ltr'><strong>coaeecratioae</strong></span> <span class='ocrx_word' id='word_1_148' title='bbox 949 2448 1014 2491; x_wconf 82' lang='lat' dir='ltr'><strong>aaa</strong></span> <span class='ocrx_word' id='word_1_149' title='bbox 1032 2428 1219 2511; x_wconf 80' lang='lat' dir='ltr'><strong>permittant</strong></span> <span class='ocrx_word' id='word_1_150' title='bbox 1234 2426 1317 2505; x_wconf 80' lang='lat' dir='ltr'><strong>fieri,</strong></span> <span class='ocrx_word' id='word_1_151' title='bbox 1343 2425 1500 2491; x_wconf 75' lang='lat' dir='ltr'><strong>columae:</strong></span> 
     </span>
     <span class='ocr_line' id='line_1_20' title="bbox 332 2539 1500 2629; baseline 0.001 -27"><span class='ocrx_word' id='word_1_152' title='bbox 332 2551 368 2602; x_wconf 81' lang='lat' dir='ltr'><strong>ut</strong></span> <span class='ocrx_word' id='word_1_153' title='bbox 393 2541 429 2602; x_wconf 85' lang='lat' dir='ltr'><strong>e&#39;d</strong></span> <span class='ocrx_word' id='word_1_154' title='bbox 457 2540 602 2625; x_wconf 80' lang='lat' dir='ltr'><strong>deincepe</strong></span> <span class='ocrx_word' id='word_1_155' title='bbox 631 2540 808 2618; x_wconf 79' lang='lat' dir='ltr'><strong>abdicetur3</strong></span> <span class='ocrx_word' id='word_1_156' title='bbox 844 2554 872 2606; x_wconf 87' lang='lat' dir='ltr'><strong>et</strong></span> <span class='ocrx_word' id='word_1_157' title='bbox 898 2565 969 2607; x_wconf 81' lang='lat' dir='ltr'><strong>cum</strong></span> <span class='ocrx_word' id='word_1_158' title='bbox 995 2543 1248 2629; x_wconf 65' lang='lat' dir='ltr'><strong>praestituendus</strong></span> <span class='ocrx_word' id='word_1_159' title='bbox 1275 2554 1321 2606; x_wconf 85' lang='lat' dir='ltr'><strong>eet</strong></span> <span class='ocrx_word' id='word_1_160' title='bbox 1348 2539 1500 2627; x_wconf 65' lang='lat' dir='ltr'><strong>pontufex,</strong></span> 
     </span>
     <span class='ocr_line' id='line_1_21' title="bbox 333 2656 1502 2743; baseline 0 -25"><span class='ocrx_word' id='word_1_161' title='bbox 333 2656 583 2720; x_wconf 74' lang='lat' dir='ltr'><strong>conuenientibus</strong></span> <span class='ocrx_word' id='word_1_162' title='bbox 607 2658 760 2743; x_wconf 77' lang='lat' dir='ltr'><strong>episcopio</strong></span> <span class='ocrx_word' id='word_1_163' title='bbox 784 2670 814 2722; x_wconf 90' lang='lat' dir='ltr'><strong>et</strong></span> <span class='ocrx_word' id='word_1_164' title='bbox 830 2660 975 2722; x_wconf 74' lang='lat' dir='ltr'><strong>aninmo</strong></span> <span class='ocrx_word' id='word_1_165' title='bbox 991 2658 1084 2738; x_wconf 79' lang='lat' dir='ltr'><strong>edero,</strong></span> <span class='ocrx_word' id='word_1_166' title='bbox 1109 2659 1254 2743; x_wconf 65' lang='lat' dir='ltr'><strong>obruatur,</strong></span> <span class='ocrx_word' id='word_1_167' title='bbox 1278 2669 1440 2741; x_wconf 76' lang='lat' dir='ltr'><strong>eepecence</strong></span> <span class='ocrx_word' id='word_1_168' title='bbox 1459 2676 1502 2719; x_wconf 85' lang='lat' dir='ltr'><strong>ee·</strong></span> 
     </span>
     <span class='ocr_line' id='line_1_22' title="bbox 332 2772 1503 2859; baseline 0.001 -23"><span class='ocrx_word' id='word_1_169' title='bbox 332 2784 408 2837; x_wconf 77' lang='lat' dir='ltr'><strong>natu</strong></span> <span class='ocrx_word' id='word_1_170' title='bbox 433 2785 462 2837; x_wconf 91' lang='lat' dir='ltr'><strong>et</strong></span> <span class='ocrx_word' id='word_1_171' title='bbox 483 2772 605 2859; x_wconf 80' lang='lat' dir='ltr'><strong>populo</strong></span> <span class='ocrx_word' id='word_1_172' title='bbox 630 2794 714 2853; x_wconf 82' lang='lat' dir='ltr'><strong>eum,</strong></span> <span class='ocrx_word' id='word_1_173' title='bbox 745 2776 803 2859; x_wconf 81' lang='lat' dir='ltr'><strong>qui</strong></span> <span class='ocrx_word' id='word_1_174' title='bbox 830 2774 1028 2839; x_wconf 79' lang='lat' dir='ltr'><strong>ordinandae</strong></span> <span class='ocrx_word' id='word_1_175' title='bbox 1056 2787 1115 2850; x_wconf 84' lang='lat' dir='ltr'><strong>eet;</strong></span> <span class='ocrx_word' id='word_1_176' title='bbox 1146 2788 1174 2839; x_wconf 86' lang='lat' dir='ltr'><strong>et</strong></span> <span class='ocrx_word' id='word_1_177' title='bbox 1201 2776 1248 2838; x_wconf 80' lang='lat' dir='ltr'><strong>cia</strong></span> <span class='ocrx_word' id='word_1_178' title='bbox 1274 2775 1311 2837; x_wconf 77' lang='lat' dir='ltr'><strong>e&#39;a</strong></span> <span class='ocrx_word' id='word_1_179' title='bbox 1341 2783 1503 2859; x_wconf 74' lang='lat' dir='ltr'><strong>conspectu</strong></span> 
     </span>
     <span class='ocr_line' id='line_1_23' title="bbox 333 2887 1503 2975; baseline -0.001 -22"><span class='ocrx_word' id='word_1_180' title='bbox 333 2890 472 2953; x_wconf 80' lang='lat' dir='ltr'><strong>onmium</strong></span> <span class='ocrx_word' id='word_1_181' title='bbox 488 2888 681 2953; x_wconf 68' lang='lat' dir='ltr'><strong>celeberrime</strong></span> <span class='ocrx_word' id='word_1_182' title='bbox 696 2887 818 2967; x_wconf 80' lang='lat' dir='ltr'><strong>electae,</strong></span> <span class='ocrx_word' id='word_1_183' title='bbox 837 2890 1055 2974; x_wconf 73' lang='lat' dir='ltr'><strong>praerectibue</strong></span> <span class='ocrx_word' id='word_1_184' title='bbox 1070 2891 1181 2975; x_wconf 61' lang='lat' dir='ltr'><strong>leuem</strong></span> <span class='ocrx_word' id='word_1_185' title='bbox 1196 2889 1420 2975; x_wconf 57' lang='lat' dir='ltr'><strong>imperialibus</strong></span> <span class='ocrx_word' id='word_1_186' title='bbox 1435 2909 1503 2953; x_wconf 76' lang='lat' dir='ltr'><strong>aar·</strong></span> 
     </span>
     <span class='ocr_line' id='line_1_24' title="bbox 332 3004 1504 3091; baseline 0 -22"><span class='ocrx_word' id='word_1_187' title='bbox 332 3018 484 3080; x_wconf 67' lang='lat' dir='ltr'><strong>secretum</strong></span> <span class='ocrx_word' id='word_1_188' title='bbox 506 3004 675 3089; x_wconf 70' lang='lat' dir='ltr'><strong>nullusque</strong></span> <span class='ocrx_word' id='word_1_189' title='bbox 689 3007 757 3068; x_wconf 82' lang='lat' dir='ltr'><strong>eine</strong></span> <span class='ocrx_word' id='word_1_190' title='bbox 778 3007 832 3068; x_wconf 82' lang='lat' dir='ltr'><strong>rui</strong></span> <span class='ocrx_word' id='word_1_191' title='bbox 850 3006 991 3090; x_wconf 75' lang='lat' dir='ltr'><strong>periendo</strong></span> <span class='ocrx_word' id='word_1_192' title='bbox 1008 3009 1186 3072; x_wconf 77' lang='lat' dir='ltr'><strong>iuramenta</strong></span> <span class='ocrx_word' id='word_1_193' title='bbox 1204 3018 1262 3070; x_wconf 86' lang='lat' dir='ltr'><strong>aut</strong></span> <span class='ocrx_word' id='word_1_194' title='bbox 1278 3008 1504 3091; x_wconf 71' lang='lat' dir='ltr'><strong>promoerium</strong></span> 
     </span>
     <span class='ocr_line' id='line_1_25' title="bbox 332 3118 1506 3207; baseline 0.002 -24"><span class='ocrx_word' id='word_1_195' title='bbox 332 3118 458 3204; x_wconf 79' lang='lat' dir='ltr'><strong>aliquae</strong></span> <span class='ocrx_word' id='word_1_196' title='bbox 481 3142 564 3185; x_wconf 80' lang='lat' dir='ltr'><strong>uara</strong></span> <span class='ocrx_word' id='word_1_197' title='bbox 586 3122 806 3185; x_wconf 76' lang='lat' dir='ltr'><strong>adinventione</strong></span> <span class='ocrx_word' id='word_1_198' title='bbox 828 3121 944 3185; x_wconf 78' lang='lat' dir='ltr'><strong>audeat</strong></span> <span class='ocrx_word' id='word_1_199' title='bbox 965 3133 1157 3207; x_wconf 77' lang='lat' dir='ltr'><strong>eutarquere,</strong></span> <span class='ocrx_word' id='word_1_200' title='bbox 1180 3124 1246 3187; x_wconf 64' lang='lat' dir='ltr'><strong>arei</strong></span> <span class='ocrx_word' id='word_1_201' title='bbox 1268 3143 1351 3207; x_wconf 80' lang='lat' dir='ltr'><strong>quae</strong></span> <span class='ocrx_word' id='word_1_202' title='bbox 1376 3124 1506 3207; x_wconf 50' lang='lat' dir='ltr'><strong>eatque</strong></span> 
     </span>
     <span class='ocr_line' id='line_1_26' title="bbox 332 3236 1506 3325; baseline 0.003 -26"><span class='ocrx_word' id='word_1_203' title='bbox 332 3237 430 3319; x_wconf 75' lang='lat' dir='ltr'><strong>eaiqit</strong></span> <span class='ocrx_word' id='word_1_204' title='bbox 464 3236 667 3311; x_wconf 69' lang='lat' dir='ltr'><strong>concoctum,-</strong></span> <span class='ocrx_word' id='word_1_205' title='bbox 707 3258 747 3298; x_wconf 85' lang='lat' dir='ltr'><strong>ae</strong></span> <span class='ocrx_word' id='word_1_206' title='bbox 785 3237 913 3301; x_wconf 71' lang='lat' dir='ltr'><strong>ecclesia</strong></span> <span class='ocrx_word' id='word_1_207' title='bbox 947 3238 1180 3303; x_wconf 73' lang='lat' dir='ltr'><strong>scandalizetur</strong></span> <span class='ocrx_word' id='word_1_208' title='bbox 1214 3250 1271 3303; x_wconf 84' lang='lat' dir='ltr'><strong>aut</strong></span> <span class='ocrx_word' id='word_1_209' title='bbox 1304 3239 1506 3325; x_wconf 63' lang='lat' dir='ltr'><strong>imperatorie</strong></span> 
     </span>
     <span class='ocr_line' id='line_1_27' title="bbox 331 3350 781 3433; baseline -0.002 -19"><span class='ocrx_word' id='word_1_210' title='bbox 331 3350 566 3433; x_wconf 69' lang='lat' dir='ltr'><strong>honorificentia</strong></span> <span class='ocrx_word' id='word_1_211' title='bbox 587 3351 781 3416; x_wconf 79' lang='lat' dir='ltr'><strong>minuatur“.</strong></span> 
     </span>
    </p>

    <p class='ocr_par' dir='ltr' id='par_1_5' title="bbox 330 3464 1509 4128">
     <span class='ocr_line' id='line_1_28' title="bbox 423 3464 1507 3549; baseline 0.004 -20"><span class='ocrx_word' id='word_1_212' title='bbox 423 3464 575 3549; x_wconf 82' lang='lat' dir='ltr'><strong>„Constat</strong></span> <span class='ocrx_word' id='word_1_213' title='bbox 597 3465 703 3547; x_wconf 87' lang='lat' dir='ltr'><strong>igitur,</strong></span> <span class='ocrx_word' id='word_1_214' title='bbox 727 3486 796 3531; x_wconf 88' lang='lat' dir='ltr'><strong>cam</strong></span> <span class='ocrx_word' id='word_1_215' title='bbox 813 3466 1043 3534; x_wconf 78' lang='lat' dir='ltr'><strong>ordinationem</strong></span> <span class='ocrx_word' id='word_1_216' title='bbox 1066 3487 1125 3533; x_wconf 89' lang='lat' dir='ltr'><strong>neo</strong></span> <span class='ocrx_word' id='word_1_217' title='bbox 1147 3488 1217 3534; x_wconf 86' lang='lat' dir='ltr'><strong>esso</strong></span> <span class='ocrx_word' id='word_1_218' title='bbox 1239 3472 1361 3534; x_wconf 83' lang='lat' dir='ltr'><strong>rectum</strong></span> <span class='ocrx_word' id='word_1_219' title='bbox 1384 3488 1507 3536; x_wconf 85' lang='lat' dir='ltr'><strong>necor·</strong></span> 
     </span>
     <span class='ocr_line' id='line_1_29' title="bbox 332 3580 1507 3668; baseline 0.004 -23"><span class='ocrx_word' id='word_1_220' title='bbox 332 3580 404 3645; x_wconf 91' lang='lat' dir='ltr'><strong>dine</strong></span> <span class='ocrx_word' id='word_1_221' title='bbox 427 3580 559 3663; x_wconf 78' lang='lat' dir='ltr'><strong>factum,</strong></span> <span class='ocrx_word' id='word_1_222' title='bbox 584 3598 663 3665; x_wconf 77' lang='lat' dir='ltr'><strong>quse</strong></span> <span class='ocrx_word' id='word_1_223' title='bbox 686 3581 809 3647; x_wconf 85' lang='lat' dir='ltr'><strong>ambitu</strong></span> <span class='ocrx_word' id='word_1_224' title='bbox 831 3589 984 3668; x_wconf 83' lang='lat' dir='ltr'><strong>occupata</strong></span> <span class='ocrx_word' id='word_1_225' title='bbox 1007 3591 1040 3650; x_wconf 92' lang='lat' dir='ltr'><strong>et</strong></span> <span class='ocrx_word' id='word_1_226' title='bbox 1061 3590 1149 3666; x_wconf 88' lang='lat' dir='ltr'><strong>metu</strong></span> <span class='ocrx_word' id='word_1_227' title='bbox 1171 3584 1386 3650; x_wconf 82' lang='lat' dir='ltr'><strong>conscientiae</strong></span> <span class='ocrx_word' id='word_1_228' title='bbox 1410 3590 1445 3650; x_wconf 91' lang='lat' dir='ltr'><strong>et</strong></span> <span class='ocrx_word' id='word_1_229' title='bbox 1464 3584 1507 3649; x_wconf 87' lang='lat' dir='ltr'><strong>fe-</strong></span> 
     </span>
     <span class='ocr_line' id='line_1_30' title="bbox 332 3694 1507 3785; baseline 0.003 -24"><span class='ocrx_word' id='word_1_230' title='bbox 332 3696 450 3761; x_wconf 85' lang='lat' dir='ltr'><strong>stinetu</strong></span> <span class='ocrx_word' id='word_1_231' title='bbox 464 3715 649 3762; x_wconf 88' lang='lat' dir='ltr'><strong>consensum</strong></span> <span class='ocrx_word' id='word_1_232' title='bbox 663 3701 695 3762; x_wconf 90' lang='lat' dir='ltr'><strong>et</strong></span> <span class='ocrx_word' id='word_1_233' title='bbox 711 3694 973 3765; x_wconf 87' lang='lat' dir='ltr'><strong>collaudationem</strong></span> <span class='ocrx_word' id='word_1_234' title='bbox 985 3700 1137 3785; x_wconf 87' lang='lat' dir='ltr'><strong>principis</strong></span> <span class='ocrx_word' id='word_1_235' title='bbox 1153 3699 1333 3765; x_wconf 82' lang='lat' dir='ltr'><strong>nullatenus</strong></span> <span class='ocrx_word' id='word_1_236' title='bbox 1348 3700 1507 3767; x_wconf 80' lang='lat' dir='ltr'><strong>habuerit.</strong></span> 
     </span>
     <span class='ocr_line' id='line_1_31' title="bbox 331 3810 1509 3899; baseline 0.003 -21"><span class='ocrx_word' id='word_1_237' title='bbox 331 3810 450 3878; x_wconf 90' lang='lat' dir='ltr'><strong>Idcirco</strong></span> <span class='ocrx_word' id='word_1_238' title='bbox 472 3830 536 3877; x_wconf 93' lang='lat' dir='ltr'><strong>non</strong></span> <span class='ocrx_word' id='word_1_239' title='bbox 559 3812 620 3877; x_wconf 89' lang='lat' dir='ltr'><strong>erit</strong></span> <span class='ocrx_word' id='word_1_240' title='bbox 642 3811 769 3895; x_wconf 88' lang='lat' dir='ltr'><strong>mimm,</strong></span> <span class='ocrx_word' id='word_1_241' title='bbox 792 3814 819 3877; x_wconf 82' lang='lat' dir='ltr'><strong>si</strong></span> <span class='ocrx_word' id='word_1_242' title='bbox 842 3814 962 3880; x_wconf 84' lang='lat' dir='ltr'><strong>mutum</strong></span> <span class='ocrx_word' id='word_1_243' title='bbox 984 3815 1131 3881; x_wconf 88' lang='lat' dir='ltr'><strong>habuerit</strong></span> <span class='ocrx_word' id='word_1_244' title='bbox 1152 3814 1264 3892; x_wconf 84' lang='lat' dir='ltr'><strong>finem;</strong></span> <span class='ocrx_word' id='word_1_245' title='bbox 1286 3817 1364 3899; x_wconf 79' lang='lat' dir='ltr'><strong>quia</strong></span> <span class='ocrx_word' id='word_1_246' title='bbox 1380 3816 1509 3883; x_wconf 84' lang='lat' dir='ltr'><strong>difficile</strong></span> 
     </span>
     <span class='ocr_line' id='line_1_32' title="bbox 331 3926 1508 4019; baseline 0.004 -26"><span class='ocrx_word' id='word_1_247' title='bbox 331 3932 390 4011; x_wconf 74' lang='lat' dir='ltr'><strong>eet</strong></span> <span class='ocrx_word' id='word_1_248' title='bbox 412 3932 449 3993; x_wconf 91' lang='lat' dir='ltr'><strong>ut</strong></span> <span class='ocrx_word' id='word_1_249' title='bbox 471 3926 552 3993; x_wconf 90' lang='lat' dir='ltr'><strong>bono</strong></span> <span class='ocrx_word' id='word_1_250' title='bbox 576 3930 768 4013; x_wconf 84' lang='lat' dir='ltr'><strong>peragantur</strong></span> <span class='ocrx_word' id='word_1_251' title='bbox 791 3928 895 4013; x_wconf 84' lang='lat' dir='ltr'><strong>exitu,</strong></span> <span class='ocrx_word' id='word_1_252' title='bbox 923 3950 1004 4014; x_wconf 82' lang='lat' dir='ltr'><strong>quae</strong></span> <span class='ocrx_word' id='word_1_253' title='bbox 1026 3930 1110 3997; x_wconf 90' lang='lat' dir='ltr'><strong>malo</strong></span> <span class='ocrx_word' id='word_1_254' title='bbox 1138 3930 1287 3997; x_wconf 82' lang='lat' dir='ltr'><strong>inchoata</strong></span> <span class='ocrx_word' id='word_1_255' title='bbox 1313 3938 1394 3998; x_wconf 81' lang='lat' dir='ltr'><strong>sunt</strong></span> <span class='ocrx_word' id='word_1_256' title='bbox 1421 3934 1508 4019; x_wconf 87' lang='lat' dir='ltr'><strong>prin·</strong></span> 
     </span>
     <span class='ocr_line' id='line_1_33' title="bbox 330 4040 450 4128; baseline -0.017 -20"><span class='ocrx_word' id='word_1_257' title='bbox 330 4040 450 4128; x_wconf 62' lang='lat' dir='ltr'><strong>cipiet</strong></span> 
     </span>
    </p>

    <p class='ocr_par' dir='ltr' id='par_1_6' title="bbox 421 4154 1506 4250">
     <span class='ocr_line' id='line_1_34' title="bbox 421 4154 1506 4250; baseline 0.005 -28"><span class='ocrx_word' id='word_1_258' title='bbox 421 4154 509 4241; x_wconf 84' lang='lat' dir='ltr'><strong>„Sed</strong></span> <span class='ocrx_word' id='word_1_259' title='bbox 538 4157 620 4223; x_wconf 88' lang='lat' dir='ltr'><strong>forte</strong></span> <span class='ocrx_word' id='word_1_260' title='bbox 643 4194 683 4203; x_wconf 90' lang='lat'>—</span> <span class='ocrx_word' id='word_1_261' title='bbox 711 4158 764 4241; x_wconf 91' lang='lat' dir='ltr'><strong>qui</strong></span> <span class='ocrx_word' id='word_1_262' title='bbox 792 4178 850 4224; x_wconf 86' lang='lat' dir='ltr'><strong>nos</strong></span> <span class='ocrx_word' id='word_1_263' title='bbox 878 4159 1067 4228; x_wconf 81' lang='lat' dir='ltr'><strong>conturbant</strong></span> <span class='ocrx_word' id='word_1_264' title='bbox 1099 4168 1131 4227; x_wconf 88' lang='lat' dir='ltr'><strong>et</strong></span> <span class='ocrx_word' id='word_1_265' title='bbox 1159 4161 1365 4229; x_wconf 72' lang='lat' dir='ltr'><strong>christianam</strong></span> <span class='ocrx_word' id='word_1_266' title='bbox 1397 4182 1506 4250; x_wconf 82' lang='lat' dir='ltr'><strong>pacem</strong></span> 
     </span>
    </p>
   </div>
   <div class='ocr_carea' id='block_1_3' title="bbox 403 4306 1230 4367">
    <p class='ocr_par' dir='ltr' id='par_1_7' title="bbox 403 4306 1230 4367">
     <span class='ocr_line' id='line_1_35' title="bbox 403 4306 1230 4367; baseline 0.011 -16"><span class='ocrx_word' id='word_1_267' title='bbox 403 4318 423 4351; x_wconf 70' lang='lat' dir='ltr'><strong>u</strong></span> <span class='ocrx_word' id='word_1_268' title='bbox 447 4306 592 4365; x_wconf 79' lang='lat' dir='ltr'><strong>perspicuum</strong></span> <span class='ocrx_word' id='word_1_269' title='bbox 607 4306 631 4355; x_wconf 89' lang='lat' dir='ltr'><strong>V.</strong></span> <span class='ocrx_word' id='word_1_270' title='bbox 791 4307 814 4354; x_wconf 88' lang='lat' dir='ltr'><strong>b.</strong></span> <span class='ocrx_word' id='word_1_271' title='bbox 837 4322 891 4367; x_wconf 71' lang='lat' dir='ltr'><strong>ergo</strong></span> <span class='ocrx_word' id='word_1_272' title='bbox 908 4311 931 4357; x_wconf 92' lang='lat' dir='ltr'><strong>V.</strong></span> <span class='ocrx_word' id='word_1_273' title='bbox 1092 4326 1112 4358; x_wconf 82' lang='lat' dir='ltr'><strong>a</strong></span> <span class='ocrx_word' id='word_1_274' title='bbox 1135 4316 1189 4360; x_wconf 78' lang='lat' dir='ltr'><strong>aaut</strong></span> <span class='ocrx_word' id='word_1_275' title='bbox 1207 4314 1230 4359; x_wconf 89' lang='lat' dir='ltr'><strong>V.</strong></span> 
     </span>
    </p>
   </div>
   <div class='ocr_carea' id='block_1_4' title="bbox 405 4400 1375 4477">
    <p class='ocr_par' dir='ltr' id='par_1_8' title="bbox 405 4400 1375 4477">
     <span class='ocr_line' id='line_1_36' title="bbox 405 4400 1375 4477; baseline 0.013 -25"><span class='ocrx_word' id='word_1_276' title='bbox 405 4403 427 4452; x_wconf 93' lang='lat'><strong>1.</strong></span> <span class='ocrx_word' id='word_1_277' title='bbox 445 4400 501 4455; x_wconf 89' lang='lat' dir='ltr'><strong>imo</strong></span> <span class='ocrx_word' id='word_1_278' title='bbox 519 4400 710 4470; x_wconf 82' lang='lat' dir='ltr'><strong>StephanusV</strong></span> <span class='ocrx_word' id='word_1_279' title='bbox 728 4417 801 4457; x_wconf 83' lang='lat' dir='ltr'><strong>uano</strong></span> <span class='ocrx_word' id='word_1_280' title='bbox 818 4405 887 4475; x_wconf 77' lang='lat'><strong>8163</strong></span> <span class='ocrx_word' id='word_1_281' title='bbox 904 4423 931 4460; x_wconf 88' lang='lat' dir='ltr'><strong>v.</strong></span> <span class='ocrx_word' id='word_1_282' title='bbox 949 4406 1069 4475; x_wconf 79' lang='lat' dir='ltr'><strong>Regestu</strong></span> <span class='ocrx_word' id='word_1_283' title='bbox 1085 4413 1162 4476; x_wconf 86' lang='lat' dir='ltr'><strong>pont</strong></span> <span class='ocrx_word' id='word_1_284' title='bbox 1174 4408 1254 4465; x_wconf 89' lang='lat' dir='ltr'><strong>Rom.</strong></span> <span class='ocrx_word' id='word_1_285' title='bbox 1273 4422 1301 4477; x_wconf 81' lang='lat' dir='ltr'><strong>p.</strong></span> <span class='ocrx_word' id='word_1_286' title='bbox 1313 4410 1375 4464; x_wconf 74' lang='lat' dir='ltr'><strong>rel.</strong></span> 
     </span>
    </p>
   </div>
   <div class='ocr_carea' id='block_1_5' title="bbox 0 0 1587 4850">
    <p class='ocr_par' dir='ltr' id='par_1_9' title="bbox 0 0 1587 4850">
     <span class='ocr_line' id='line_1_37' title="bbox 0 0 1587 4850; baseline 0 0"><span class='ocrx_word' id='word_1_287' title='bbox 0 0 1587 4850; x_wconf 95' lang='lat' dir='ltr'><strong> </strong></span> 
     </span>
    </p>
   </div>
  </div>
 </body>
</html>
