3142 4850
366 327 546 375 nnnnounr
567 327 750 377 neruosus.
786 330 852 377 nm.
870 330 895 379 n
920 326 960 381 ιο.
976 329 1005 381 11
1206 312 1270 379 753

100 487 236 567 vastum,
275 484 359 569 quod
392 485 612 553 Pomeraniam
644 485 869 576 Poioniamque
904 489 1031 574 dividit,
1072 491 1268 559 intravimus.
1291 506 1360 562 1124

98 596 159 665 Sed
174 598 258 665 uiam
282 600 316 665 in
338 599 425 667 invio
449 623 543 687 quam
565 602 693 671 difficile
716 610 765 672 est
788 610 907 689 tauers,
932 604 1026 672 etiam
1050 605 1116 673 illie
1131 608 1270 693 experiri
1297 580 1346 627 ¹¹²²

98 714 268 799 potuimus.
313 715 432 783 Nemus
465 719 583 805 quippe
615 718 675 786 boe
706 720 785 786 nulli
814 726 887 787 ante
916 720 1094 787 mortalium
1125 724 1267 807 pervium

97 832 180 909 erat3
204 830 266 895 nisi
289 831 372 915 quod
395 834 611 919 superioribus
627 836 717 901 annis
733 835 798 902 dnn
813 835 1021 901 latrocinandi
1038 856 1141 921 eausa,
1165 838 1269 924 prius·

97 964 190 1029 quarn
213 945 391 1029 subegisset
412 953 512 1015 totam
528 948 759 1035 Pomerauiam,
782 951 877 1017 saetis
893 951 1087 1036 signatisque
1104 951 1268 1020 arboribus

1 1129 2 1134 ἵ
97 1061 180 1126 viam
204 1061 265 1128 sibi
288 1064 502 1149 exercituique
517 1085 575 1131 suo
590 1066 759 1133 exciderat.
790 1066 856 1145 Qua
872 1068 962 1151 signa
977 1072 1130 1152 tenentes,
1153 1088 1268 1152 magna

96 1176 222 1260 quidem
251 1176 435 1246 difficultate
463 1185 593 1267 propter
616 1186 799 1266 serpentum
826 1181 1027 1268 ferarumque
1057 1188 1199 1249 monstra
1221 1184 1268 1249 di-

96 1312 259 1360 vsrsamm
282 1314 341 1361 nee
363 1315 426 1361 uon
450 1300 483 1363 et
504 1316 629 1380 gruum,
652 1298 685 1363 in
701 1298 798 1364 ramis
815 1298 960 1365 arborum
977 1298 1069 1365 nidos
1084 1299 1266 1366 habentium

95 1428 216 1494 nosque
237 1412 359 1494 garritu
382 1417 415 1479 et
435 1411 550 1499 plausu
572 1413 666 1479 nimis
689 1412 917 1497 infestantium,
941 1414 1200 1500 inportunitatem
1224 1416 1267 1481 si·

95 1524 223 1609 mulque
245 1532 376 1613 propter
397 1525 467 1593 looa
490 1527 654 1614 palustria,
676 1528 847 1614 quadrigas
862 1534 894 1596 et
914 1550 1023 1596 onrrus
1039 1530 1266 1616 prepedientio,

95 1640 149 1706 vix
177 1640 289 1709 diebus
316 1664 371 1709 sex
402 1664 529 1710 emenso
558 1664 686 1711 nemore
714 1644 755 1711 ad
782 1646 885 1731 ripam
909 1642 1065 1728 fluminis,
1096 1645 1149 1731 qui
1175 1645 1266 1713 limes

94 1753 282 1825 Pomeranie
304 1763 363 1843 est,
386 1759 594 1826 consedimus.

187 1875 237 1940 11.
272 1873 346 1941 Dux
363 1895 436 1943 vero
452 1875 697 1943 Pomerauorum
722 1876 875 1942 adventus
895 1874 996 1941 nostri
1019 1876 1169 1961 pressius,
1193 1896 1265 1943 oum

93 1989 273 2074 quingentis
296 1991 373 2057 uiris
402 2010 586 2075 ooourreus,
615 2011 654 2058 ex
684 1990 746 2057 alia
773 1997 865 2077 parte
894 2010 973 2076 aque
996 1997 1101 2057 eastra
1128 1996 1265 2058 metatus

93 2111 150 2171 est.
191 2104 329 2190 Moxque
358 2126 452 2175 amus
479 2109 758 2174 transmissorum
790 2106 913 2193 preueis,
942 2106 1123 2194 episcopum
1148 2106 1265 2174 salutat

92 2228 188 2308 atque
214 2222 370 2290 salutatur
399 2223 439 2289 ab
468 2223 538 2304 iilo;
573 2228 605 2289 et
634 2260 673 2268 -
705 2224 781 2309 quia
808 2222 998 2289 christianus
1027 2229 1110 2307 erat,
1145 2222 1265 2291 oeaulte

92 2344 197 2405 autom
231 2345 361 2426 propter
388 2344 507 2405 metum
537 2358 731 2427 paganorum
761 2376 803 2383 -
834 2338 927 2405 cordo
956 2338 1057 2424 magis
1088 2358 1180 2426 quam
1212 2359 1265 2405 ore

90 2454 225 2540 loeutus,
248 2456 282 2522 in
305 2455 455 2543 amplexu
477 2455 635 2542 pontificis
658 2455 712 2522 diu
732 2456 884 2541 pendens,
909 2455 974 2522 alta
989 2455 1155 2522 devotione
1170 2475 1265 2542 snper

91 2573 141 2637 uie
170 2591 266 2638 eausa
288 2571 349 2639 Dei
377 2572 577 2639 elementiam
605 2569 772 2636 collaudat.
814 2569 973 2657 Episcopo
1004 2577 1108 2638 autem
1133 2577 1165 2637 et
1187 2570 1264 2637 duee

90 2706 162 2754 eom
191 2688 364 2775 interprete
393 2693 425 2754 et
446 2686 585 2754 Paulioio
614 2706 754 2754 seorsum
782 2686 815 2752 in
840 2685 993 2772 colloquio
1017 2685 1263 2770 demorantibus,

89 2803 187 2869 ueteri
218 2803 271 2887 qui
300 2823 371 2871 eum
401 2803 479 2869 duee
508 2805 660 2869 venerant
687 2801 831 2868 homines
859 2801 1003 2886 barbari,
1033 2801 1107 2885 quia
1133 2801 1263 2869 elericos

89 2917 286 3003 aliquantum
315 2919 476 3005 trepidare
499 2918 663 3001 uidebant,
692 2917 764 2984 tioto
785 2921 841 2984 ‘eos
864 2922 985 2984 terrore
1010 2916 1144 3002 amplius
1167 2938 1263 2984 vexa·

89 3034 180 3115 bant3
210 3033 257 3099 ita
283 3040 332 3118 ut,
360 3034 527 3102 artienlum
551 3034 708 3121 passionis
729 3033 896 3100 imminere
919 3037 1111 3116 metuentes,
1143 3034 1263 3100 contes-

88 3149 178 3216 sioue
200 3149 395 3216 orationibus
424 3155 519 3235 atque
546 3148 722 3235 psalmodia
744 3149 882 3216 Domino
909 3153 1049 3216 nostrum
1074 3149 1263 3216 conmenda-

87 3285 195 3332 remus
218 3285 362 3349 agonem.

179 3381 327 3448 Tiemo:
353 3383 479 3448 Modico
498 3383 589 3465 fidei,
615 3404 713 3467 quare
735 3381 865 3465 inquit
889 3375 1056 3448 timuisti.²¹

179 3496 375 3564 Setridns:
407 3496 477 3563 Non
506 3495 639 3582 inquit
667 3495 736 3562 sine
759 3515 864 3563 eausa
905 3495 1012 3563 Primo
1034 3494 1101 3562 illio
1123 3505 1270 3581 paganos

87 3613 227 3679 vidimus
254 3619 302 3696 et,
332 3633 395 3699 qua
423 3617 528 3680 mento
551 3611 616 3677 dnn
639 3611 816 3696 advenerit,
846 3611 985 3679 nondum
1010 3631 1118 3680 omnes
1143 3611 1262 3678 scieba-

85 3749 168 3795 mus.
210 3726 272 3795 Sed
302 3733 334 3794 et
361 3729 474 3795 borror
500 3726 677 3794 solitudinis
701 3732 733 3794 et
754 3727 823 3794 loon
847 3726 974 3794 insolita
997 3733 1029 3794 et
1051 3747 1151 3814 nuper
1175 3728 1261 3794 suasi

85 3843 226 3910 nemoris
249 3843 341 3927 nigra
364 3843 503 3911 densitas
526 3850 559 3911 et
580 3843 798 3930 erepusoulum
821 3843 923 3910 noctis
952 3843 1128 3930 propinque
1152 3849 1183 3910 st
1206 3843 1261 3909 bo-

85 3961 208 4026 minum
232 3960 438 4026 barbarorum
462 3958 597 4027 erudelis
625 3965 770 4045 aspectus
799 3959 932 4025 materia
960 3958 1050 4026 nobis
1079 3979 1143 4024 non
1171 3959 1259 4045 parvi

85 4076 212 4142 timoris
241 4081 318 4142 erat.
356 4075 438 4141 Nam
462 4080 495 4142 et
516 4075 634 4142 cultros
655 4075 855 4142 aeutissimos
879 4074 1060 4159 educentes,
1092 4075 1180 4142 uiuos
1203 4095 1260 4141 nos

85 4192 250 4258 excoriare
277 4197 331 4258 aut
353 4189 537 4274 transfigere
560 4209 598 4256 ao
618 4191 707 4257 bnmi
729 4211 787 4256 nos
811 4190 957 4258 defodere
979 4210 1079 4276 usqne
1102 4190 1142 4256 ad
1164 4191 1260 4258 uerti·

84 4325 153 4374 uem
181 4325 377 4392 coronasque
397 4311 522 4373 nostras
546 4291 664 4374 eisdem
687 4306 798 4372 cultris
820 4303 989 4393 pnnotare²
1014 4325 1050 4372 ao
1072 4325 1178 4374 souare
1201 4305 1260 4372 mi·

158 4439 184 4492 1.
203 4436 355 4494 01111111.
370 4438 412 4506 14,
431 4439 474 4492 31.
636 4439 662 4493 2.
683 4451 815 4508 pungere.

128 4533 211 4587 sarri.
226 4537 371 4582 sonsum
380 4537 409 4580 v,
1012 4526 1048 4581 48
