3142 4850
318 289 384 354 704
719 306 899 354 usnsoam
921 305 1094 355 ammaus

316 468 446 551 scripto,
470 466 547 530 iaec
561 468 669 551 capita
679 465 905 531 Herbordiana
920 468 1070 531 corstinet:
1094 464 1190 531 Libri
1201 463 1224 528 Ι
1235 466 1343 549 capita
1357 462 1483 537 1-21;
1566 474 1569 551 t

314 560 440 665 partem
455 584 569 667 capita
584 581 630 647 22
635 606 648 659 ,·
671 585 778 668 capita
793 582 928 648 23-34
936 604 947 657 ,·
968 595 1093 667 partem
1110 583 1225 667 capitis
1238 578 1284 645 38
1289 599 1300 655 ,·
1324 589 1418 665 σαρκί
1431 577 1483 643 39.
1568 556 1569 567 ἵ

317 696 483 762 Posterior
503 699 570 763 rita
593 698 780 777 Andreana,
806 720 898 783 quem
917 709 1023 761 sanat

407 809 471 893 (B)
499 814 596 879 codsa
618 814 861 899 Bamberpcnsie
887 809 979 877 Rfll
1005 805 1073 891 17¹,
1102 832 1187 875 anno
1213 811 1300 876 1199
1330 821 1485 886 suarm

317 927 393 991 iaec
407 928 514 993 tate.-
529 929 607 995 titii·
616 929 836 995 Herbordiani
847 927 869 994 I
882 926 1145 1013 capiaco-18,-
1162 938 1286 1011 partem
1301 925 1486 1010 capitis19c

185 1119 188 1124 ⁴
318 1046 426 1129 capita
440 1043 496 1123 20,
513 1044 568 1123 21,
584 1044 735 1121 23—39,·
758 1044 835 1109 iibri
846 1043 888 1108 II
898 1045 1005 1129 capita
1020 1042 1148 1119 1—42‚·
1171 1041 1248 1107 iibri
1258 1039 1320 1105 III
1334 1042 1442 1126 capita
1455 1040 1485 1117 1,

317 1158 351 1239 6,
374 1158 502 1238 8-14,
526 1158 680 1240 18-30,
703 1172 828 1245 partem
850 1161 964 1245 capitis
987 1158 1040 1226 31.

406 1275 547 1360 Eprepna
568 1298 641 1341 cero
668 1277 727 1341 itta
752 1277 884 1342 Roberti
905 1278 1072 1363 Klempini
1092 1274 1270 1339 dissertatio
1301 1269 1388 1350 (Die
1410 1270 1486 1335 Bic-

315 1390 489 1475 prapisieen
510 1392 565 1456 dee
587 1392 737 1476 Biscisofs
755 1393 827 1459 Otto
850 1396 886 1457 in
909 1392 1069 1458 Batrache
1093 1389 1226 1456 Studien
1250 1387 1304 1453 IX
1323 1410 1358 1473 p.
1377 1386 1485 1453 117-

319 1504 400 1585 191)
424 1527 494 1570 curn
517 1506 680 1573 Herbordi
700 1530 779 1594 opus
804 1510 910 1593 quoad
932 1511 967 1573 in
983 1508 1149 1592 Anonymi
1168 1504 1336 1571 'Caniniani
1358 1502 1439 1567 lc'irra
1462 1514 1488 1567 ct

317 1622 353 1684 in
375 1621 498 1687 duabus
519 1624 593 1687 citu
616 1622 799 1689 Andreanis
823 1624 1102 1710 comprehendatur
1123 1623 1291 1701 docuisset,
1324 1632 1352 1685 et
1376 1618 1487 1705 plenus

318 1736 465 1821 dialopas
492 1736 733 1803 Herbcrdianas
767 1762 832 1806 non
864 1743 931 1805 iam
960 1751 1079 1804 asstare
1106 1740 1292 1816 crederetur,
1330 1734 1488 1819 Rudctius

317 1852 445 1938 Kceplce
466 1876 551 1918 anno
568 1854 655 1918 1855
678 1856 849 1919 admodum
866 1854 1057 1921 aestimabili
1073 1854 1304 1938 fructuoseque
1326 1850 1436 1917 labore
1455 1852 1487 1914 in

319 1970 593 2034 Monumentoram
617 1966 808 2035 Germaniae
830 1971 1049 2037 historicorum
1075 1968 1112 2035 T.
1129 1969 1206 2035 XII
1223 1966 1404 2034 746-822
1425 1968 1487 2031 dis·

318 2085 439 2170 espatas
461 2087 565 2169 operis
592 2098 700 2170 partes
723 2088 873 2151 conducit
901 2098 929 2153 et
951 2088 1008 2153 icoc
1034 2086 1124 2152 titulo
1146 2086 1283 2151 nomen.-
1309 2082 1490 2163 „Herbordi

318 2201 384 2263 rita
409 2198 532 2264 Ottonis
556 2200 727 2286 episcopi“.

408 2314 489 2381 Ecce
509 2328 635 2401 promer
658 2319 916 2401 exspectationem
939 2338 1022 2381 anno
1041 2316 1130 2383 1865
1151 2317 1195 2381 ad
1217 2314 1421 2381 bs'hlictisecae
1441 2334 1484 2377 re

316 2434 391 2518 piae
413 2432 611 2496 Monacensis
633 2432 804 2498 ubmtamm
826 2435 923 2498 coden
945 2455 1043 2498 omna
1064 2435 1210 2519 scriptus,
1233 2435 1392 2518 inteprum
1408 2429 1484 2496 Her·

319 2547 413 2612 bardi
434 2547 549 2612 librum
571 2549 784 2634 cmrspicctenn
809 2551 1010 2634 adiunpitur:

409 2659 475 2742 (N)
498 2664 595 2728 codsa
617 2664 735 2729 latim
751 2665 951 2730 Monacensis
973 2664 1086 2730 23582
1108 2660 1189 2742 (ΖΖ
1212 2661 1306 2742 582),
1331 2663 1485 2748 quondam

320 2779 461 2846 coenobii
474 2775 785 2861 Neuenlcirclccnsss’,
808 2783 1060 2846 mambranaceus
1075 2802 1154 2845 saec.
1161 2778 1196 2844 X
1198 2777 1219 2844 I
1222 2778 1251 2842 V
1259 2778 1325 2861 foi
1339 2777 1483 2844 7-84υ,

320 2892 417 2960 Cuius
444 2897 509 2958 cim
536 2917 607 2960 cum
632 2895 812 2962 Wiilseimns
844 2894 1039 2963 Giesetrecist
1070 2896 1293 2982 perspectent,
1332 2894 1485 2978 Rudoffia

320 3010 446 3096 Kcepke
469 3012 586 3076 emnia
605 3023 761 3097 prataque
779 2989 968 3078 'semenare
989 3033 1104 3077 nonam
1131 3024 1160 3079 et
1181 3033 1249 3076 eam
1271 3031 1344 3075 cere
1367 3011 1485 3097 prinei-

319 3148 391 3213 pem
417 3129 511 3192 tatius
540 3126 617 3191 libri
638 3125 858 3193 Herbcrdiani
885 3129 1050 3193 editionem
1076 3149 1160 3192 anno
1184 3125 1271 3192 1866
1298 3129 1428 3212 paravit
1455 3129 1485 3188 in

321 3241 409 3306 Mon.
429 3238 533 3309 Germ.
551 3240 616 3308 86.
633 3239 702 3308 XX
721 3243 914 3310 704—769.

411 3356 477 3423 Sed
489 3357 570 3423 milti
582 3379 653 3422 cum
666 3360 750 3422 idern
765 3358 844 3424 iiber
858 3358 1123 3444 reccpnoscendus
1138 3368 1223 3436 esset,
1248 3353 1381 3423 Garoias
1394 3356 1489 3421 Halm

320 3475 461 3537 manime
476 3475 618 3538 somniate
632 3485 661 3539 et
675 3473 887 3540 benevolentia
903 3476 1021 3540 codices
1036 3471 1064 3538 N
1081 3470 1151 3538 ctR
1169 3474 1290 3559 petenti
1310 3475 1397 3537 misit
1419 3473 1488 3536 dis·

321 3602 509 3674 turnumque
532 3611 638 3654 eorum
659 3612 752 3654 usam
774 3594 932 3657 coacessit.
969 3589 1111 3656 Codicem
1128 3587 1152 3654 C
1170 3587 1416 3674 Sciss'ffoeonnae,
1439 3609 1488 3652 co-

322 3705 422 3769 dicem
442 3701 697 3789 BStenpleinias
721 3705 908 3772 iiberalitate
926 3708 1135 3793 paratissima
1157 3706 1201 3770 ad
1222 3726 1271 3769 me
1294 3705 1404 3789 afferri
1424 3707 1489 3770 ins-

321 3832 437 3884 emunt.
473 3818 594 3899 Quibus
617 3843 655 3885 ec
671 3833 808 3906 quatuor
823 3821 981 3886 codicibus
995 3823 1042 3886 ita
1057 3821 1267 3885 decutiendam
1288 3821 1367 3883 milti
1388 3841 1488 3884 cerese-

322 3935 404 4014 tam,
428 3945 472 4013 ut,
487 3933 711 4017 fundamentis
733 3937 826 4002 haias
850 3937 995 4003 editionis
1019 3939 1053 4001 in
1076 3933 1224 4001 codich
1246 3937 1369 4020 positis,
1394 3956 1490 4020 neque

322 4052 362 4116 oe
384 4051 491 4115 eadem
511 4052 578 4116 nisi
596 4054 759 4118 rarissime
772 4045 977 4118 discederem⁸
1000 4071 1100 4137 neque
1121 4072 1159 4116 ec
1174 4049 1308 4136 reliquis
1325 4053 1421 4117 tribus
1436 4071 1486 4116 co·

322 4165 444 4230 dicitius
465 4161 501 4248 C,
524 4163 561 4248 B,
584 4163 613 4230 R
633 4170 824 4253 requirerem
846 4169 912 4232 nisi
930 4168 1124 4252 parcissime.

411 4279 560 4346 Beroiini
579 4281 625 4348 12
645 4281 719 4348 Kat
737 4281 866 4368 Apriles
889 4281 987 4347 1869.

396 4400 420 4454 1.
438 4416 465 4455 v.
478 4400 588 4456 ibidem.
650 4404 675 4456 2.
694 4401 896 4471 Nsunkirchcn,
915 4400 1100 4470 nbErlsngsn
1115 4398 1303 4454 morientem.
1361 4399 1388 4454 3.
1406 4395 1487 4453 omia·
1568 4393 1569 4396 ’

322 4489 415 4540 “¹¹¹⁰ss
433 4488 553 4556 0⁸1>in
571 4489 708 4559 lemmata,
731 4503 803 4559 qaae
820 4489 930 4559 quidem
949 4487 1016 4545 nihil
1034 4487 1070 4543 sd
1088 4487 1301 4558 temperauere
1319 4486 1484 4544 videbatur.
