3142 4850
507 291 671 340 uunnnror
695 291 822 340 conss.
858 291 894 343 as
1243 278 1287 343 55

107 455 248 517 recreet·
264 450 457 516 desidorium
471 469 588 532 meum,
612 451 640 516 si
656 451 748 518 detur
764 452 896 519 adorare
912 453 1039 536 inluso,
1061 453 1117 520 ubi
1132 459 1289 522 steterunt
1307 471 1376 528 1064

1 621 2 640 p
107 565 206 652 pedes
235 567 314 632 eius.
349 565 445 652 Apud
468 565 580 651 quom*
609 568 636 632 si
660 566 856 634 humillimae
883 587 992 653 praees
1014 574 1141 636 nostrae
1168 569 1287 655 aliquid

1 653 2 742 i
107 680 270 764 valebunt
293 683 392 748 vitum
415 681 550 748 salutem
573 687 605 748 et
627 683 734 748 omnia
755 683 863 749 vobis⁰
886 687 996 768 optata
1009 683 1144 750 fideliter
1166 685 1287 752 obtine-

1 779 2 783 ¹
107 797 196 862 bunt
237 795 308 874 Qua
335 797 553 864 uicissitudine
576 799 689 864 vestris
713 798 908 866 orationibus
936 803 969 865 et
990 799 1061 885 ipse
1082 799 1174 885 petol
1198 801 1287 867 adiu·

1 907 2 956 3
106 913 192 993 vari3
217 917 264 995 ut,
288 913 372 997 quod
394 913 428 979 in
450 933 502 980 me
524 914 629 980 minus
645 913 822 1000 perfeetum
837 919 894 997 est,
919 915 1033 980 vestris
1047 915 1170 981 meritis
1185 916 1288 1002 possit

104 1026 245 1113 implori

195 1142 368 1210 Praeterea
390 1144 589 1210 sanctissimo
614 1143 804 1230 apostolatui
826 1149 931 1210 vostro
948 1143 1060 1209 humili
1075 1165 1209 1230 suggero
1231 1146 1286 1212 do·

106 1257 253 1340 votione,
281 1263 319 1324 ut
339 1259 522 1326 meminisse
545 1259 720 1342 dignemini
747 1259 897 1344 antiquae
918 1260 1170 1342 eonquestionisl
1197 1281 1286 1328 meae

106 1379 137 1440 et
152 1379 285 1440 sanetae
303 1374 522 1460 promissionis
538 1381 678 1442 restrae·
702 1373 811 1460 snpor‘
825 1372 1096 1442 Helberstatensi⁸
1111 1375 1258 1463 episeopo
1267 1373 1285 1442 ¹.

105 1488 182 1572 Qui,
212 1509 278 1555 non
307 1493 473 1556 contentus
501 1489 620 1557 honoro
646 1491 926 1576 praedeeessorum
949 1510 1087 1574 suornm,
1114 1490 1286 1558 illustrium

1 1605 2 1610 ’
106 1605 216 1689 utiquo
232 1604 383 1688 virorum,
407 1625 524 1671 norum
539 1605 600 1672 sibi
615 1606 782 1692 usurpavit
793 1610 961 1691 papatum3
978 1605 1161 1691 abieotoque
1177 1627 1286 1694 super-

1 1773 2 1814 }
104 1719 265 1787 humeruli
289 1726 322 1787 et
342 1719 518 1804 rationali'²‚
543 1741 603 1806 quo
619 1721 666 1787 illi
689 1721 783 1788 inter¹
807 1741 898 1788 saera
912 1723 1081 1787 missarum
1097 1722 1286 1810 sollempnia

1 1819 2 1828 ἵ
104 1836 293 1920 utebantur,
323 1857 406 1902 novo
433 1837 467 1903 in
491 1837 624 1904 eeclesia
649 1833 765 1923 pallio²
793 1837 993 1924 stupentibus
1020 1836 1195 1923 parietibus
1217 1839 1285 1922 glo·

1 1997 2 2038 3
105 1951 225 2035 riatur,
255 1970 340 2019 nova
368 1971 460 2019 ornos
486 1971 550 2018 non
573 1952 615 2018 nd
642 1952 815 2018 orandum*
842 1955 899 2019 sed
926 1952 968 2020 od
994 1951 1177 2019 instandum
1202 1953 1285 2020 inter

106 2068 330 2136 erubescentes
352 2067 477 2134 lanceas
500 2068 552 2134 vol
574 2067 695 2151 gladios
717 2069 752 2134 in
775 2068 918 2152 equitatu
940 2087 998 2135 suo
1020 2067 1197 2158 extollitur3
1220 2089 1284 2136 non

107 2183 282 2282 adtendens
303 2184 484 2269 seriptum':
509 2203 549 2250 ne
564 2183 835 2268 oansgredismur
856 2184 1008 2250 terminos
1027 2185 1183 2269 antiquos,
1205 2205 1284 2272 qnos

1 2325 2 2378 3
106 2305 284 2385 posuerunt
312 2305 419 2386 patres
446 2295 579 2380 nostri³3
608 2319 711 2384 neque
739 2300 838 2366 saeris
861 2299 1011 2366 obediens
1033 2300 1221 2386 canonibus,
1249 2302 1283 2366 in

107 2415 220 2501 quibus
236 2413 407 2483 salubriter
422 2420 549 2483 uantum
564 2421 622 2499 est,
646 2417 679 2482 in
695 2414 828 2483 eoeleste
848 2419 978 2503 propter
995 2415 1179 2484 scandalum
1194 2417 1284 2483 novi·

1 2518 2 2521 ¹
107 2537 213 2600 lutas¹¹
235 2531 354 2599 induci
390 2530 426 2597 Si
453 2531 593 2598 enimin
620 2532 715 2599 rebus
738 2531 933 2599 secularibus
960 2542 1071 2597 suurn¹¹
1099 2533 1211 2618 cuique
1233 2534 1283 2599 ius

1 2688 2 2709 r
108 2654 138 2715 et
159 2648 329 2734 proprius⁹
345 2646 422 2713 ordo
437 2648 649 2730 observatur-v,
673 2652 791 2731 quanto
806 2648 908 2730 magis
925 2652 1059 2732 oportet,
1081 2653 1118 2713 ut
1135 2648 1170 2714 in
1184 2647 1283 2715 eoele-

1 2738 2 2809 Ῠ
107 2763 243 2830 siastieis
267 2762 530 2849 disposicionibus
553 2762 642 2829 nulla
664 2762 806 2829 confusio
827 2762 1005 2829 induentur.
1040 2763 1111 2829 Non
1134 2764 1217 2830 enirn
1234 2764 1283 2831 fus

1 2869 2 2959 ζ
106 2885 163 2961 ost,
184 2879 233 2945 ibi
256 2877 446 2945 disoordiam
469 2877 574 2946 looum
596 2878 722 2961 habore,
745 2878 800 2946 ubi
823 2880 992 2965 praecipuo
1006 2879 1090 2945 inter
1104 2878 1283 2945 sacerdotes

106 2994 224 3061 Christi
253 3014 320 3081 pax
348 2999 382 3060 et
403 2993 570 3061 eoncordia
598 2994 691 3061 debet
711 3014 855 3078 regnare.
889 2994 979 3073 Quod
1006 3000 1094 3061 tuma
1115 2994 1283 3078 diligenter

1 3108 2 3159 l
106 3111 294 3178 observatur
316 3109 350 3175 in
373 3109 592 3177 aeclesiasticis
616 3110 765 3194 negociis,
789 3112 817 3175 si
835 3109 907 3195 plus
929 3110 1015 3176 valet
1030 3110 1153 3194 equitas
1172 3121 1283 3196 quam'

1 3264 2 3313 r
105 3232 258 3313 potestas
293 3224 493 3311 Quapropter
516 3225 711 3311 apostolatus
736 3226 834 3292 vestm
849 3226 1118 3293 auctoritate-hoo
1131 3226 1282 3293 novitatis

105 3341 292 3409 mandalum
314 3340 354 3407 de
369 3340 501 3408 ecelesia
516 3342 690 3422 anferatur3
715 3346 747 3407 et
768 3342 961 3407 unanimitas
976 3341 1120 3424 fratrum
1145 3359 1206 3426 que
1224 3342 1283 3408 hoo

106 3456 292 3545 usurpativo
308 3462 448 3523 tumore⁸
463 3457 573 3542 pooius
588 3476 682 3542 quam
699 3456 817 3523 honore
831 3457 983 3539 graviter*
999 3476 1152 3523 oononssa
1167 3462 1225 3541 ost,
1242 3456 1282 3523 ad

1 3572 2 3581 ’
105 3594 193 3640 enam
210 3592 322 3659 paoem
339 3577 512 3640 revosetur.
541 3572 710 3639 Nouenim
726 3571 911 3639 haeoouusa
924 3573 1282 3656 meaestsedgenera·

174 3775 196 3806 a.
218 3762 309 3807 raorsst
330 3758 356 3805 G.
419 3758 442 3805 b.
465 3773 508 3805 om.
522 3758 549 3804 0.
613 3772 632 3805 o.
655 3758 722 3805 nobis
742 3758 768 3805 0.
832 3759 855 3804 d.
877 3760 1003 3819 questionis
1024 3758 1051 3805 G.
1118 3774 1138 3805 s.
1161 3761 1238 3806 nostra
1255 3758 1281 3805 Z.

105 3840 121 3886 i
144 3854 187 3887 oua
200 3838 228 3887 G.
296 3850 318 3897 g.
342 3836 525 3885 llalbsrstetonsl
546 3837 572 3884 G.
639 3837 663 3883 h.
688 3837 818 3885 rationabili
837 3838 864 3884 G.
934 3839 950 3884 i.
973 3839 1034 3885 inm
1054 3836 1081 3885 G.
1150 3836 1174 3884 k.
1197 3836 1281 3885 horm-

105 3920 159 3967 dun
174 3919 201 3965 Ζ.
264 3918 280 3964 l.
305 3932 348 3964 oon¹
363 3916 389 3963 G.
452 3931 483 3965 m.
507 3918 616 3964 novitatis
630 3917 673 3973 VZ,
690 3918 804 3963 novitates
823 3916 850 3965 G.
912 3932 935 3965 n.
959 3932 1001 3964 om.
1014 3918 1041 3964 G.
1105 3931 1125 3964 o.
1149 3916 1239 3976 piorum
1253 3915 1281 3963 0.

105 4014 127 4061 p
154 4002 256 4045 senatur
277 3996 304 4045 G.
373 4010 396 4057 q.
422 4010 472 4045 oum
487 3996 530 4053 VZ,
548 3998 595 4043 tum
616 3996 642 4043 G.
712 4012 730 4045 r.
754 4000 777 4043 ot
797 3996 823 4043 G.
892 4011 911 4043 s.
934 3997 1015 4044 timore
1036 3994 1062 4043 G.
1124 3998 1142 4041 t.
1165 4010 1208 4043 om.
1222 3994 1266 4042 ΡΖ.

177 4132 202 4183 1.
221 4126 382 4183 Burohardo
392 4126 427 4182 11.
499 4128 524 4183 2.
543 4127 622 4183 Pallii
633 4128 705 4183 enim
718 4129 870 4198 mitrasque
881 4142 962 4182 usum
974 4128 1075 4182 scimus
1087 4124 1300 4183 Bnrohsrdoll.

105 4218 235 4289 episcopo
247 4216 468 4273 Balborstatonsi
486 4215 522 4273 ab
534 4215 692 4273 Alexandro
705 4217 731 4271 11
749 4232 910 4272 conoessum
929 4231 991 4271 esee
1009 4215 1054 4271 dis
1073 4215 1108 4270 13
1124 4214 1183 4270 Ian.
1197 4216 1281 4287 10633

103 4324 132 4362 v.
144 4307 268 4377 degesta
284 4309 363 4376 pont.
371 4305 451 4361 Rom.
470 4322 496 4361 n.
509 4306 590 4361 3383.
662 4307 688 4361 3.
707 4306 788 4361 Pror.
801 4307 844 4375 22,
857 4307 905 4362 28:
926 4305 983 4375 „Ne
1000 4303 1211 4374 uansgrediaris
1227 4308 1281 4359 ter-

104 4395 193 4453 minos
211 4395 348 4465 antiquos,
368 4409 438 4464 quos
456 4398 607 4465 posueruut
623 4398 716 4464 patres
733 4393 801 4449 tui“.
