3142 4850
305 282 371 349 834
566 296 747 347 nassonem
768 297 951 347 omnoous.
988 300 1054 346 nm.
1070 300 1110 346 111
1131 295 1175 348 so.
1186 296 1220 347 41

393 456 549 525 Dominus
580 463 685 525 autem
715 457 906 544 apostolicus
933 458 1011 525 uisis
1038 457 1154 524 litteris
1180 456 1310 540 gavisus
1338 461 1406 539 est,
1442 476 1478 522 eo

305 573 389 659 quod
416 574 509 660 pauci
538 574 695 661 episcopi·
718 573 882 640 Teutonici
905 575 995 657 regni
1017 574 1050 639 in
1074 594 1113 639 ea
1134 572 1335 656 malignitate
1354 578 1480 659 ternpo-

304 710 375 755 rum
398 690 493 757 matri
517 710 583 775 sue,
606 695 643 756 ut
664 690 783 756 iustum
806 697 865 773 est,
889 689 1062 771 deferrent3
1086 708 1124 756 ac
1145 688 1226 756 talea
1240 690 1271 756 ei
1285 687 1410 756 litteras
1424 688 1480 755 de·

305 806 451 873 adnavit:

396 920 577 1005 „Pascbalis
596 941 705 988 seruus
721 940 884 988 servorum
898 920 960 987 Dei
976 920 1085 988 Ottoni
1100 921 1214 987 dilecto
1227 920 1332 1003 fratri,
1355 920 1480 987 Baban-

306 1036 466 1120 bergensis
489 1036 619 1103 ecclesie
640 1036 735 1120 digno
759 1036 869 1119 electo,
892 1036 1026 1103 salutem
1049 1044 1082 1103 et
1104 1036 1309 1123 apostolicam
1331 1036 1480 1103 benedic

305 1153 434 1219 donem.
532 1151 633 1220 Filius
662 1152 789 1238 sapiens
816 1152 947 1219 letificat
973 1156 1108 1219 matrem
1135 1149 1254 1219 suam¹.
1295 1151 1403 1238 Opera
1425 1158 1482 1217 trra

306 1274 339 1336 et
367 1268 499 1335 consilia
522 1274 577 1335 tua
601 1269 702 1335 virum
727 1269 891 1354 proterunt
911 1274 1083 1335 sensatum.
1116 1268 1182 1335 Nos
1204 1267 1302 1351 igitur
1323 1267 1481 1333 honoram

305 1390 338 1451 te
361 1390 393 1451 et
415 1385 574 1470 profectus
597 1390 669 1451 tuos
692 1385 802 1450 iuvare
824 1404 999 1468 congruum
1021 1384 1179 1451 duximus.
1214 1382 1320 1449 Niohil
1342 1403 1419 1466 ergo
1442 1382 1482 1450 dc

305 1500 431 1567 nostrob
447 1499 660 1567 benivolentia
675 1499 834 1583 dubitans,
856 1504 943 1567 tuam
960 1500 1061 1584 nobis,
1084 1500 1269 1585 quantocius
1283 1497 1385 1583 vales,
1407 1519 1481 1585 pre

305 1617 439 1683 sentiam
455 1600 610 1682 exbibete.
642 1615 727 1683 Certi
744 1616 828 1682 enim
844 1637 964 1701 sumus,
988 1617 1071 1702 qnod
1085 1614 1194 1683 divina
1208 1615 1370 1701 sapientia
1383 1616 1480 1681 etiam

304 1732 398 1799 malis
421 1731 582 1799 hominum
606 1732 686 1798 bone
709 1732 756 1797 uti
779 1730 899 1798 novit“.

217 1864 285 1920 1106
393 1850 447 1913 41.
482 1846 582 1931 Igitur
605 1848 741 1933 acceptis
764 1844 907 1932 litteris²,
931 1848 1022 1913 iuxta
1036 1846 1167 1913 verbum
1183 1846 1291 1913 domni
1312 1846 1481 1931 apostolici

208 1980 287 2029 naa
305 1964 415 2032 beatus
439 1964 529 2047 Otto,
552 1963 685 2029 Romam
707 1964 742 2029 in
765 1964 949 2031 ascensione
970 1956 1118 2031 Domini⁸
1141 1962 1286 2047 ueniens,
1300 1962 1480 2045 'transivit3

305 2085 338 2147 et
359 2081 392 2146 in
408 2078 566 2162 Anagnia,
589 2078 717 2151 ciuitate
740 2078 924 2165 campanie,
947 2079 1097 2146 domnum
1120 2077 1329 2165 apostolicum
1346 2078 1478 2145 inuenit

304 2194 403 2262 Porro
426 2196 486 2261 uiri
513 2194 675 2277 honorati,
699 2195 751 2279 qui
776 2214 846 2260 cum
871 2216 908 2262 eo
931 2201 1037 2278 erant,
1061 2194 1136 2260 data
1157 2200 1190 2260 et
1211 2198 1344 2279 accepta
1365 2193 1479 2277 sainte,

305 2311 455 2377 domnum
479 2309 687 2395 apostolicum
710 2311 805 2376 etiam
828 2330 868 2375 ox
883 2317 974 2396 parte
988 2309 1130 2377 salutant
1143 2308 1285 2393 ecclesie,
1307 2309 1480 2377 subdentes

304 2427 490 2514 petitionem
513 2432 546 2492 et
560 2432 636 2494 vota
658 2447 716 2493 sua
738 2446 797 2514 pro
818 2427 927 2495 electo.
962 2426 1036 2494 Otto
1050 2447 1136 2511 vero,
1160 2427 1204 2492 nil
1225 2431 1408 2511 cunctatus,
1429 2447 1481 2494 or·

305 2542 411 2610 dinem
442 2543 630 2610 atmodum
662 2543 849 2610 accessionis
879 2543 998 2629 aperit,
1026 2543 1143 2610 fatetur
1171 2544 1294 2623 omnia3
1332 2542 1480 2609 baculum

305 2661 396 2746 ponit
420 2664 451 2726 et
474 2658 603 2726 anulum
626 2657 666 2724 ad
689 2657 786 2745 pedes
809 2658 990 2744 apostolici3
1020 2659 1206 2726 temeritatis
1230 2657 1281 2725 vel
1303 2660 1407 2726 errati
1429 2679 1480 2726 ue·

304 2777 392 2842 niam
419 2774 514 2861 petit,
542 2773 706 2840 insinuans
733 2779 842 2840 tamen
868 2794 933 2841 non
961 2775 1124 2841 voluntate
1150 2793 1207 2840 sna
1234 2773 1291 2840 sed
1320 2779 1482 2860 potestate

305 2891 423 2957 factum
454 2890 572 2970 aliena3
602 2907 659 2975 pro
689 2910 751 2974 qno
780 2895 813 2956 et
835 2909 963 2956 severus
985 2891 1019 2956 in
1042 2910 1077 2957 se
1099 2889 1249 2956 canonice
1271 2889 1480 2957 districfionis

307 3007 434 3073 sibimet
453 3007 647 3092 imprecatur
669 3004 831 3072 ultionem.
866 3005 1070 3092 Apostolicus
1085 3025 1169 3089 vero,
1193 3005 1242 3071 uir
1255 3025 1382 3072 summe
1405 3027 1481 3093 pru·

306 3122 422 3206 dentie,
446 3121 656 3188 constantiam
679 3121 746 3187 eius
767 3121 953 3206 admiratus,
977 3121 1082 3189 levare
1097 3121 1185 3188 iubet
1198 3121 1347 3205 insignia
1377 3121 1482 3206 Negat

306 3237 375 3321 ille,
405 3237 569 3320 indignum
596 3257 631 3302 se
654 3242 686 3302 et
708 3243 905 3323 peccatorem
928 3242 1131 3323 protestatus.
1167 3237 1247 3304 Turn
1270 3237 1480 3323 apostolicus:

308 3355 422 3422 Sancti
443 3353 585 3439 Spiritus
613 3353 717 3436 inquit
736 3355 859 3439 fectum
881 3357 1138 3440 appropinquem
1161 3358 1244 3421 testi
1265 3354 1386 3420 arbitri
1406 3377 1480 3421 coa·

306 3471 388 3536 ciliis
414 3491 481 3534 rem
508 3471 590 3534 banc
618 3472 834 3534 commendare
860 3471 1013 3536 debentes.
1054 3469 1152 3553 Dein,
1181 3468 1235 3534 ubi
1264 3468 1305 3534 dc
1327 3468 1378 3535 tis
1402 3469 1482 3536 satis

306 3586 466 3670 utrimque
495 3585 613 3652 dictum
644 3590 707 3668 est,
736 3583 953 3652 benedictione
980 3590 1124 3671 accepta,
1152 3584 1226 3651 Otto
1253 3603 1326 3650 cum
1347 3584 1419 3651 suis
1441 3585 1483 3651 ad

307 3701 483 3787 hospicium
506 3699 689 3784 digreditur.
724 3699 772 3766 Ibi
792 3701 894 3768 multa
909 3720 1014 3768 secum
1031 3707 1099 3768 tota
1110 3705 1203 3766 nocta
1217 3699 1274 3766 illa
1287 3705 1322 3766 et
1334 3701 1483 3786 sequenti

307 3816 358 3883 die
380 3813 547 3899 tractabat,
570 3815 730 3883 maliciam
752 3820 941 3902 temporum,
965 3817 1141 3884 anxietates
1164 3823 1197 3883 et
1214 3815 1355 3902 pericula
1368 3825 1482 3902 pasto-

307 3951 388 4015 rum,
410 3931 657 3998 inobedientiam
673 3937 705 3998 ct
718 3933 953 4017 inquietudines
968 3933 1179 4015 subditorum
1203 3935 1376 4018 postremo,
1391 3934 1483 4018 quic-

307 4046 383 4132 quid
405 4046 439 4113 in
461 4045 518 4113 tali
541 4066 576 4113 rc
599 4046 671 4112 duri
685 4047 736 4113 uel
759 4049 887 4116 aduersi
901 4069 970 4115 osse
993 4052 1106 4134 potest,
1129 4053 1204 4115 ante
1217 4046 1326 4115 oculos
1340 4049 1482 4134 ponebat
1504 4063 1513 4074 ·

308 4181 345 4228 ac
372 4161 467 4248 plena
495 4161 736 4247 deliberatione,
765 4164 912 4232 omnibus
933 4163 1102 4251 depositis,
1131 4163 1275 4250 priuatus
1295 4169 1331 4230 et
1351 4165 1481 4250 quietus

381 4311 699 4373 a.onaN,·recepiecR.
824 4315 1144 4377 seam-napaeis

380 4403 405 4458 1.
423 4405 596 4475 Prov.10,1.
704 4409 730 4464 2.
749 4407 973 4465 Of.Eb011111.
1079 4411 1106 4464 3.
1123 4409 1225 4466 ncta.
