3142 4850
373 304 562 355 sumnonem
584 306 864 357 sennnnonusns.
900 306 917 357 o
1166 292 1233 359 483

151 460 350 547 Archilegato
373 464 452 531 dans
474 465 580 551 prima
602 466 719 533 cubilis
741 465 851 549 Petr03
1249 485 1402 541 1012-1013

110 593 136 639 ss
149 574 273 644 Plaudit
294 586 327 647 et
348 580 438 663 agiae
460 579 531 647 loca
551 582 635 649 terre
658 583 797 649 secunda
819 580 954 665 Mariae,

150 691 183 757 ln
205 694 308 761 medio
330 714 480 777 maguum
502 696 620 779 gaudet
640 697 806 765 sustollere
830 698 948 779 Iesum;

150 806 266 895 Estque
290 810 403 879 domus
424 810 571 877 dominus
593 818 716 899 martyr
738 811 894 897 Georgius
918 813 1036 897 ulmum

149 923 291 1010 Undique
313 927 470 1009 congestis
493 926 603 995 solidis
626 948 758 995 numero
781 929 850 995 sine
873 931 1001 1012 sanctis,

149 1039 285 1117 Quorum
308 1041 468 1127 praesidio
491 1041 623 1110 clarebit
644 1043 816 1111 honoribus
840 1065 926 1111 aevo.

105 1172 132 1219 ss
147 1154 180 1222 ln
203 1156 417 1223 fundamentis
440 1158 607 1225 redimitur
630 1180 713 1225 nnnc
736 1161 812 1245 qnia
833 1161 941 1245 tantis,

146 1270 299 1339 lintribus
322 1278 358 1339 ut
379 1276 493 1361 priscis
516 1276 559 1341 sit
580 1275 647 1341 filiu
668 1276 769 1342 maior
794 1276 905 1363 opellis

148 1387 284 1455 Ornetns
307 1391 422 1474 cuncti,
446 1391 559 1475 quibus
582 1392 683 1458 utitur
706 1412 780 1457 ares
802 1392 922 1459 mundi.

187 1504 258 1570 Non
281 1506 386 1572 minus
409 1506 472 1572 ista
494 1505 615 1593 Sepber
637 1504 783 1573 Gan’eth¹
807 1507 884 1573 oluit
907 1512 974 1574 arto
996 1509 1142 1595 scienter,

145 1619 277 1688 lnierior
299 1621 413 1687 Stoicis
435 1642 647 1707 nequaqnam,
669 1624 771 1690 maior
793 1622 938 1689 Athenis.

100 1752 129 1799 ss
143 1732 176 1801 ln
201 1736 289 1801 cuius
311 1735 430 1803 laribus
453 1737 594 1821 gladium
618 1738 673 1804 dat
695 1739 769 1804 dive
792 1738 912 1805 duabus

143 1850 247 1918 Meter
267 1852 413 1937 natabus,
437 1873 499 1939 quo
521 1852 644 1921 findant
664 1853 770 1921 nexile
794 1874 908 1939 corpus

143 1966 319 2035 Particules
342 1988 399 2054 per
422 1989 495 2050 sex;
519 1971 633 2054 quibus
656 1976 746 2037 extat
767 1971 862 2037 tertio
883 1968 989 2037 iudex.

141 2082 289 2151 Portibus
312 2086 444 2151 adiectis
466 2090 500 2151 et
522 2085 568 2151 sic
590 2085 803 2152 crescentibus
827 2084 908 2172 ollis,

141 2199 322 2277 Quadruvio
346 2221 472 2269 menses
494 2202 624 2268 trivium
646 2202 797 2289 proponit
820 2203 952 2285 amicus3

93 2331 123 2377 ro
138 2314 216 2393 Quis
239 2316 358 2383 mulcet
379 2338 504 2403 pueros,
527 2318 666 2383 famosos
688 2319 790 2383 nutrit
812 2317 960 2403 ephebos,

140 2431 249 2500 Pascit
272 2440 304 2500 et
326 2434 481 2500 almorum
505 2440 647 2520 pastores
671 2434 894 2501 aecclesiarum

138 2547 295 2634 Illustres,
317 2550 383 2616 rivi
405 2557 589 2637 spargentes
613 2551 736 2616 semina
757 2550 856 2634 verbi,

138 2665 175 2732 ln
200 2664 315 2752 quibus
337 2671 374 2731 ut
394 2664 494 2732 firmis
518 2661 707 2732 oemuutur²
730 2671 815 2732 stare
838 2665 1001 2731 columnis.

184 2782 247 2848 llic
269 2803 348 2848 onus
371 2783 494 2866 argenti
517 2781 652 2848 collucet
673 2780 832 2846 montibus
856 2781 940 2862 suri3

88 2914 118 2961 st
133 2898 310 2964 Adduntnr
330 2899 428 2964 retiis
451 2898 611 2964 radiantia
633 2897 735 2964 serica
757 2896 901 2980 gemmis.

136 3013 228 3081 Haec
250 3015 382 3100 inopum
404 3014 502 3079 lotrix
526 3018 562 3080 ut
583 3032 769 3095 magnorum
795 3010 998 3095 dominatrix,

135 3129 228 3197 Haec
251 3135 347 3216 ceput
368 3135 418 3196 est
440 3129 535 3211 orbis,
559 3128 611 3194 hic
634 3129 735 3212 gloria
757 3127 902 3194 conditur
925 3126 1036 3192 omnis.

133 3243 200 3312 Pro
223 3246 324 3312 nibilo
347 3249 477 3328 moeret,
501 3244 576 3310 dum
600 3251 631 3310 te
655 3244 731 3338 elude
754 3245 861 3310 viuotc
884 3241 1045 3324 cohaeret,

134 3359 289 3448 Principe
312 3367 344 3428 te
366 3362 480 3428 crescit
501 3381 627 3445 semper
650 3379 837 3446 semperque
861 3357 998 3441 virescit,

86 3492 116 3539 tu
131 3475 256 3559 Floret,
279 3482 429 3560 maturat,
453 3481 648 3560 venturaque
669 3473 797 3540 saecula
818 3473 921 3540 durat

182 3592 269 3672 Quid
291 3593 404 3678 loquor
426 3592 545 3676 ingenii
567 3590 715 3657 bslbosus
738 3589 953 3672 somniculosi,

132 3708 209 3774 Non
233 3707 323 3775 Maro
346 3729 417 3776 cum
441 3708 565 3794 lepidus
588 3727 646 3772 nec
669 3707 760 3772 dicex
783 3711 892 3791 posset
914 3705 1070 3772 Homerus

133 3824 261 3892 Tenere
285 3823 474 3910 multiplices
497 3822 666 3889 laudabilis
689 3819 776 3887 urbis
800 3821 945 3906 honores,

132 3940 262 4006 Horum
284 3941 313 4006 si
335 3940 403 4005 sita
424 3938 579 4024 potuisset
601 3957 730 4020 surgere
752 3942 851 4002 tants.

114 4099 139 4152 1.
165 4098 253 4152 Iosue
272 4097 322 4165 15,
342 4096 389 4151 15:
409 4095 507 4166 ,venit
524 4095 560 4148 sd
578 4093 746 4150 habitatores
764 4091 863 4162 Debir,
887 4107 959 4161 quas
976 4091 1053 4162 prins
1072 4089 1225 4148 vocabatur

45 4181 155 4242 Cariath
174 4184 293 4254 Sepbsr,
310 4184 341 4240 id
357 4189 401 4239 est
417 4183 517 4239 civitas
534 4183 714 4238 litterarum&
802 4183 828 4236 u.
851 4181 992 4236 eeclesiae.

951 4498 1010 4554 31*
