3142 4850
323 310 387 375 772
582 327 761 375 nauscam
784 326 965 375 brunoque.
1001 328 1066 373 um.
1082 327 1109 373 11
1130 324 1236 375 ae-as

234 500 305 557 1124
321 486 423 553 iorum
449 492 480 552 et
501 486 627 553 turbam
650 487 882 553 incredulorum
899 485 1102 573 obprobrium
1119 487 1232 572 erucis,
1256 488 1360 553 animo
1377 493 1411 553 et
1424 506 1495 551 cor·

322 622 399 688 pore
427 607 517 668 tener
546 602 720 687 agoniteta,
754 622 859 669 coram
889 603 1036 688 episcopo
1068 608 1193 688 portare
1219 602 1358 669 iubebar.
1407 602 1495 668 Deus

322 722 427 784 autem
450 719 522 804 pius
546 723 578 785 et
600 718 790 803 misericors,
814 718 916 784 sciens
938 718 1142 784 timiditatem
1165 738 1268 785 meam
1290 724 1322 785 et
1342 738 1493 804 pavorem

322 854 438 917 meum,
461 834 524 900 ledi
547 856 598 901 me
621 854 683 900 non
707 833 839 900 sinebat.

412 950 464 1014 27.
501 948 636 1017 Cottidie
667 954 771 1016 autem
800 948 873 1014 fidei
903 949 983 1015 retia
1010 948 1191 1015 laxantibus
1218 955 1251 1016 et
1278 947 1376 1016 nichil
1402 948 1494 1015 nobis

322 1065 518 1151 capientibus
548 1072 580 1133 et
607 1066 740 1133 multum
764 1087 861 1152 super
883 1064 942 1131 hoc
964 1064 1160 1149 tedeutibus,
1188 1065 1316 1131 tandem
1337 1066 1493 1149 benignus

322 1180 476 1247 Dominus
501 1182 700 1249 sedulitatem
724 1181 800 1248 boni
823 1180 906 1247 serui
929 1181 978 1246 sui
994 1180 1129 1265 Ottonis,
1152 1180 1291 1248 laborem
1316 1201 1443 1267 quoque
1459 1200 1492 1246 ac

323 1297 495 1364 mestitiam
523 1297 702 1364 miserando
730 1297 880 1381 respexit.
972 1296 1053 1362 Nam
1076 1296 1138 1361 duo
1160 1296 1366 1382 pulcherrimi
1389 1296 1492 1363 adole·

322 1420 455 1497 scentes,
478 1412 536 1479 filii
559 1413 720 1480 cuiusdam
745 1408 876 1479 nobilis¹
900 1412 938 1477 de
961 1412 1098 1495 civitate,
1122 1412 1248 1478 domum
1271 1418 1415 1479 nostram
1432 1413 1491 1478 fre

324 1534 474 1614 quentare
498 1534 529 1595 et
551 1528 723 1595 familiares
747 1549 781 1596 se
805 1528 936 1614 prebere
958 1527 1173 1613 paulatimque
1195 1528 1234 1595 de
1250 1529 1318 1596 Deo
1336 1536 1447 1596 nostro
1462 1535 1493 1595 et

323 1644 361 1711 de
390 1644 451 1711 tide
482 1665 611 1730 querere
640 1648 801 1731 ceperunt.
844 1643 1021 1730 Episcopus
1050 1648 1154 1710 autem
1178 1644 1332 1729 sentiens,
1364 1646 1439 1730 quia
1459 1645 1491 1710 in

323 1761 403 1827 bono
428 1761 571 1844 veniunt,
600 1761 778 1826 futurorum
806 1758 958 1826 bonorum
983 1781 1021 1826 ex
1046 1760 1094 1825 his
1117 1761 1271 1846 captando
1300 1762 1490 1847 presagium,

321 1876 446 1943 blandis
469 1876 585 1942 mulcet
608 1876 753 1959 alloquiis
778 1881 872 1960 atque
895 1876 934 1941 de
949 1876 1108 1942 mundicia
1123 1880 1155 1941 et
1168 1875 1333 1942 honestate
1349 1876 1490 1942 christia·

321 1993 427 2077 nismi,
452 1992 490 2059 de
513 1990 767 2058 immortalitate*
791 1992 979 2077 animarum,
1004 1992 1042 2059 de
1064 1993 1293 2059 resurrrectione
1315 2012 1489 2079 corporum,

322 2108 361 2175 de
390 2128 447 2193 spe
474 2114 506 2174 et
533 2107 635 2191 gloria
664 2113 771 2175 eterne
799 2108 865 2174 rite
893 2105 1143 2174 adolescentibus
1172 2128 1228 2194 per
1256 2109 1399 2192 singulos
1429 2109 1490 2175 dies

323 2223 561 2307 euangelizavit.
597 2223 663 2301 Que
679 2224 794 2307 omnia,
817 2222 914 2290 tlante
930 2222 1051 2309 Spiritu
1066 2228 1185 2307 sancto,
1208 2225 1299 2310 pueri
1316 2224 1415 2291 altius
1428 2225 1490 2290 suis

322 2339 463 2406 inhibere
487 2339 680 2426 pectoribus3
711 2359 813 2426 neque
835 2339 890 2405 diu
913 2340 1065 2422 cunctati,
1089 2338 1216 2406 eredere
1239 2360 1272 2406 se
1296 2340 1378 2407 relle
1401 2347 1491 2426 etque

321 2457 513 2543 baptismum
561 2457 722 2544 percipere
764 2455 922 2522 dixerunt.
980 2456 1157 2542 Episcopus
1201 2476 1274 2541 crgo
1319 2457 1491 2524 letissimus

322 2593 437 2660 pueros
467 2574 573 2639 statim
603 2573 795 2655 cathezizat3
825 2591 863 2638 ae
891 2572 931 2638 de
953 2572 1115 2656 omnibus,
1146 2593 1206 2658 que
1229 2572 1402 2640 christiane
1424 2573 1493 2640 reli

322 2691 409 2774 gioni
432 2690 657 2776 conpetebant,
685 2689 853 2773 diligenter
876 2690 1046 2755 instructos
1069 2689 1175 2772 iussit,
1205 2694 1256 2773 ut,
1286 2689 1346 2756 loti
1368 2697 1402 2758 et
1423 2690 1492 2757 lotis

321 2807 435 2890 induti,
460 2827 530 2872 cum
553 2807 651 2873 cereis
676 2807 741 2872 suis
765 2812 798 2872 et
820 2804 900 2872 albis
915 2825 984 2871 sese
1005 2803 1172 2892 preberent
1188 2805 1407 2892 baptizandos.
1438 2806 1491 2890 lili,

322 2929 359 2989 ut
381 2923 493 2989 moniti
517 2928 624 3006 erant,
654 2922 783 2990 silenter
807 2927 998 3009 exequentes
1020 2921 1141 3006 omnia,
1164 2921 1216 2988 die
1239 2927 1358 2989 statuto
1381 2943 1493 3009 paren·

319 3023 408 3105 'tibus
437 3039 544 3105 insciis
573 3037 631 3104 loti
660 3045 692 3106 et
719 3038 877 3126 purificati
901 3038 1053 3123 novisque
1076 3059 1113 3104 ac
1133 3037 1261 3104 mundis
1284 3037 1427 3105 vestibus
1448 3038 1493 3105 in

324 3154 403 3238 duti,
427 3174 498 3222 cum
521 3153 600 3222 albis
624 3161 657 3221 et
678 3155 788 3240 cereis,
812 3155 993 3242 percepturi
1016 3160 1158 3221 sanctum
1182 3153 1351 3240 baptisma,
1374 3176 1412 3222 ee
1430 3174 1494 3220 ma·

323 3270 416 3336 nibus
445 3271 584 3357 episcopi
613 3269 804 3337 obtulerunt.
846 3271 974 3338 Videres
1002 3271 1139 3337 humano
1168 3269 1202 3336 in
1231 3291 1364 3356 corpore
1393 3271 1493 3337 vultus

325 3385 497 3470 angelicum
526 3387 660 3471 videres,
685 3386 817 3473 expulsa
840 3387 997 3454 demonici
1018 3387 1174 3472 squaloris
1196 3387 1321 3470 inertia,
1346 3387 1380 3452 iu
1404 3387 1493 3454 uulti-

325 3501 382 3567 bus
405 3502 554 3570 iuvenum
577 3501 737 3570 Christum
762 3524 876 3569 nouum
901 3503 1059 3570 hominem
1083 3504 1223 3587 gratioso
1245 3503 1307 3569 iam
1330 3522 1494 3572 ecrescere

325 3623 463 3704 aspectu.
502 3617 650 3686 Pontifex
677 3620 746 3706 ipse
769 3640 940 3704 omnesque
970 3619 1024 3687 alii
1048 3619 1224 3686 sacerdotes
1252 3625 1285 3686 et
1305 3619 1416 3687 clerici
1443 3641 1494 3704 ga·

324 3735 384 3800 visi
408 3739 482 3800 sunt
505 3739 536 3802 et
559 3734 706 3801 admirati
730 3755 825 3822 super
847 3736 960 3819 gratia,
985 3756 1078 3819 quam
1097 3736 1204 3802 uidere
1227 3735 1260 3800 in
1283 3735 1403 3821 pueris
1435 3733 1494 3802 Sed

325 3851 401 3935 quid
423 3851 547 3918 mereri
586 3849 747 3938 Baptizati
774 3856 850 3918 sunt
872 3857 919 3934 et,
948 3856 1078 3937 propter
1101 3856 1245 3917 octavam
1267 3850 1494 3936 purificatione

324 3972 394 4034 octo
417 3966 485 4033 dies
508 3966 592 4053 apud
615 3987 671 4034 nos
695 3973 935 4050 commorantes,
958 3966 992 4032 in
1015 3965 1125 4033 domos
1148 3971 1315 4053 parentum
1338 3987 1404 4034 non
1424 3974 1494 4034 sunt

324 4084 452 4150 reversi.

414 4199 466 4262 28.
502 4197 603 4264 Mater
626 4218 700 4264 vero
723 4197 848 4263 illorum
873 4217 1043 4282 puerorum
1063 4233 1105 4241 -
1122 4217 1194 4262 nam
1218 4205 1309 4283 pater
1332 4198 1417 4266 domi
1440 4197 1491 4265 ab
1567 4250 1568 4267 t

325 4319 393 4375 erat
417 4347 455 4357 -—
482 4311 536 4378 ubi
565 4332 626 4397 que
654 4317 744 4396 gesta
767 4317 843 4378 sunt
871 4313 1008 4396 audiuit,
1038 4313 1144 4399 pueris
1166 4313 1308 4384 nondum
1329 4315 1488 4394 exalbatis,

395 4463 414 4492 t.
438 4452 574 4497 nomiae
592 4453 622 4508 Ν,
639 4453 808 4500 annotanda
823 4453 877 4502 nn.
1074 4447 1099 4500 1.
1117 4444 1260 4504 Domina
