3142 4850
321 277 387 342 224
707 292 872 342 somnior
895 293 1021 342 conss.
1060 290 1109 342 ris

197 473 267 528 1103
321 453 357 519 Si
379 451 559 519 sacrificans
580 453 654 535 igne
675 455 777 520 sancti
794 452 932 538 Spiritus
948 452 1087 533 salietur,
1112 451 1239 516 victima
1255 467 1378 534 quoque
1393 449 1480 514 saeri-

156 546 306 594 F⁸b¹'‘¹¹¹¹'‘
320 567 443 634 licentis
465 567 532 634 sale
555 569 731 654 sapientiae
752 569 876 634 salitur.
965 567 1009 634 Et
1031 570 1199 653 penetrans
1222 564 1308 632 Iesus
1332 564 1425 630 altius
1445 565 1482 630 ad

319 684 511 750 intentiones
533 683 653 765 cordis,
676 683 780 750 addit:
805 687 933 752 Bonum
955 697 1000 748 est
1021 685 1079 748 sal.
1121 682 1245 764 Quodsi
1265 683 1315 748 sal
1338 681 1482 746 insulsum

310 801 427 883 fuerit,
451 803 566 886 inquo
589 803 740 866 condistis
761 801 845 866 illud
851 801 865 862 l
897 800 1019 866 Habstc
1040 802 1075 864 ia
1090 799 1176 863 vobis
1199 799 1306 879 salem,
1331 809 1360 863 st
1379 819 1482 883 pacem

320 916 426 981 labae
448 918 530 980 iuter
545 937 600 980 vos
608 909 626 978 ¹.
662 915 815 982 Tenorem
839 915 930 982 hrrius
948 912 1120 996 euangelici
1137 913 1265 1000 capituli
1285 913 1355 998 quis
1378 911 1484 978 medus

320 1036 473 1116 exponet,
503 1049 598 1115 qnam
627 1030 673 1096 rei
703 1037 735 1098 ot
757 1031 933 1117 praesentis
957 1030 1109 1116 temporis
1138 1028 1381 1114 consequentia?
1420 1027 1482 1092 Nou

320 1165 488 1232 possumus
509 1145 625 1212 habere
640 1166 751 1231 paoem
766 1147 850 1214 inter
866 1165 934 1229 nos,
957 1146 1019 1212 nisi
1035 1145 1205 1212 habeamus
1222 1143 1318 1212 salem
1340 1144 1374 1210 in
1390 1143 1485 1210 nobis.

322 1260 385 1328 Sed
414 1261 512 1328 salem
540 1281 603 1328 non
632 1261 784 1328 habemas
813 1263 844 1328 in
874 1261 975 1330 nobis.
1014 1261 1086 1328 [deo
1115 1281 1177 1328 non
1207 1261 1358 1328 habemus
1381 1279 1484 1346 pacem

319 1378 492 1444 internos.
1097 1367 1101 1378 ’

410 1494 494 1560 Hoc
509 1494 612 1578 inquit
633 1496 710 1560 tibi
732 1517 776 1559 ac
797 1497 996 1562 militibus
1012 1499 1091 1562 tuis
1106 1499 1145 1560 ia
1162 1505 1413 1580 peecatorum
1435 1514 1487 1556 re·

320 1613 547 1676 missionem
569 1623 603 1676 et
624 1612 874 1696 apostolicae
896 1615 1001 1677 sodis
1021 1612 1352 1697 familiaritatem
1371 1631 1487 1695 prae·

321 1729 504 1813 cipi-mus,
535 1739 576 1790 ut
597 1727 658 1790 lis
682 1726 889 1792 laboribus
913 1742 946 1794 et
969 1727 1184 1814 triumphis
1214 1727 1263 1790 ad
1288 1725 1489 1790 caelestem

320 1842 536 1906 Ierusalem
559 1844 779 1927 peruenias.
861 1842 1021 1910 Hactenus
1045 1840 1234 1925 euangelicis
1257 1839 1440 1926 apostolicis
1462 1843 1490 1902 et

320 1957 514 2043 propheticis
529 1956 719 2022 testimoniis
735 1957 964 2038 innitebamur3
989 1964 1030 2040 et,
1054 1957 1136 2041 quod
1152 1957 1256 2023 minus
1271 1955 1412 2022 habebnt
1429 1974 1490 2020 nra·

320 2074 412 2156 teria,
436 2071 571 2154 angebat
593 2072 809 2158 exemplorum
833 2074 932 2159 copia.
968 2073 1028 2139 Hie
1044 2091 1117 2139 vero
1141 2072 1216 2156 qnid
1231 2071 1345 2154 dicam,
1371 2071 1488 2150 nescim

322 2209 450 2272 quomo
466 2193 597 2271 vertum,
620 2208 685 2253 non
700 2187 800 2255 video.
837 2187 871 2255 Si
887 2190 969 2255 enim
987 2189 1150 2272 utriusque
1170 2186 1248 2270 legis
1265 2193 1363 2252 totam
1382 2185 1490 2252 biblio·

320 2304 456 2385 thecam,
474 2304 502 2368 si
517 2324 626 2370 omnes
642 2304 739 2372 totius
754 2303 961 2372 bibliothecae
973 2311 1094 2372 ueteres
1110 2304 1305 2390 expositores
1321 2302 1491 2382 revolvam,

321 2419 520 2507 exemplum·
548 2420 641 2487 hoino
669 2420 834 2507 apostolici
863 2421 1022 2509 praecepti
1051 2442 1114 2487 non
1139 2420 1308 2487 inveniam.
1404 2417 1491 2487 Solus

321 2536 572 2603 Hildebrandus'
596 2556 682 2624 papa
699 2536 842 2603 ultimam
867 2549 1013 2605 manum⁰
1029 2539 1127 2605 sacris
1143 2537 1314 2605 canonibus
1330 2534 1491 2621 imposuit,

321 2673 414 2738 quem
438 2652 572 2736 legimus
596 2654 794 2739 praecepisse
810 2651 1000 2719 Mathildae‘¹
1023 2654 1194 2721 marchiso·
1217 2653 1249 2718 io
1273 2651 1492 2719 remissionem

321 2773 523 2856 peecatorum
557 2790 702 2853 snorum,
738 2775 774 2835 ut
810 2768 981 2835 debellaret
1014 2768 1222 2851 Hleinrionm)
1258 2768 1492 2853 imperatorem.

321 2884 411 2964 Quod
434 2888 516 2953 inste
538 2905 596 2951 nee
618 2906 658 2953 ne
680 2885 749 2971 ipse
765 2884 814 2949 vel
838 2884 892 2949 alii
914 2885 1056 2969 fecerint,
1079 2884 1168 2951 nulla
1190 2883 1377 2950 anctoritate
1402 2882 1495 2949 disci·

319 3022 401 3069 mus.
436 3002 505 3069 Hoc
526 3002 629 3067 solnm
651 3001 813 3083 discimus,
837 3000 911 3085 quia
932 3020 996 3067 non
1020 3006 1124 3087 potest
1146 2999 1259 3085 aliquis
1283 2998 1424 3085 aliquem
1449 3000 1494 3063 iu·

321 3117 456 3184 discrete
478 3116 600 3184 solvere
622 3116 674 3183 uel
694 3116 803 3201 ligare.

410 3232 460 3299 nt
482 3233 541 3299 hoc
564 3233 701 3299 occurrit
722 3232 813 3299 nobis
837 3252 875 3299 ex
892 3232 1055 3316 euangelio
1074 3231 1262 3318 exemplum.
1299 3230 1389 3299 lesus
1406 3230 1496 3297 ctri-

321 3353 405 3432 stus,
433 3354 534 3415 totum
557 3348 717 3415 hominem
739 3350 808 3415 sino
832 3355 960 3435 peccato
984 3368 1096 3432 agens,
1125 3348 1368 3415 resuscitaturus
1394 3346 1496 3415 Laza-

320 3484 408 3547 rum,
435 3464 546 3531 ridens
568 3463 648 3531 ulios
676 3484 734 3550 pro
757 3464 812 3531 illo
834 3464 1012 3551 plorantes,
1042 3464 1172 3531 fremuit
1194 3464 1324 3550 spiritu,
1352 3463 1499 3531 turbarit

320 3587 421 3647 semet
443 3582 564 3667 ipsum,
587 3581 770 3647 lacrimatas
794 3578 867 3647 est¹.
904 3579 1055 3647 Rursum
1077 3580 1206 3647 tremuit
1227 3580 1261 3647 in
1283 3586 1386 3647 semet
1411 3581 1496 3666 ipso;

320 3696 414 3763 iussit
435 3695 503 3763 tolli
525 3695 662 3781 lapidem
687 3701 810 3763 mortuo
834 3696 1078 3782 superpositum,
1104 3696 1233 3763 elevatis
1258 3695 1356 3763 oculis
1381 3696 1497 3776 orarit,

320 3831 397 3879 voce
418 3830 534 3895 magna
556 3810 718 3877 clamavit:
742 3814 877 3892 maore,
902 3816 975 3877 oeni
991 3806 1118 3895 foras⁸.
1156 3811 1223 3889 Quo
1247 3811 1437 3896 prodeunte,
1460 3810 1498 3875 li·

319 3928 402 4011 gatis
425 3925 571 3993 manibus
594 3946 632 3992 ao
654 3927 786 4014 pedibas
809 3928 928 3994 institis
957 3932 989 3993 et
1017 3926 1143 3993 sudario
1165 3927 1246 3993 facie
1269 3926 1383 4010 ligata,
1416 3926 1498 3993 dixit

391 4137 410 4169 a
435 4120 590 4181 eremplr'rV.
653 4122 675 4169 b.
700 4121 862 4169 Hiltebrandus
879 4122 908 4168 Β.
975 4136 995 4167 o.
1019 4136 1098 4169 manns
1115 4123 1144 4168 B.
1211 4122 1234 4169 d.
1258 4120 1383 4167 Methildse
1398 4121 1424 4174 Γ,
1442 4120 1496 4167 lla*

320 4201 407 4249 thlldse
423 4200 449 4248 Ζ.
528 4215 547 4248 e.
572 4202 723 4249 marchioniss
737 4202 760 4248 l'.
838 4201 855 4248 l.
877 4200 976 4247 Rursum
991 4224 1014 4233 -
1030 4200 1145 4247 solverent
1160 4214 1211 4247 enm
1227 4216 1270 4249 orn.
1282 4200 1316 4255 B,
1337 4198 1379 4247 att
1397 4200 1497 4261 lapitas.-

320 4282 344 4326 st
360 4283 436 4327 setsrs
450 4294 523 4341 usqne
538 4282 593 4327 illuc
609 4280 690 4327 solvite
706 4283 730 4327 st
745 4282 813 4327 sinite
828 4282 898 4327 abire.

394 4406 418 4459 1.
436 4403 519 4457 Marc.
532 4404 558 4471 9,
575 4403 621 4457 49.
709 4404 734 4457 2.
753 4402 869 4471 10h.11,
886 4402 986 4457 acas.
1077 4402 1102 4456 3.
1122 4400 1179 4457 loln
1194 4404 1236 4471 11,
1255 4401 1380 4457 38-43.
