3142 4850
388 336 511 388 mouns
534 337 614 382 urus
637 335 796 384 cunonis.
829 337 895 384 nm.
911 335 938 383 11
962 333 974 385 1
1200 317 1263 382 617

97 509 258 583 tempestas
285 499 363 576 istu,
394 497 493 562 toilite
520 518 569 560 ms
596 509 623 561 ct
648 498 759 561 ocimu
781 497 817 560 io
838 519 934 560 neore.
1025 493 1168 560 Audiens
1190 513 1265 560 vcro
1297 579 1301 588 ἱ

96 609 313 676 Pomeraniam
338 610 438 676 adhuc
461 610 647 694 gentilitatis
670 611 770 676 errori
794 610 944 692 deditam,
971 609 1039 678 zelo
1062 609 1190 694 pietatis
1214 629 1265 674 sr-

96 731 210 809 matns,
233 725 308 790 illuc
323 724 561 808 euangelizsndi
583 725 690 808 gracia
705 725 850 806 divertit3
872 725 1018 811 cupiens:
1043 729 1106 808 aut,
1118 723 1190 790 illos
1213 743 1264 791 ec-
1281 737 1387 791 clm

96 840 188 905 clesie
211 839 363 906 catholice
385 861 443 926 per
465 838 558 906 tidem
580 841 783 926 incorporare
810 846 866 906 aut
892 859 951 925 per
971 840 1108 908 martirii
1130 839 1265 922 glorium

95 955 211 1021 ibidem
241 974 298 1040 pro
322 954 447 1021 Christo
470 955 662 1022 occumbere.
702 954 782 1020 Erat
810 955 894 1022 enim
917 955 981 1022 vite
1009 955 1164 1041 presentis
1190 973 1264 1020 cou-

95 1074 232 1155 temptor
248 1070 358 1155 suique
381 1071 521 1156 corporis
545 1071 716 1136 acerrimus
739 1071 919 1154 castigator,
942 1070 1056 1152 itaut,
1080 1069 1168 1136 arido
1191 1089 1264 1156 pur-

95 1204 192 1269 coque
214 1185 284 1251 cibo
307 1191 482 1268 contentus,
510 1185 596 1251 nullo
620 1205 758 1269 nuquam
782 1190 858 1270 potu
882 1185 944 1251 nisi
966 1185 1140 1270 solasque
1161 1191 1265 1252 utere·

94 1304 155 1365 tur.
247 1299 383 1366 Veniens
406 1301 513 1385 itaque
537 1301 575 1366 ud
599 1301 708 1366 ducem
725 1299 856 1367 Polcnic
864 1296 882 1383 ¹,
906 1298 1075 1367 honorifice
1098 1306 1134 1366 ut
1155 1320 1266 1367 servus

93 1413 154 1481 Dei
177 1415 344 1500 excipitur.
376 1415 518 1500 Cumque
540 1416 663 1482 itineris
685 1415 734 1482 sui
750 1433 877 1482 cansam
892 1415 1101 1500 exposuisset,
1124 1415 1189 1481 dux
1211 1416 1266 1483 be-

93 1531 188 1613 nigne
214 1530 393 1616 respondit:
424 1551 458 1596 se
481 1531 607 1615 quidem
637 1530 742 1596 ardori
772 1535 837 1596 tam
868 1536 976 1596 sancte
998 1530 1169 1598 voluntatis
1197 1531 1265 1597 eius

92 1644 321 1728 congratulari3
345 1645 400 1711 sed
421 1651 545 1712 tentam
568 1646 670 1729 gentis
690 1645 774 1712 illins
792 1665 861 1712 esse
875 1647 1082 1730 ferocitatem,
1105 1650 1141 1712 ut
1162 1647 1265 1729 magis

91 1779 201 1826 necem
226 1761 255 1825 ei
278 1761 394 1827 inferre
419 1780 513 1846 quam
536 1762 643 1844 iugum
667 1758 741 1828 fidei
763 1761 870 1828 subire
892 1767 1004 1847 parata
1026 1762 1077 1828 sit
1116 1760 1176 1826 Cui
1197 1761 1266 1847 epi·

91 1895 207 1961 scopus
223 1881 403 1942 constanter
420 1875 533 1957 aiebst,
558 1876 597 1944 ad
621 1877 680 1941 hoc
702 1897 736 1942 se
751 1896 923 1960 egressum,
947 1883 984 1943 ut
1004 1877 1116 1943 mortis
1140 1881 1265 1942 senten·

91 1991 172 2056 tiam
195 2011 251 2076 prc
268 1991 387 2057 Christi
411 2011 527 2074 umore,
551 1992 579 2056 si
602 2011 728 2058 neccsse
750 1992 856 2074 fucrit,
879 1991 1094 2060 indubitanter
1117 1993 1264 2078 excipiat

91 2105 160 2183 Quo
183 2125 335 2192 response
359 2107 423 2172 dux
447 2104 615 2172 admodum
640 2106 849 2191 exhilaratus,
876 2108 1082 2194 interpretem
1106 2108 1135 2174 ei
1162 2116 1195 2174 et
1215 2108 1267 2174 vie

91 2221 215 2304 ducem,
240 2227 276 2288 ut
290 2222 427 2308 petebat,
452 2222 578 2302 tribuit3
602 2222 794 2307 inprecatus,
812 2223 841 2288 ei
857 2243 1011 2310 prospera
1026 2223 1177 2290 divinitus
1192 2224 1266 2290 sub·
1311 2234 1315 2242 ’

90 2337 278 2403 ministrari.
371 2337 426 2403 llle
449 2342 571 2418 antem,
599 2337 786 2404 humilitatis
810 2357 847 2404 ac
869 2340 1067 2426 paupertatis
1090 2359 1146 2405 sue
1169 2339 1266 2406 etiarn

90 2454 124 2519 in
150 2454 332 2539 episcopatu
356 2458 519 2519 suetos-
537 2453 657 2520 sciebat
679 2454 764 2520 enim
781 2475 913 2538 regnum
929 2454 1047 2522 diaboli
1069 2475 1132 2521 non
1155 2461 1265 2541 poten-

90 2570 139 2635 tia
162 2569 218 2635 sed
240 2568 418 2635 humilitate
433 2567 552 2633 Christi
567 2568 772 2653 destructum,
796 2574 829 2636 et
849 2571 923 2653 quia
942 2568 1080 2639 affatim·
1095 2570 1184 2636 dives
1207 2576 1266 2654 est,

91 2685 148 2770 qui
171 2703 242 2750 cum
258 2682 383 2750 Christo
406 2702 528 2770 pauper
543 2688 592 2749 est
607 2720 649 2730 —
666 2684 814 2769 despectu
829 2685 940 2751 babitu
963 2690 996 2751 et
1016 2684 1110 2751 undis
1132 2684 1266 2770 pedibus

90 2801 203 2866 urbem
220 2796 318 2865 Iuliu¹
341 2799 517 2883 ingreditur
539 2799 646 2883 ibique
668 2804 851 2866 constanter
869 2798 942 2866 fidei
965 2799 1122 2866 katholico
1144 2800 1268 2867 semina

90 2936 244 3003 spargere
259 2916 351 3001 cepit.
387 2914 480 2981 Cives
498 2920 602 2981 autem
620 2950 661 2961 -
679 2934 718 2981 ex
735 2915 804 2999 ipsc
827 2934 899 2981 eum
920 2915 1032 2983 babitu
1046 2915 1265 3002 despicientes,

88 3037 203 3118 utpote
227 3032 279 3115 qni
304 3031 451 3097 nonnisi
474 3031 643 3097 secuudum
674 3030 788 3097 taciem
817 3030 957 3097 iudicare
979 3032 1178 3099 sciebant-
1194 3032 1266 3116 quis

89 3152 178 3213 esset
200 3146 250 3212 vel
273 3167 293 3213 s
314 3166 376 3231 qno
398 3146 525 3229 missus,
549 3147 721 3231 inquirunt
759 3148 805 3213 At
826 3146 880 3212 illa
902 3166 1027 3213 servum
1051 3167 1086 3214 se
1109 3147 1175 3213 veri
1192 3146 1264 3231 Dei,

88 3263 222 3329 facturis
246 3262 304 3328 celi
329 3268 361 3331 et
383 3266 476 3346 terre,
500 3261 667 3348 profitetur
690 3267 722 3329 et
744 3262 783 3329 ab
800 3282 836 3328 co
853 3282 887 3329 se
908 3263 1050 3346 missum,
1073 3267 1110 3329 ut
1130 3262 1202 3330 illos
1225 3263 1265 3331 ab

89 3398 200 3445 errore
224 3376 378 3464 ydolatrie
402 3376 442 3443 ed
464 3378 548 3443 viam
564 3378 707 3443 veritatis
729 3376 869 3444 reducat.
904 3377 954 3444 Illi
978 3398 1052 3445 vero
1074 3378 1265 3462 indignum:

90 3494 259 3577 Quomodo
289 3494 436 3578 inquiunt
464 3496 587 3559 credere
614 3516 797 3580 possumus,
827 3509 857 3560 te
883 3497 1033 3561 nuncium
1061 3498 1177 3560 summi
1201 3496 1267 3561 Dei

89 3612 177 3675 esse?
204 3633 274 3674 cum
296 3611 350 3675 ille
370 3611 528 3695 plurimus
551 3611 592 3674 sit
614 3622 644 3674 et
666 3611 810 3675 omuibau
831 3612 957 3675 diviciis
978 3611 1106 3696 plenus,
1137 3625 1171 3676 tu
1193 3634 1265 3677 cero

89 3726 295 3812 despicabilis
319 3738 347 3791 et
369 3738 453 3791 tante
472 3728 682 3812 paupertatis,
707 3739 742 3791 ut
763 3748 820 3791 uec
836 3727 1041 3793 calciamenta
1056 3727 1169 3793 babere
1188 3748 1264 3813 pos·

87 3846 145 3907 sie.
184 3842 259 3907 Nou
275 3844 460 3927 recipimus
476 3854 505 3907 te
519 3863 576 3905 uec
590 3842 763 3905 audiemus.
801 3841 950 3907 Summus
973 3846 1055 3907 euim
1070 3842 1159 3907 Deus
1182 3866 1265 3907 nuu-

89 3978 190 4044 quam
213 3970 278 4021 tam
301 3958 453 4023 aoieeaun
475 3956 565 4023 uobis
582 3956 717 4041 legatum
733 3958 899 4044 diripere&
922 3960 977 4022 aad
998 3962 1029 4021 si
1049 3980 1085 4023 re
1098 3980 1173 4023 cera
1190 3981 1264 4023 cou-

88 4076 263 4138 versionem
287 4086 428 4139 ooetram
450 4074 616 4151 desiderat,
646 4094 706 4158 per
727 4074 874 4138 idoneum
898 4085 927 4137 et
948 4076 1080 4160 dipsium
1101 4096 1157 4139 sus
1175 4088 1264 4161 potc-

87 4192 169 4254 stcti
193 4190 374 4254 ministrum
401 4211 459 4255 uos
487 4188 635 4278 visitabit.
675 4187 725 4253 Tu
747 4211 840 4269 cero,
868 4191 899 4253 si
924 4192 987 4256 cite
1013 4190 1266 4257 accumbam

165 4351 186 4384 s.
210 4336 302 4385 adamum
321 4336 346 4384 0.
558 4338 581 4384 b.
604 4336 732 4395 indignanti
750 4335 775 4384 0.

164 4434 189 4487 1.
208 4432 364 4489 Boleslaum
378 4431 426 4487 111.
640 4432 665 4487 2.
685 4430 795 4487 Wotlin.
