3142 4850
192 487 271 540 '1127

171 562 226 618 poet
241 559 307 604 llari.

237 2101 307 2156 1127

325 292 392 360 400
667 311 833 360 uniamur
856 311 983 361 com.
1018 309 1146 362 cassas

325 470 447 536 ratione
469 470 641 554 mandavit,
666 471 748 556 qued
772 471 952 557 praediatus
970 473 1070 538 irater
1085 469 1333 552 Gletahardusl·
1354 471 1391 536 iu
1403 469 1484 536 Erii·

325 584 466 670 polensib
482 585 613 652 ecclesia
629 587 830 672 episcopatus
844 588 966 672 apicem
982 585 1114 653 ulterius
1124 585 1269 653 obtinere
1283 607 1347 652 uon
1357 581 1483 652 debeutl

325 699 377 766 Ex
399 707 490 786 purte
518 703 624 786 itaque
648 701 708 768 Dei
731 707 764 768 et
792 702 876 768 beati
899 702 986 769 Petri
1013 708 1047 767 et
1068 700 1188 768 domini
1217 703 1281 770 mei
1308 723 1410 789 papae
1430 700 1485 766 He

324 818 408 882 nerii
430 817 519 884 vobis
550 817 772 903 praecipiendo
798 818 999 885 mandamus:
1030 823 1065 883 ut
1087 816 1122 883 id
1142 817 1248 903 ipsum
1277 817 1434 899 sentiatis,
1458 816 1486 882 id

325 932 429 1018 ipsum
454 933 586 1019 sapiatis
610 953 729 1016 omnes,
756 937 877 1000 utnon
900 933 1021 1000 sintin
1045 934 1134 1008 vobis
1155 931 1338 1016 edomata¹3
1368 934 1434 1016 sed,
1453 932 1486 999 ab
1560 993 1562 1014 ,

326 1048 434 1113 eodem
464 1048 531 1113 viro
554 1069 610 1114 uos
638 1048 815 1134 separando
847 1055 879 1115 et
904 1049 1023 1115 nullam
1047 1051 1075 1115 ei
1098 1051 1307 1118 reverentiam
1335 1056 1486 1134 umquam
1560 1039 1562 1060 '

325 1168 430 1228 vestro
452 1163 599 1249 episcopo
623 1163 673 1232 vel
698 1163 797 1230 electo
828 1164 1020 1248 exhibendo,
1047 1165 1080 1232 in
1113 1186 1210 1237 unum
1237 1167 1432 1235 conveniatis
1452 1171 1486 1249 el,
1531 1195 1540 1222 ·

327 1279 512 1363 quantocius
534 1280 689 1365 poteritis,
713 1280 897 1366 episcopum
920 1280 1010 1348 robis
1031 1282 1205 1348 secuudum
1222 1282 1325 1349 Deum
1347 1283 1489 1348 eunomus

326 1393 460 1478 eligatis.
501 1394 651 1479 Alioquin
679 1394 768 1461 vobis
798 1401 831 1462 et
860 1395 1010 1462 ecclesiae
1038 1403 1163 1466 vestrae
1189 1398 1330 1464 divinum
1360 1397 1488 1464 officium

325 1510 559 1578 interdicemus.
592 1510 644 1575 Ad
659 1510 717 1578 hec
732 1510 812 1580 bene
829 1512 951 1596 agenda
964 1521 1150 1599 cooperetur
1161 1514 1250 1582 uobis
1264 1514 1371 1598 gratia
1381 1513 1488 1580 duna
1560 1491 1562 1570 J

328 1721 416 1791 229.
437 1725 662 1818 Adeldertrpsl
685 1727 940 1814 archiepiscopus
964 1728 1171 1812 Mopuntiaue
1196 1728 1488 1814 Wrziburpeoeiduc
1560 1727 1562 1820 J

437 1844 638 1908 concordiam
660 1845 786 1920 suadet·
815 1846 871 1925 sed
893 1845 932 1907 de
961 1846 1085 1929 spendo
1106 1867 1142 1910 re
1163 1847 1341 1910 assassinis
1362 1846 1487 1910 scribsit
1560 1845 1562 1850 ’

1363 1958 1404 2038 (Ε
1421 1960 1487 2037 326)

414 2089 631 2170 Atdelbertus)
656 2089 716 2156 Dei
745 2091 851 2173 gratia
877 2098 1007 2158 sanetae
1031 2091 1235 2176 Moguntiuae
1262 2092 1414 2160 milesias
1439 2092 1488 2158 lu·

327 2205 411 2272 milis
434 2206 579 2272 minister·
602 2210 635 2272 et
649 2207 840 2292 apostolicae
856 2208 940 2274 sodis
955 2207 1078 2290 legatus
1095 2207 1218 2276 dilectis
1233 2209 1268 2274 iu
1282 2207 1409 2274 Christo
1425 2207 1488 2274 liliis

325 2320 597 2405 wirzeburgensis
620 2321 770 2388 ecclesiae
793 2321 943 2408 praelatis
971 2328 1004 2389 et
1029 2323 1181 2407 subditis,
1210 2323 1294 2392 clero
1316 2329 1349 2390 et
1372 2323 1489 2410 popula

327 2458 395 2505 esse
418 2440 450 2504 in
474 2437 600 2504 Christo
624 2458 677 2505 cor
699 2459 798 2504 unum
821 2445 854 2504 et
876 2440 982 2505 anima
1004 2460 1077 2507 una.

417 2553 626 2621 Condolentes
654 2576 694 2621 ex
721 2554 816 2621 corde
845 2555 995 2623 ecclesiae
1018 2560 1143 2623 vestrm
1170 2560 1218 2621 tot
1245 2557 1308 2623 ium
1338 2576 1377 2623 uc
1402 2556 1490 2623 auus

326 2670 583 2737 tribulationibus
599 2672 736 2755 attritae,
760 2670 966 2740 exhortamur
984 2692 1039 2737 vos
1062 2672 1096 2737 in
1111 2671 1259 2756 Domino,
1282 2678 1319 2738 ut
1340 2671 1492 2758 simplices

327 2792 359 2855 et
375 2786 539 2853 unanimes
555 2787 587 2852 in
604 2786 695 2853 domo
712 2786 772 2853 Dei
787 2786 950 2855 ambulare
966 2788 1135 2871 satagatis3
1160 2788 1235 2873 quia
1247 2788 1407 2874 scriptura
1420 2792 1492 2855 teste

326 2902 360 2969 in
389 2903 526 2969 scissura
555 2904 707 2969 mentium
730 2901 817 2969 Deus
845 2923 908 2969 nun
935 2900 1012 2987 θεῖ’,
1040 2909 1073 2971 ot
1101 2922 1305 2989 quaecunque
1333 2904 1493 2971 mulares

328 3018 566 3103 adinvenerunt,
590 3039 629 3085 err
653 3018 829 3085 discordiae
850 3018 957 3087 radice
985 3024 1216 3104 processerunt
1253 3018 1344 3087 Unde
1366 3024 1494 3106 oportet,

327 3138 363 3201 nt
386 3132 426 3201 ad
449 3134 530 3201 hanc
553 3133 790 3221 exstirpandam
807 3134 988 3219 diligentius
1006 3134 1178 3218 invigiletis
1192 3134 1360 3220 Deumque
1382 3142 1417 3202 et
1436 3136 1496 3201 siu·
1558 3119 1559 3122 ¹

327 3248 393 3333 guli
425 3256 457 3316 et
479 3251 512 3315 in
536 3270 700 3317 commune
723 3250 952 3336 deprecemini,
983 3250 1132 3335 quatinus
1161 3251 1399 3318 misericordiae
1426 3269 1497 3317 suae

328 3365 427 3433 oculis
450 3387 505 3435 vos
529 3368 678 3451 respiciat
700 3372 732 3433 et
754 3367 850 3433 talem
873 3364 968 3433 linem
991 3368 1160 3433 diuturnae
1182 3366 1357 3434 calamitati
1378 3374 1499 3435 vestrae

326 3483 480 3569 imponat,
503 3503 543 3549 ne
565 3483 714 3567 deinceps
737 3482 810 3549 talis
834 3483 1049 3569 oppressionis
1072 3482 1245 3569 periculum
1269 3484 1358 3549 uobis
1380 3485 1499 3551 inenu-

327 3597 391 3664 bat
422 3596 598 3664 Concordia
612 3598 777 3683 siquidem,
794 3599 877 3665 sicut
891 3619 966 3684 sepe
981 3598 1126 3682 audistis,
1149 3618 1268 3684 paruae
1282 3620 1333 3667 res
1345 3602 1500 3679 crescunt,

327 3713 485 3781 discordia
507 3734 640 3797 magnae
660 3713 852 3799 dispereunt
892 3714 983 3793 Quod
1004 3715 1080 3800 quia
1100 3714 1269 3783 manifesto
1284 3716 1501 3801 experimento

327 3828 494 3914 didicistis,
521 3849 770 3915 commonemus,
794 3835 832 3896 ut
857 3831 940 3897 tanti
965 3830 1041 3897 muli
1069 3832 1241 3917 perniciem
1268 3831 1411 3899 demere
1436 3834 1501 3895 stu·

327 3945 438 4015 deatis.

417 4060 465 4127 Ne
489 4080 562 4127 vero
586 4060 757 4127 uoluntatis
785 4066 914 4127 nostrae
942 4061 1123 4144 ignorantia
1146 4083 1202 4127 vos
1225 4062 1259 4128 in
1288 4062 1393 4147 aliquo
1415 4078 1499 4127 com·

328 4181 455 4243 moveat
477 4176 536 4243 vel.
555 4175 698 4243 diffidere
725 4177 837 4260 iaciat,
867 4178 992 4244 noverit
1019 4197 1078 4264 pro
1107 4183 1194 4244 certo
1223 4178 1350 4246 dileedu
1378 4180 1498 4244 ream:

400 4340 421 4372 a
446 4326 472 4372 G.
484 4342 526 4373 om.
538 4326 563 4373 Ζ.
642 4326 664 4373 b.
688 4326 855 4389 llerbypoleusi
871 4328 894 4375 V,
973 4342 992 4377 a
1016 4325 1496 4391 avlesv,2p.³01‚c'sc-ccu

401 4423 425 4475 1.
445 4422 479 4477 V.
496 4424 604 4492 spii?
624 4436 707 4493 supra
724 4422 827 4492 p399.
896 4424 924 4479 a.
946 4422 1036 4479 1001.
1047 4425 1072 4493 1,
1086 4425 1128 4479 10.
1200 4426 1227 4479 3.
1246 4422 1289 4480 Gi
1305 4415 1495 4487 acernae
