3142 4850
479 279 646 331 summor
667 279 796 330 coum.
830 277 902 330 a-4
1234 264 1279 333 23

99 431 157 490 ciac
181 433 316 503 malado
339 439 369 490 et
391 433 523 506 subditis,
547 436 800 507 cleroetpopulo,
824 451 886 492 esse
907 427 1280 496 mcbristoeoiunumct

100 531 193 588 amma
210 546 277 586 una.
349 531 392 602 ll,
410 532 463 588 Dei
481 533 572 602 gratia
583 533 822 606 wirseburgensis
839 533 914 604 quod
930 538 983 604 est,
1000 534 1033 590 Es
1045 533 1150 591 decano
1167 538 1278 593 ceteris

100 643 153 698 qus
170 626 358 684 confratibus
376 635 488 686 anctae
506 628 745 702 Babenbergensis
764 631 896 686 ccclesiae
919 630 1042 687 sincerae
1062 631 1216 689 dilectionis
1238 632 1277 688 ai·

99 723 204 781 fectum
222 726 252 782 in
269 723 406 782 omuibus.

104 891 139 964 3.
166 893 358 980 Epistola
400 895 734 966 commendaticia
776 895 1037 984 pergentibus
1080 898 1279 966 iratribus

166 1009 303 1076 factas
1187 1014 1279 1096 (En)

190 1133 339 1201 Dominis
361 1139 394 1201 et
411 1134 563 1204 fininibus
584 1134 729 1204 lidellbus
750 1135 934 1204 emate-Dei
957 1135 1127 1204 aecclesiae
1143 1137 1279 1204 circum

103 1267 230 1335 qunque
245 1250 448 1317 manentibus
463 1251 501 1318 N.
518 1251 647 1320 humilis
670 1257 703 1320 et
724 1251 857 1336 exiguus
879 1269 1042 1320 serrorum
1058 1251 1119 1319 Dei
1135 1253 1279 1320 sewulus

102 1366 134 1432 in
156 1363 298 1432 Domino
322 1365 467 1432 salutem

167 1565 172 1576 Ι
189 1479 514 1550 Noveritreverentia
529 1481 731 1550 beatitudinis
744 1488 878 1566 vestrae,
893 1482 977 1550 bunc
989 1481 1121 1549 iratam
1135 1486 1279 1549 noenum

101 1596 138 1664 li.
161 1617 184 1663 a
210 1595 306 1663 nobis
334 1597 459 1684 copiam
487 1598 582 1665 eundi
611 1599 760 1683 quesisse.
800 1597 902 1678 Quam
930 1601 963 1664 et
988 1615 1047 1663 nos
1075 1597 1106 1665 ei
1134 1597 1280 1665 benivola

102 1717 208 1780 moute
231 1714 457 1798 concessimus,
479 1720 526 1798 ut,
548 1713 727 1798 ubicunque
749 1715 779 1781 si
793 1714 841 1781 ire
854 1731 1018 1781 remanere
1031 1711 1158 1780 libitum
1172 1713 1278 1798 inerit,

102 1827 225 1896 licitum
250 1828 303 1894 sit
338 1827 383 1895 Et
404 1828 461 1896 bas
475 1835 603 1897 nostrae
618 1829 845 1896 mediocritatis
861 1828 970 1896 literas
984 1827 1057 1894 ides
1073 1829 1104 1895 ei
1118 1829 1279 1896 faciendas

103 1945 296 2029 censuimus,
311 1948 357 2028 nt,
373 1963 558 2030 quocunque
572 1945 759 2032 perrexerit,
775 1965 841 2012 non
855 1963 914 2030 pro
929 1944 1062 2031 profugo
1076 1962 1136 2011 nec
1149 1963 1208 2030 pro
1224 1945 1280 2012 ab·

102 2060 182 2128 lecto
205 2059 374 2145 habeatur,
397 2061 453 2126 sed
476 2079 533 2146 pre
557 2079 605 2144 eu,
628 2061 683 2146 qui
705 2064 819 2146 sponte
841 2060 1016 2145 susceperit
1037 2061 1161 2146 copiam
1184 2060 1279 2127 eundi

104 2183 134 2244 et
155 2174 338 2260 victitandi,
361 2175 539 2260 ubicunque
554 2177 584 2243 ei
598 2176 754 2243 Dominus
776 2175 960 2242 facultatem
982 2177 1180 2243 concesserit
1215 2176 1279 2244 Ob·

104 2311 267 2359 mamas
296 2291 408 2376 eliam,
440 2296 477 2358 ut
503 2293 538 2358 in
566 2293 633 2359 eius
662 2291 861 2378 susceptione
888 2309 1045 2358 memores
1073 2291 1143 2358 sitis
1172 2291 1280 2358 divine

104 2405 188 2475 illius
212 2407 386 2475 sententie:
409 2407 534 2496 Hospes
558 2430 643 2475 mom
666 2424 696 2477 et
711 2409 878 2495 collegitis}
900 2403 976 2491 Μ’,
998 2411 1031 2474 et
1053 2407 1112 2475 hoc
1133 2407 1164 2473 ei
1185 2405 1280 2475 bene·

104 2523 166 2591 ficii
187 2528 300 2591 uestra
322 2523 540 2591 benevolentia
556 2524 712 2609 exhibeat,
737 2522 823 2609 quod
844 2522 1015 2590 aDomino
1031 2523 1174 2591 exbiberi
1187 2542 1280 2610 prae-

1 2682 2 2685 =
106 2644 231 2727 ceptum
256 2644 307 2707 est
328 2646 362 2707 et
381 2639 465 2708 nude
486 2640 615 2727 plenam
638 2640 677 2707 ab
700 2660 737 2708 eo
759 2638 1000 2708 retributionem
1023 2639 1213 2726 suscipistis.

108 2852 144 2922 4.
172 2853 357 2921 [sanetas
381 2852 438 2919 IV
468 2852 583 2941 Infans
619 2853 774 2941 capellum
804 2852 839 2920 S.
865 2853 994 2918 Marsos
1022 2852 1281 2918 Rctbboumsra

171 2965 389 3035 muno*-
1166 2964 1207 3047 (E
1222 2966 1280 3048 45)

1 3170 2 3192 χ
194 3091 232 3160 ln
254 3092 384 3159 nomine
406 3095 534 3159 emotae
557 3096 589 3161 et
610 3090 793 3159 individuae
809 3090 972 3159 trinitatis.
1006 3088 1210 3173 Lludovicus)
1232 3090 1281 3157 di·
1297 3109 1439 3166 eoo-911

1 3222 2 3233 ¹
108 3208 330 3276 maturante
352 3206 519 3275 clementia
539 3226 607 3275 rex.
643 3206 678 3274 Si
701 3226 865 3274 servorum
887 3206 959 3291 Dei,
982 3207 1036 3290 qui
1059 3206 1280 3275 ecclesiasticis

1 3328 2 3357 .
108 3324 255 3412 impliciti
281 3322 452 3410 pervigiles
480 3323 594 3391 stadiis
626 3328 781 3391 nocturno
817 3322 899 3389 sacri
932 3322 1089 3408 propositi
1116 3322 1280 3390 conamine

110 3446 200 3526 atque
228 3440 343 3507 diurno
367 3439 473 3506 solim
500 3439 534 3505 in
562 3440 750 3507 sanctuariis
778 3437 904 3505 Christe
938 3438 1066 3504 domino
1095 3436 1281 3524 persolvunt

1 3546 2 3561 ¹
110 3554 226 3640 officia,
255 3575 365 3623 curam
387 3554 542 3640 gerimus,
571 3574 742 3641 eorumque
769 3552 901 3621 utilitati
928 3552 1101 3637 instigante
1127 3552 1195 3619 Deo
1226 3552 1281 3639 pie

1 3700 2 3725 r
109 3671 322 3755 commentos,
359 3690 418 3757 ope
445 3670 601 3755 largitatis
629 3675 757 3737 nostrae
786 3688 840 3736 eos
868 3668 1096 3755 aliquantisper
1123 3666 1280 3735 consolari

110 3787 333 3871 studuerimus,
356 3791 529 3873 perpetuae
549 3786 710 3853 felicitatis
732 3785 875 3872 tripudia
892 3784 986 3851 nobis
999 3784 1073 3849 inde
1088 3783 1281 3850 accumulari

109 3904 237 3971 minime
266 3902 458 3969 dubitamus.
493 3902 647 3981 Quocirca
673 3901 853 3969 katholicss
882 3899 1032 3967 ecclesiae
1053 3898 1165 3982 religio
1187 3916 1280 3985 prae-
1376 3965 1378 3970 .

111 4038 178 4085 sens
206 4024 240 4086 et
266 4019 375 4085 futura
402 4024 586 4103 cognoscat,
616 4018 764 4105 quoniam
792 4014 933 4084 fidelium
961 4014 1280 4102 prudentissimorum

111 4140 288 4203 nostrornm
312 4132 443 4201 consilio
471 4138 538 4202 tam
561 4134 781 4222 episcoporum
808 4151 903 4218 quam
924 4131 1077 4199 laicorum
1099 4130 1281 4217 principum

176 4298 196 4331 a
220 4298 251 4333 ar
266 4284 287 4333 V
300 4285 398 4341 lea-8,
415 4284 437 4331 Ζ
447 4298 473 4345 p.
483 4286 522 4342 15,
542 4284 670 4333 ol—ls.
763 4284 786 4331 b.
809 4296 839 4330 ec
854 4282 1019 4336 Vni-tls,
1035 4280 1057 4329 Ζ
1067 4281 1212 4342 ple-u.

178 4382 203 4435 1.
221 4378 319 4437 naen,
332 4380 378 4450 aa,
392 4378 436 4434 se.
