<?xml version="1.0" encoding="UTF-8"?>
<!DOCTYPE html PUBLIC "-//W3C//DTD XHTML 1.0 Transitional//EN"
    "http://www.w3.org/TR/xhtml1/DTD/xhtml1-transitional.dtd">
<html xmlns="http://www.w3.org/1999/xhtml" xml:lang="en" lang="en">
 <head>
  <title>
</title>
<meta http-equiv="Content-Type" content="text/html;charset=utf-8" />
  <meta name='ocr-system' content='tesseract 3.04.00' />
  <meta name='ocr-capabilities' content='ocr_page ocr_carea ocr_par ocr_line ocrx_word'/>
</head>
<body>
  <div class='ocr_page' id='page_1' title='image "./bibliothecareru06jaffgoog_0801.png"; bbox 0 0 3142 4850; ppageno 0'>
   <div class='ocr_carea' id='block_1_1' title="bbox 308 298 1214 364">
    <p class='ocr_par' dir='ltr' id='par_1_1' title="bbox 308 298 1214 364">
     <span class='ocr_line' id='line_1_1' title="bbox 308 298 1214 364; baseline -0.001 -2"><span class='ocrx_word' id='word_1_1' title='bbox 308 298 372 363; x_wconf 78' lang='lat'><strong>786</strong></span> <span class='ocrx_word' id='word_1_2' title='bbox 577 316 756 363; x_wconf 72' lang='lat' dir='ltr'><strong>senriorem</strong></span> <span class='ocrx_word' id='word_1_3' title='bbox 777 314 959 363; x_wconf 73' lang='lat' dir='ltr'><strong>mucosus.</strong></span> <span class='ocrx_word' id='word_1_4' title='bbox 994 315 1059 361; x_wconf 78' lang='lat' dir='ltr'><strong>ure.</strong></span> <span class='ocrx_word' id='word_1_5' title='bbox 1076 314 1102 360; x_wconf 88' lang='lat'><strong>11</strong></span> <span class='ocrx_word' id='word_1_6' title='bbox 1124 310 1214 364; x_wconf 74' lang='lat' dir='ltr'><strong>eece</strong></span> 
     </span>
    </p>
   </div>
   <div class='ocr_carea' id='block_1_2' title="bbox 170 471 1494 4040">
    <p class='ocr_par' dir='ltr' id='par_1_2' title="bbox 218 471 1480 1603">
     <span class='ocr_line' id='line_1_2' title="bbox 218 471 1474 558; baseline -0.008 -13"><span class='ocrx_word' id='word_1_7' title='bbox 218 490 288 545; x_wconf 71' lang='lat'>1125</span> <span class='ocrx_word' id='word_1_8' title='bbox 306 476 418 541; x_wconf 79' lang='lat' dir='ltr'><strong>messis</strong></span> <span class='ocrx_word' id='word_1_9' title='bbox 442 473 543 541; x_wconf 88' lang='lat' dir='ltr'><strong>multa</strong></span> <span class='ocrx_word' id='word_1_10' title='bbox 565 480 643 558; x_wconf 88' lang='lat' dir='ltr'><strong>erat,</strong></span> <span class='ocrx_word' id='word_1_11' title='bbox 667 474 876 541; x_wconf 78' lang='lat' dir='ltr'><strong>adulteriora</strong></span> <span class='ocrx_word' id='word_1_12' title='bbox 897 474 1125 541; x_wconf 78' lang='lat' dir='ltr'><strong>festinavimus.</strong></span> <span class='ocrx_word' id='word_1_13' title='bbox 1199 471 1346 537; x_wconf 75' lang='lat' dir='ltr'><strong>Transito</strong></span> <span class='ocrx_word' id='word_1_14' title='bbox 1368 475 1474 536; x_wconf 86' lang='lat' dir='ltr'><strong>autem</strong></span> 
     </span>
     <span class='ocr_line' id='line_1_3' title="bbox 306 587 1476 675; baseline -0.004 -18"><span class='ocrx_word' id='word_1_15' title='bbox 306 590 445 673; x_wconf 84' lang='lat' dir='ltr'><strong>flumine,</strong></span> <span class='ocrx_word' id='word_1_16' title='bbox 461 591 561 675; x_wconf 86' lang='lat' dir='ltr'><strong>quod·</strong></span> <span class='ocrx_word' id='word_1_17' title='bbox 573 589 745 656; x_wconf 80' lang='lat' dir='ltr'><strong>Glddouam</strong></span> <span class='ocrx_word' id='word_1_18' title='bbox 761 590 993 675; x_wconf 86' lang='lat' dir='ltr'><strong>preterlebitur,</strong></span> <span class='ocrx_word' id='word_1_19' title='bbox 1006 589 1164 655; x_wconf 86' lang='lat' dir='ltr'><strong>civitatem</strong></span> <span class='ocrx_word' id='word_1_20' title='bbox 1181 587 1337 672; x_wconf 88' lang='lat' dir='ltr'><strong>quandam</strong></span> <span class='ocrx_word' id='word_1_21' title='bbox 1353 587 1476 653; x_wconf 88' lang='lat' dir='ltr'><strong>inveni-</strong></span> 
     </span>
     <span class='ocr_line' id='line_1_4' title="bbox 307 701 1475 791; baseline -0.005 -19"><span class='ocrx_word' id='word_1_22' title='bbox 307 726 394 791; x_wconf 91' lang='lat' dir='ltr'><strong>mus,</strong></span> <span class='ocrx_word' id='word_1_23' title='bbox 419 726 567 789; x_wconf 85' lang='lat' dir='ltr'><strong>maguam</strong></span> <span class='ocrx_word' id='word_1_24' title='bbox 591 707 716 791; x_wconf 90' lang='lat' dir='ltr'><strong>quidem</strong></span> <span class='ocrx_word' id='word_1_25' title='bbox 741 706 862 773; x_wconf 89' lang='lat' dir='ltr'><strong>ambitu</strong></span> <span class='ocrx_word' id='word_1_26' title='bbox 884 712 917 773; x_wconf 90' lang='lat' dir='ltr'><strong>et</strong></span> <span class='ocrx_word' id='word_1_27' title='bbox 939 705 1130 791; x_wconf 76' lang='lat' dir='ltr'><strong>spaciosam,</strong></span> <span class='ocrx_word' id='word_1_28' title='bbox 1157 703 1213 769; x_wconf 89' lang='lat' dir='ltr'><strong>sed</strong></span> <span class='ocrx_word' id='word_1_29' title='bbox 1233 722 1323 768; x_wconf 88' lang='lat' dir='ltr'><strong>raros</strong></span> <span class='ocrx_word' id='word_1_30' title='bbox 1346 701 1475 767; x_wconf 83' lang='lat' dir='ltr'><strong>incolas</strong></span> 
     </span>
     <span class='ocr_line' id='line_1_5' title="bbox 307 818 1476 904; baseline -0.004 -17"><span class='ocrx_word' id='word_1_31' title='bbox 307 822 389 887; x_wconf 83' lang='lat' dir='ltr'><strong>Nom</strong></span> <span class='ocrx_word' id='word_1_32' title='bbox 412 823 495 888; x_wconf 83' lang='lat' dir='ltr'><strong>terro</strong></span> <span class='ocrx_word' id='word_1_33' title='bbox 520 828 552 889; x_wconf 90' lang='lat' dir='ltr'><strong>et</strong></span> <span class='ocrx_word' id='word_1_34' title='bbox 573 822 718 888; x_wconf 91' lang='lat' dir='ltr'><strong>incendio</strong></span> <span class='ocrx_word' id='word_1_35' title='bbox 741 842 775 888; x_wconf 89' lang='lat' dir='ltr'><strong>se</strong></span> <span class='ocrx_word' id='word_1_36' title='bbox 796 828 961 904; x_wconf 83' lang='lat' dir='ltr'><strong>vastatam,</strong></span> <span class='ocrx_word' id='word_1_37' title='bbox 985 820 1184 887; x_wconf 81' lang='lat' dir='ltr'><strong>adustionem</strong></span> <span class='ocrx_word' id='word_1_38' title='bbox 1207 819 1306 902; x_wconf 89' lang='lat' dir='ltr'><strong>signis</strong></span> <span class='ocrx_word' id='word_1_39' title='bbox 1327 823 1362 883; x_wconf 90' lang='lat' dir='ltr'><strong>et</strong></span> <span class='ocrx_word' id='word_1_40' title='bbox 1381 818 1476 883; x_wconf 90' lang='lat' dir='ltr'><strong>cada-</strong></span> 
     </span>
     <span class='ocr_line' id='line_1_6' title="bbox 309 932 1477 1025; baseline -0.004 -22"><span class='ocrx_word' id='word_1_41' title='bbox 309 958 418 1004; x_wconf 89' lang='lat' dir='ltr'><strong>verum</strong></span> <span class='ocrx_word' id='word_1_42' title='bbox 442 938 563 1005; x_wconf 88' lang='lat' dir='ltr'><strong>acervis</strong></span> <span class='ocrx_word' id='word_1_43' title='bbox 586 939 801 1025; x_wconf 74' lang='lat' dir='ltr'><strong>spectantibus</strong></span> <span class='ocrx_word' id='word_1_44' title='bbox 823 936 992 1003; x_wconf 84' lang='lat' dir='ltr'><strong>indicabat</strong></span> <span class='ocrx_word' id='word_1_45' title='bbox 1028 936 1091 1022; x_wconf 89' lang='lat' dir='ltr'><strong>lpsi</strong></span> <span class='ocrx_word' id='word_1_46' title='bbox 1115 941 1218 1001; x_wconf 84' lang='lat' dir='ltr'><strong>eutem</strong></span> <span class='ocrx_word' id='word_1_47' title='bbox 1238 932 1339 1000; x_wconf 89' lang='lat' dir='ltr'><strong>incole</strong></span> <span class='ocrx_word' id='word_1_48' title='bbox 1355 939 1477 1016; x_wconf 87' lang='lat' dir='ltr'><strong>tenues,</strong></span> 
     </span>
     <span class='ocr_line' id='line_1_7' title="bbox 309 1049 1477 1137; baseline -0.003 -18"><span class='ocrx_word' id='word_1_49' title='bbox 309 1053 435 1120; x_wconf 90' lang='lat' dir='ltr'><strong>illorum</strong></span> <span class='ocrx_word' id='word_1_50' title='bbox 464 1074 498 1120; x_wconf 89' lang='lat' dir='ltr'><strong>se</strong></span> <span class='ocrx_word' id='word_1_51' title='bbox 520 1055 619 1121; x_wconf 88' lang='lat' dir='ltr'><strong>fuisse</strong></span> <span class='ocrx_word' id='word_1_52' title='bbox 641 1052 821 1136; x_wconf 80' lang='lat' dir='ltr'><strong>clientulos,</strong></span> <span class='ocrx_word' id='word_1_53' title='bbox 853 1054 906 1137; x_wconf 90' lang='lat' dir='ltr'><strong>qui</strong></span> <span class='ocrx_word' id='word_1_54' title='bbox 929 1074 950 1119; x_wconf 91' lang='lat' dir='ltr'><strong>a</strong></span> <span class='ocrx_word' id='word_1_55' title='bbox 972 1052 1050 1118; x_wconf 88' lang='lat' dir='ltr'><strong>duce</strong></span> <span class='ocrx_word' id='word_1_56' title='bbox 1072 1050 1201 1118; x_wconf 88' lang='lat' dir='ltr'><strong>Polonie</strong></span> <span class='ocrx_word' id='word_1_57' title='bbox 1228 1049 1294 1116; x_wconf 86' lang='lat' dir='ltr'><strong>illic</strong></span> <span class='ocrx_word' id='word_1_58' title='bbox 1320 1050 1477 1116; x_wconf 83' lang='lat' dir='ltr'><strong>interiecti</strong></span> 
     </span>
     <span class='ocr_line' id='line_1_8' title="bbox 308 1165 1478 1255; baseline -0.003 -20"><span class='ocrx_word' id='word_1_59' title='bbox 308 1176 399 1236; x_wconf 87' lang='lat' dir='ltr'><strong>eraut</strong></span> <span class='ocrx_word' id='word_1_60' title='bbox 423 1174 454 1235; x_wconf 88' lang='lat' dir='ltr'><strong>et</strong></span> <span class='ocrx_word' id='word_1_61' title='bbox 477 1170 638 1255; x_wconf 86' lang='lat' dir='ltr'><strong>captivati,</strong></span> <span class='ocrx_word' id='word_1_62' title='bbox 663 1168 855 1251; x_wconf 84' lang='lat' dir='ltr'><strong>asserebant,</strong></span> <span class='ocrx_word' id='word_1_63' title='bbox 879 1175 912 1234; x_wconf 89' lang='lat' dir='ltr'><strong>et</strong></span> <span class='ocrx_word' id='word_1_64' title='bbox 932 1168 1047 1234; x_wconf 84' lang='lat' dir='ltr'><strong>ufacie</strong></span> <span class='ocrx_word' id='word_1_65' title='bbox 1067 1166 1165 1250; x_wconf 82' lang='lat' dir='ltr'><strong>gladii</strong></span> <span class='ocrx_word' id='word_1_66' title='bbox 1188 1165 1324 1231; x_wconf 85' lang='lat' dir='ltr'><strong>salvatos</strong></span> <span class='ocrx_word' id='word_1_67' title='bbox 1347 1186 1383 1231; x_wconf 86' lang='lat' dir='ltr'><strong>ee</strong></span> <span class='ocrx_word' id='word_1_68' title='bbox 1404 1165 1478 1248; x_wconf 81' lang='lat' dir='ltr'><strong>iuge</strong></span> 
     </span>
     <span class='ocr_line' id='line_1_9' title="bbox 307 1282 1479 1372; baseline -0.004 -21"><span class='ocrx_word' id='word_1_69' title='bbox 307 1285 455 1372; x_wconf 86' lang='lat' dir='ltr'><strong>presidio.</strong></span> <span class='ocrx_word' id='word_1_70' title='bbox 491 1284 645 1351; x_wconf 85' lang='lat' dir='ltr'><strong>Fecerunt</strong></span> <span class='ocrx_word' id='word_1_71' title='bbox 668 1291 771 1350; x_wconf 90' lang='lat' dir='ltr'><strong>antem</strong></span> <span class='ocrx_word' id='word_1_72' title='bbox 796 1305 834 1350; x_wconf 83' lang='lat' dir='ltr'><strong>ex</strong></span> <span class='ocrx_word' id='word_1_73' title='bbox 851 1285 949 1351; x_wconf 85' lang='lat' dir='ltr'><strong>ramis</strong></span> <span class='ocrx_word' id='word_1_74' title='bbox 972 1289 1004 1350; x_wconf 91' lang='lat' dir='ltr'><strong>et</strong></span> <span class='ocrx_word' id='word_1_75' title='bbox 1019 1282 1163 1367; x_wconf 86' lang='lat' dir='ltr'><strong>virgultis</strong></span> <span class='ocrx_word' id='word_1_76' title='bbox 1184 1285 1270 1349; x_wconf 90' lang='lat' dir='ltr'><strong>circa</strong></span> <span class='ocrx_word' id='word_1_77' title='bbox 1291 1282 1401 1347; x_wconf 86' lang='lat' dir='ltr'><strong>ruinae</strong></span> <span class='ocrx_word' id='word_1_78' title='bbox 1422 1301 1479 1367; x_wconf 86' lang='lat' dir='ltr'><strong>pa-</strong></span> 
     </span>
     <span class='ocr_line' id='line_1_10' title="bbox 307 1400 1479 1486; baseline -0.004 -18"><span class='ocrx_word' id='word_1_79' title='bbox 307 1402 422 1468; x_wconf 88' lang='lat' dir='ltr'><strong>rietum</strong></span> <span class='ocrx_word' id='word_1_80' title='bbox 446 1402 572 1484; x_wconf 88' lang='lat' dir='ltr'><strong>tuguria</strong></span> <span class='ocrx_word' id='word_1_81' title='bbox 594 1407 627 1467; x_wconf 90' lang='lat' dir='ltr'><strong>ct</strong></span> <span class='ocrx_word' id='word_1_82' title='bbox 641 1400 834 1484; x_wconf 88' lang='lat' dir='ltr'><strong>umbracula,</strong></span> <span class='ocrx_word' id='word_1_83' title='bbox 858 1401 971 1486; x_wconf 87' lang='lat' dir='ltr'><strong>quibus</strong></span> <span class='ocrx_word' id='word_1_84' title='bbox 993 1400 1189 1484; x_wconf 85' lang='lat' dir='ltr'><strong>tegebantur,</strong></span> <span class='ocrx_word' id='word_1_85' title='bbox 1212 1418 1375 1485; x_wconf 74' lang='lat' dir='ltr'><strong>quousque</strong></span> <span class='ocrx_word' id='word_1_86' title='bbox 1397 1403 1479 1463; x_wconf 84' lang='lat' dir='ltr'><strong>tecte</strong></span> 
     </span>
     <span class='ocr_line' id='line_1_11' title="bbox 308 1513 1480 1603; baseline -0.005 -19"><span class='ocrx_word' id='word_1_87' title='bbox 308 1517 440 1584; x_wconf 89' lang='lat' dir='ltr'><strong>meliora</strong></span> <span class='ocrx_word' id='word_1_88' title='bbox 468 1517 689 1582; x_wconf 83' lang='lat' dir='ltr'><strong>instaurarent</strong></span> <span class='ocrx_word' id='word_1_89' title='bbox 737 1516 804 1582; x_wconf 89' lang='lat' dir='ltr'><strong>Hos</strong></span> <span class='ocrx_word' id='word_1_90' title='bbox 838 1523 928 1603; x_wconf 88' lang='lat' dir='ltr'><strong>pater</strong></span> <span class='ocrx_word' id='word_1_91' title='bbox 956 1518 1094 1602; x_wconf 87' lang='lat' dir='ltr'><strong>optimus</strong></span> <span class='ocrx_word' id='word_1_92' title='bbox 1121 1515 1225 1582; x_wconf 88' lang='lat' dir='ltr'><strong>vorbis</strong></span> <span class='ocrx_word' id='word_1_93' title='bbox 1253 1513 1420 1581; x_wconf 88' lang='lat' dir='ltr'><strong>consolaus</strong></span> <span class='ocrx_word' id='word_1_94' title='bbox 1448 1520 1480 1579; x_wconf 88' lang='lat' dir='ltr'><strong>et</strong></span> 
     </span>
    </p>

    <p class='ocr_par' dir='ltr' id='par_1_3' title="bbox 170 1626 1479 1933">
     <span class='ocr_line' id='line_1_12' title="bbox 247 1626 1479 1720; baseline -0.005 -21"><span class='ocrx_word' id='word_1_95' title='bbox 247 1626 252 1635; x_wconf 76' lang='grc'><em>’</em></span> <span class='ocrx_word' id='word_1_96' title='bbox 308 1634 390 1720; x_wconf 91' lang='lat' dir='ltr'><strong>stipe</strong></span> <span class='ocrx_word' id='word_1_97' title='bbox 413 1631 568 1715; x_wconf 83' lang='lat' dir='ltr'><strong>relevans,</strong></span> <span class='ocrx_word' id='word_1_98' title='bbox 592 1632 816 1716; x_wconf 89' lang='lat' dir='ltr'><strong>benignissime</strong></span> <span class='ocrx_word' id='word_1_99' title='bbox 836 1632 988 1699; x_wconf 84' lang='lat' dir='ltr'><strong>instruxit</strong></span> <span class='ocrx_word' id='word_1_100' title='bbox 1003 1638 1036 1698; x_wconf 89' lang='lat' dir='ltr'><strong>et</strong></span> <span class='ocrx_word' id='word_1_101' title='bbox 1050 1632 1233 1718; x_wconf 87' lang='lat' dir='ltr'><strong>baptizavit</strong></span> <span class='ocrx_word' id='word_1_102' title='bbox 1268 1629 1361 1696; x_wconf 87' lang='lat' dir='ltr'><strong>hiulti</strong></span> <span class='ocrx_word' id='word_1_103' title='bbox 1382 1630 1479 1695; x_wconf 84' lang='lat' dir='ltr'><strong>etiam</strong></span> 
     </span>
     <span class='ocr_line' id='line_1_13' title="bbox 170 1744 1479 1833; baseline -0.002 -19"><span class='ocrx_word' id='word_1_104' title='bbox 170 1753 172 1755; x_wconf 79' lang='grc'><strong>’</strong></span> <span class='ocrx_word' id='word_1_105' title='bbox 308 1749 348 1817; x_wconf 92' lang='lat' dir='ltr'><strong>de</strong></span> <span class='ocrx_word' id='word_1_106' title='bbox 363 1748 474 1815; x_wconf 91' lang='lat' dir='ltr'><strong>viculis</strong></span> <span class='ocrx_word' id='word_1_107' title='bbox 489 1748 720 1833; x_wconf 85' lang='lat' dir='ltr'><strong>circumpositis</strong></span> <span class='ocrx_word' id='word_1_108' title='bbox 741 1748 875 1815; x_wconf 88' lang='lat' dir='ltr'><strong>ruricole</strong></span> <span class='ocrx_word' id='word_1_109' title='bbox 896 1748 962 1815; x_wconf 89' lang='lat' dir='ltr'><strong>illio</strong></span> <span class='ocrx_word' id='word_1_110' title='bbox 981 1746 1173 1814; x_wconf 89' lang='lat' dir='ltr'><strong>confluentes</strong></span> <span class='ocrx_word' id='word_1_111' title='bbox 1195 1746 1267 1813; x_wconf 89' lang='lat' dir='ltr'><strong>lidei</strong></span> <span class='ocrx_word' id='word_1_112' title='bbox 1290 1744 1479 1831; x_wconf 69' lang='lat' dir='ltr'><strong>percepere*</strong></span> 
     </span>
     <span class='ocr_line' id='line_1_14' title="bbox 309 1870 516 1933; baseline -0.019 0"><span class='ocrx_word' id='word_1_113' title='bbox 309 1870 516 1933; x_wconf 85' lang='lat' dir='ltr'><strong>sacramenta.</strong></span> 
     </span>
    </p>

    <p class='ocr_par' dir='ltr' id='par_1_4' title="bbox 310 1977 1487 2992">
     <span class='ocr_line' id='line_1_15' title="bbox 399 1977 1481 2065; baseline -0.004 -18"><span class='ocrx_word' id='word_1_114' title='bbox 399 1982 451 2047; x_wconf 82' lang='lat'><strong>39.</strong></span> <span class='ocrx_word' id='word_1_115' title='bbox 487 1978 564 2045; x_wconf 88' lang='lat' dir='ltr'><strong>lude</strong></span> <span class='ocrx_word' id='word_1_116' title='bbox 586 1978 793 2062; x_wconf 80' lang='lat' dir='ltr'><strong>Golobregam</strong></span> <span class='ocrx_word' id='word_1_117' title='bbox 821 1980 1039 2065; x_wconf 80' lang='lat' dir='ltr'><strong>pervenimus,</strong></span> <span class='ocrx_word' id='word_1_118' title='bbox 1068 1999 1130 2063; x_wconf 90' lang='lat' dir='ltr'><strong>que</strong></span> <span class='ocrx_word' id='word_1_119' title='bbox 1157 1998 1251 2064; x_wconf 90' lang='lat' dir='ltr'><strong>super</strong></span> <span class='ocrx_word' id='word_1_120' title='bbox 1279 1978 1356 2043; x_wconf 88' lang='lat' dir='ltr'><strong>litus</strong></span> <span class='ocrx_word' id='word_1_121' title='bbox 1383 1977 1481 2043; x_wconf 82' lang='lat' dir='ltr'><strong>meris</strong></span> 
     </span>
     <span class='ocr_line' id='line_1_16' title="bbox 311 2092 1482 2181; baseline -0.004 -18"><span class='ocrx_word' id='word_1_122' title='bbox 311 2098 372 2163; x_wconf 86' lang='lat' dir='ltr'><strong>situ</strong></span> <span class='ocrx_word' id='word_1_123' title='bbox 395 2101 452 2163; x_wconf 90' lang='lat' dir='ltr'><strong>eet.</strong></span> <span class='ocrx_word' id='word_1_124' title='bbox 489 2094 552 2162; x_wconf 89' lang='lat' dir='ltr'><strong>Sed</strong></span> <span class='ocrx_word' id='word_1_125' title='bbox 580 2096 654 2179; x_wconf 90' lang='lat' dir='ltr'><strong>quia</strong></span> <span class='ocrx_word' id='word_1_126' title='bbox 676 2095 759 2161; x_wconf 86' lang='lat' dir='ltr'><strong>cives</strong></span> <span class='ocrx_word' id='word_1_127' title='bbox 782 2093 868 2160; x_wconf 89' lang='lat' dir='ltr'><strong>illius</strong></span> <span class='ocrx_word' id='word_1_128' title='bbox 890 2116 972 2181; x_wconf 87' lang='lat' dir='ltr'><strong>pene</strong></span> <span class='ocrx_word' id='word_1_129' title='bbox 994 2115 1104 2161; x_wconf 92' lang='lat' dir='ltr'><strong>omnes</strong></span> <span class='ocrx_word' id='word_1_130' title='bbox 1125 2095 1306 2161; x_wconf 85' lang='lat' dir='ltr'><strong>institorum</strong></span> <span class='ocrx_word' id='word_1_131' title='bbox 1331 2113 1421 2159; x_wconf 90' lang='lat' dir='ltr'><strong>more</strong></span> <span class='ocrx_word' id='word_1_132' title='bbox 1442 2092 1482 2158; x_wconf 88' lang='lat' dir='ltr'><strong>ad</strong></span> 
     </span>
     <span class='ocr_line' id='line_1_17' title="bbox 311 2209 1481 2294; baseline -0.004 -15"><span class='ocrx_word' id='word_1_133' title='bbox 311 2218 435 2279; x_wconf 85' lang='lat' dir='ltr'><strong>exteras</strong></span> <span class='ocrx_word' id='word_1_134' title='bbox 464 2211 584 2277; x_wconf 83' lang='lat' dir='ltr'><strong>insulas</strong></span> <span class='ocrx_word' id='word_1_135' title='bbox 613 2210 799 2293; x_wconf 82' lang='lat' dir='ltr'><strong>negociandi</strong></span> <span class='ocrx_word' id='word_1_136' title='bbox 826 2230 922 2276; x_wconf 89' lang='lat' dir='ltr'><strong>causa</strong></span> <span class='ocrx_word' id='word_1_137' title='bbox 948 2211 1191 2294; x_wconf 75' lang='lat' dir='ltr'><strong>navigaverant,</strong></span> <span class='ocrx_word' id='word_1_138' title='bbox 1221 2209 1285 2293; x_wconf 93' lang='lat' dir='ltr'><strong>illi,</strong></span> <span class='ocrx_word' id='word_1_139' title='bbox 1314 2210 1369 2294; x_wconf 90' lang='lat' dir='ltr'><strong>qui</strong></span> <span class='ocrx_word' id='word_1_140' title='bbox 1398 2209 1481 2275; x_wconf 80' lang='lat' dir='ltr'><strong>dorm</strong></span> 
     </span>
     <span class='ocr_line' id='line_1_18' title="bbox 310 2325 1483 2414; baseline -0.003 -21"><span class='ocrx_word' id='word_1_141' title='bbox 310 2329 427 2414; x_wconf 90' lang='lat' dir='ltr'><strong>reperti</strong></span> <span class='ocrx_word' id='word_1_142' title='bbox 450 2332 553 2409; x_wconf 79' lang='lat' dir='ltr'><strong>sunt⁸,</strong></span> <span class='ocrx_word' id='word_1_143' title='bbox 576 2325 759 2393; x_wconf 89' lang='lat' dir='ltr'><strong>absentibus</strong></span> <span class='ocrx_word' id='word_1_144' title='bbox 774 2328 841 2392; x_wconf 88' lang='lat' dir='ltr'><strong>suis</strong></span> <span class='ocrx_word' id='word_1_145' title='bbox 855 2326 1035 2393; x_wconf 88' lang='lat' dir='ltr'><strong>concivibus</strong></span> <span class='ocrx_word' id='word_1_146' title='bbox 1058 2326 1155 2393; x_wconf 88' lang='lat' dir='ltr'><strong>nichil</strong></span> <span class='ocrx_word' id='word_1_147' title='bbox 1172 2346 1207 2391; x_wconf 90' lang='lat' dir='ltr'><strong>se</strong></span> <span class='ocrx_word' id='word_1_148' title='bbox 1226 2327 1299 2391; x_wconf 87' lang='lat' dir='ltr'><strong>novi</strong></span> <span class='ocrx_word' id='word_1_149' title='bbox 1317 2345 1483 2409; x_wconf 57' lang='lat' dir='ltr'><strong>aggresi*</strong></span> 
     </span>
     <span class='ocr_line' id='line_1_19' title="bbox 310 2442 1486 2528; baseline -0.004 -17"><span class='ocrx_word' id='word_1_150' title='bbox 310 2465 362 2511; x_wconf 89' lang='lat' dir='ltr'><strong>ros</strong></span> <span class='ocrx_word' id='word_1_151' title='bbox 392 2443 553 2526; x_wconf 82' lang='lat' dir='ltr'><strong>dicebaui3</strong></span> <span class='ocrx_word' id='word_1_152' title='bbox 583 2449 678 2528; x_wconf 89' lang='lat' dir='ltr'><strong>atque</strong></span> <span class='ocrx_word' id='word_1_153' title='bbox 708 2442 766 2509; x_wconf 89' lang='lat' dir='ltr'><strong>sub</strong></span> <span class='ocrx_word' id='word_1_154' title='bbox 794 2443 851 2509; x_wconf 88' lang='lat' dir='ltr'><strong>tali</strong></span> <span class='ocrx_word' id='word_1_155' title='bbox 880 2445 1043 2511; x_wconf 84' lang='lat' dir='ltr'><strong>occasione</strong></span> <span class='ocrx_word' id='word_1_156' title='bbox 1073 2442 1268 2526; x_wconf 89' lang='lat' dir='ltr'><strong>aliquamdiu</strong></span> <span class='ocrx_word' id='word_1_157' title='bbox 1296 2442 1486 2509; x_wconf 84' lang='lat' dir='ltr'><strong>restiterunt</strong></span> 
     </span>
     <span class='ocr_line' id='line_1_20' title="bbox 311 2559 1484 2644; baseline -0.003 -17"><span class='ocrx_word' id='word_1_158' title='bbox 311 2559 483 2644; x_wconf 92' lang='lat' dir='ltr'><strong>euangelio.</strong></span> <span class='ocrx_word' id='word_1_159' title='bbox 520 2559 659 2627; x_wconf 90' lang='lat' dir='ltr'><strong>Tandem</strong></span> <span class='ocrx_word' id='word_1_160' title='bbox 684 2559 956 2626; x_wconf 86' lang='lat' dir='ltr'><strong>exhortationibus</strong></span> <span class='ocrx_word' id='word_1_161' title='bbox 978 2559 1097 2626; x_wconf 86' lang='lat' dir='ltr'><strong>crebris</strong></span> <span class='ocrx_word' id='word_1_162' title='bbox 1120 2559 1160 2625; x_wconf 92' lang='lat' dir='ltr'><strong>ab</strong></span> <span class='ocrx_word' id='word_1_163' title='bbox 1176 2559 1325 2644; x_wconf 89' lang='lat' dir='ltr'><strong>episcopo</strong></span> <span class='ocrx_word' id='word_1_164' title='bbox 1341 2559 1484 2644; x_wconf 77' lang='lat' dir='ltr'><strong>superati</strong></span> 
     </span>
     <span class='ocr_line' id='line_1_21' title="bbox 311 2674 1485 2760; baseline -0.002 -18"><span class='ocrx_word' id='word_1_165' title='bbox 311 2681 394 2743; x_wconf 89' lang='lat' dir='ltr'><strong>suut.</strong></span> <span class='ocrx_word' id='word_1_166' title='bbox 491 2674 691 2742; x_wconf 82' lang='lat' dir='ltr'><strong>Confirmatis</strong></span> <span class='ocrx_word' id='word_1_167' title='bbox 720 2696 794 2759; x_wconf 87' lang='lat' dir='ltr'><strong>ergo</strong></span> <span class='ocrx_word' id='word_1_168' title='bbox 823 2676 868 2743; x_wconf 87' lang='lat' dir='ltr'><strong>eis</strong></span> <span class='ocrx_word' id='word_1_169' title='bbox 893 2675 925 2740; x_wconf 90' lang='lat' dir='ltr'><strong>in</strong></span> <span class='ocrx_word' id='word_1_170' title='bbox 947 2674 1010 2741; x_wconf 88' lang='lat' dir='ltr'><strong>fide</strong></span> <span class='ocrx_word' id='word_1_171' title='bbox 1032 2679 1140 2741; x_wconf 86' lang='lat' dir='ltr'><strong>euncte</strong></span> <span class='ocrx_word' id='word_1_172' title='bbox 1162 2674 1330 2740; x_wconf 87' lang='lat' dir='ltr'><strong>Trinitatis</strong></span> <span class='ocrx_word' id='word_1_173' title='bbox 1352 2681 1387 2741; x_wconf 87' lang='lat' dir='ltr'><strong>et</strong></span> <span class='ocrx_word' id='word_1_174' title='bbox 1408 2675 1485 2760; x_wconf 76' lang='lat' dir='ltr'><strong>bap-</strong></span> 
     </span>
     <span class='ocr_line' id='line_1_22' title="bbox 311 2790 1486 2876; baseline -0.002 -18"><span class='ocrx_word' id='word_1_175' title='bbox 311 2793 405 2858; x_wconf 88' lang='lat' dir='ltr'><strong>tismo</strong></span> <span class='ocrx_word' id='word_1_176' title='bbox 428 2792 631 2875; x_wconf 85' lang='lat' dir='ltr'><strong>regeneratis,</strong></span> <span class='ocrx_word' id='word_1_177' title='bbox 656 2798 688 2859; x_wconf 91' lang='lat' dir='ltr'><strong>et</strong></span> <span class='ocrx_word' id='word_1_178' title='bbox 709 2791 840 2856; x_wconf 82' lang='lat' dir='ltr'><strong>fundato</strong></span> <span class='ocrx_word' id='word_1_179' title='bbox 863 2790 957 2856; x_wconf 86' lang='lat' dir='ltr'><strong>altari</strong></span> <span class='ocrx_word' id='word_1_180' title='bbox 971 2796 1004 2858; x_wconf 91' lang='lat' dir='ltr'><strong>et</strong></span> <span class='ocrx_word' id='word_1_181' title='bbox 1019 2791 1208 2874; x_wconf 88' lang='lat' dir='ltr'><strong>sanctuario,</strong></span> <span class='ocrx_word' id='word_1_182' title='bbox 1232 2791 1411 2875; x_wconf 85' lang='lat' dir='ltr'><strong>ceterisque</strong></span> <span class='ocrx_word' id='word_1_183' title='bbox 1425 2811 1486 2876; x_wconf 90' lang='lat' dir='ltr'><strong>que</strong></span> 
     </span>
     <span class='ocr_line' id='line_1_23' title="bbox 311 2905 1487 2992; baseline 0 -20"><span class='ocrx_word' id='word_1_184' title='bbox 311 2909 452 2974; x_wconf 89' lang='lat' dir='ltr'><strong>nascenti</strong></span> <span class='ocrx_word' id='word_1_185' title='bbox 476 2906 604 2974; x_wconf 88' lang='lat' dir='ltr'><strong>ecclesie</strong></span> <span class='ocrx_word' id='word_1_186' title='bbox 634 2905 724 2972; x_wconf 88' lang='lat' dir='ltr'><strong>utilia</strong></span> <span class='ocrx_word' id='word_1_187' title='bbox 750 2906 959 2973; x_wconf 85' lang='lat' dir='ltr'><strong>credebantur</strong></span> <span class='ocrx_word' id='word_1_188' title='bbox 983 2907 1093 2973; x_wconf 90' lang='lat' dir='ltr'><strong>ordine</strong></span> <span class='ocrx_word' id='word_1_189' title='bbox 1122 2907 1275 2992; x_wconf 87' lang='lat' dir='ltr'><strong>peractis,</strong></span> <span class='ocrx_word' id='word_1_190' title='bbox 1304 2907 1370 2973; x_wconf 90' lang='lat' dir='ltr'><strong>diei</strong></span> <span class='ocrx_word' id='word_1_191' title='bbox 1394 2907 1487 2972; x_wconf 89' lang='lat' dir='ltr'><strong>unius</strong></span> 
     </span>
    </p>

    <p class='ocr_par' dir='ltr' id='par_1_5' title="bbox 286 3011 1494 4040">
     <span class='ocr_line' id='line_1_24' title="bbox 286 3011 1486 3109; baseline -0.001 -20"><span class='ocrx_word' id='word_1_192' title='bbox 286 3011 425 3089; x_wconf 74' lang='lat' dir='ltr'><strong>‘itinere</strong></span> <span class='ocrx_word' id='word_1_193' title='bbox 447 3022 616 3089; x_wconf 87' lang='lat' dir='ltr'><strong>distantem</strong></span> <span class='ocrx_word' id='word_1_194' title='bbox 636 3022 844 3106; x_wconf 79' lang='lat' dir='ltr'><strong>aGulubrega</strong></span> <span class='ocrx_word' id='word_1_195' title='bbox 858 3019 1064 3107; x_wconf 78' lang='lat' dir='ltr'><strong>Belgre&#39;adam&#39;</strong></span> <span class='ocrx_word' id='word_1_196' title='bbox 1087 3028 1209 3109; x_wconf 84' lang='lat' dir='ltr'><strong>petens,</strong></span> <span class='ocrx_word' id='word_1_197' title='bbox 1232 3021 1331 3088; x_wconf 91' lang='lat' dir='ltr'><strong>simili</strong></span> <span class='ocrx_word' id='word_1_198' title='bbox 1353 3043 1486 3109; x_wconf 89' lang='lat' dir='ltr'><strong>operum</strong></span> 
     </span>
     <span class='ocr_line' id='line_1_25' title="bbox 312 3137 1488 3226; baseline 0.001 -22"><span class='ocrx_word' id='word_1_199' title='bbox 312 3137 425 3204; x_wconf 84' lang='lat' dir='ltr'><strong>ellectu</strong></span> <span class='ocrx_word' id='word_1_200' title='bbox 446 3137 512 3204; x_wconf 90' lang='lat' dir='ltr'><strong>illio</strong></span> <span class='ocrx_word' id='word_1_201' title='bbox 534 3137 701 3204; x_wconf 88' lang='lat' dir='ltr'><strong>letiticatus</strong></span> <span class='ocrx_word' id='word_1_202' title='bbox 724 3144 781 3223; x_wconf 85' lang='lat' dir='ltr'><strong>est,</strong></span> <span class='ocrx_word' id='word_1_203' title='bbox 806 3138 953 3205; x_wconf 88' lang='lat' dir='ltr'><strong>omnibns</strong></span> <span class='ocrx_word' id='word_1_204' title='bbox 976 3159 1011 3205; x_wconf 89' lang='lat' dir='ltr'><strong>ee</strong></span> <span class='ocrx_word' id='word_1_205' title='bbox 1025 3139 1162 3205; x_wconf 88' lang='lat' dir='ltr'><strong>Domino</strong></span> <span class='ocrx_word' id='word_1_206' title='bbox 1186 3144 1299 3226; x_wconf 86' lang='lat' dir='ltr'><strong>sponte</strong></span> <span class='ocrx_word' id='word_1_207' title='bbox 1323 3139 1488 3226; x_wconf 84' lang='lat' dir='ltr'><strong>apphcan-</strong></span> 
     </span>
     <span class='ocr_line' id='line_1_26' title="bbox 312 3252 1488 3340; baseline 0.003 -22"><span class='ocrx_word' id='word_1_208' title='bbox 312 3253 405 3319; x_wconf 89' lang='lat' dir='ltr'><strong>tibus.</strong></span> <span class='ocrx_word' id='word_1_209' title='bbox 503 3252 591 3331; x_wconf 87' lang='lat' dir='ltr'><strong>Quod</strong></span> <span class='ocrx_word' id='word_1_210' title='bbox 619 3254 673 3321; x_wconf 94' lang='lat' dir='ltr'><strong>ubi</strong></span> <span class='ocrx_word' id='word_1_211' title='bbox 699 3255 816 3320; x_wconf 87' lang='lat' dir='ltr'><strong>lactum</strong></span> <span class='ocrx_word' id='word_1_212' title='bbox 842 3261 926 3340; x_wconf 87' lang='lat' dir='ltr'><strong>erat,</strong></span> <span class='ocrx_word' id='word_1_213' title='bbox 957 3256 1059 3321; x_wconf 87' lang='lat' dir='ltr'><strong>visum</strong></span> <span class='ocrx_word' id='word_1_214' title='bbox 1084 3261 1134 3322; x_wconf 89' lang='lat' dir='ltr'><strong>est</strong></span> <span class='ocrx_word' id='word_1_215' title='bbox 1156 3255 1186 3322; x_wconf 91' lang='lat' dir='ltr'><strong>ei</strong></span> <span class='ocrx_word' id='word_1_216' title='bbox 1208 3255 1325 3322; x_wconf 89' lang='lat' dir='ltr'><strong>bonum</strong></span> <span class='ocrx_word' id='word_1_217' title='bbox 1349 3275 1422 3322; x_wconf 86' lang='lat' dir='ltr'><strong>esse</strong></span> <span class='ocrx_word' id='word_1_218' title='bbox 1444 3291 1488 3303; x_wconf 81' lang='lat'>-</span> 
     </span>
     <span class='ocr_line' id='line_1_27' title="bbox 313 3368 1491 3458; baseline 0.004 -24"><span class='ocrx_word' id='word_1_219' title='bbox 313 3368 438 3435; x_wconf 83' lang='lat' dir='ltr'><strong>omissis</strong></span> <span class='ocrx_word' id='word_1_220' title='bbox 461 3374 595 3454; x_wconf 81' lang='lat' dir='ltr'><strong>quatuor</strong></span> <span class='ocrx_word' id='word_1_221' title='bbox 616 3389 675 3453; x_wconf 92' lang='lat' dir='ltr'><strong>que</strong></span> <span class='ocrx_word' id='word_1_222' title='bbox 698 3377 886 3454; x_wconf 88' lang='lat' dir='ltr'><strong>supereraut</strong></span> <span class='ocrx_word' id='word_1_223' title='bbox 908 3371 1089 3439; x_wconf 82' lang='lat' dir='ltr'><strong>civitatibus</strong></span> <span class='ocrx_word' id='word_1_224' title='bbox 1111 3392 1183 3438; x_wconf 92' lang='lat' dir='ltr'><strong>cum</strong></span> <span class='ocrx_word' id='word_1_225' title='bbox 1205 3372 1297 3458; x_wconf 88' lang='lat' dir='ltr'><strong>pagis</strong></span> <span class='ocrx_word' id='word_1_226' title='bbox 1321 3371 1436 3438; x_wconf 86' lang='lat' dir='ltr'><strong>viculis</strong></span> <span class='ocrx_word' id='word_1_227' title='bbox 1459 3381 1491 3440; x_wconf 89' lang='lat' dir='ltr'><strong>et</strong></span> 
     </span>
     <span class='ocr_line' id='line_1_28' title="bbox 312 3483 1490 3572; baseline 0.005 -23"><span class='ocrx_word' id='word_1_228' title='bbox 312 3484 424 3550; x_wconf 89' lang='lat' dir='ltr'><strong>insulis</strong></span> <span class='ocrx_word' id='word_1_229' title='bbox 453 3485 535 3568; x_wconf 87' lang='lat' dir='ltr'><strong>suis,</strong></span> <span class='ocrx_word' id='word_1_230' title='bbox 564 3484 731 3551; x_wconf 88' lang='lat' dir='ltr'><strong>Uznuimia</strong></span> <span class='ocrx_word' id='word_1_231' title='bbox 759 3486 906 3554; x_wconf 87' lang='lat' dir='ltr'><strong>videlicet</strong></span> <span class='ocrx_word' id='word_1_232' title='bbox 934 3484 1124 3572; x_wconf 81' lang='lat' dir='ltr'><strong>Hologouta&#39;</strong></span> <span class='ocrx_word' id='word_1_233' title='bbox 1151 3483 1350 3571; x_wconf 76' lang='lat' dir='ltr'><strong>Guzgdugia&#39;</strong></span> <span class='ocrx_word' id='word_1_234' title='bbox 1379 3495 1413 3555; x_wconf 90' lang='lat' dir='ltr'><strong>et</strong></span> <span class='ocrx_word' id='word_1_235' title='bbox 1435 3489 1490 3555; x_wconf 89' lang='lat' dir='ltr'><strong>Ti-</strong></span> 
     </span>
     <span class='ocr_line' id='line_1_29' title="bbox 313 3597 1491 3690; baseline 0.005 -24"><span class='ocrx_word' id='word_1_236' title='bbox 313 3597 431 3682; x_wconf 80' lang='lat' dir='ltr'><strong>minu⁴3</strong></span> <span class='ocrx_word' id='word_1_237' title='bbox 455 3601 530 3685; x_wconf 89' lang='lat' dir='ltr'><strong>quia</strong></span> <span class='ocrx_word' id='word_1_238' title='bbox 552 3605 676 3687; x_wconf 86' lang='lat' dir='ltr'><strong>tempus</strong></span> <span class='ocrx_word' id='word_1_239' title='bbox 700 3620 770 3668; x_wconf 92' lang='lat' dir='ltr'><strong>eum</strong></span> <span class='ocrx_word' id='word_1_240' title='bbox 794 3603 977 3686; x_wconf 84' lang='lat' dir='ltr'><strong>revocabat3</strong></span> <span class='ocrx_word' id='word_1_241' title='bbox 1002 3604 1126 3689; x_wconf 90' lang='lat' dir='ltr'><strong>hiemps</strong></span> <span class='ocrx_word' id='word_1_242' title='bbox 1150 3603 1267 3690; x_wconf 90' lang='lat' dir='ltr'><strong>quippe</strong></span> <span class='ocrx_word' id='word_1_243' title='bbox 1289 3609 1361 3671; x_wconf 88' lang='lat' dir='ltr'><strong>erat</strong></span> <span class='ocrx_word' id='word_1_244' title='bbox 1384 3641 1428 3651; x_wconf 89' lang='lat'>—</span> <span class='ocrx_word' id='word_1_245' title='bbox 1446 3605 1491 3688; x_wconf 87' lang='lat' dir='ltr'><strong>id,</strong></span> 
     </span>
     <span class='ocr_line' id='line_1_30' title="bbox 314 3715 1491 3803; baseline 0.007 -23"><span class='ocrx_word' id='word_1_246' title='bbox 314 3716 397 3802; x_wconf 93' lang='lat' dir='ltr'><strong>quud</strong></span> <span class='ocrx_word' id='word_1_247' title='bbox 419 3715 633 3802; x_wconf 78' lang='lat' dir='ltr'><strong>plantaverat,</strong></span> <span class='ocrx_word' id='word_1_248' title='bbox 662 3716 790 3783; x_wconf 90' lang='lat' dir='ltr'><strong>interim</strong></span> <span class='ocrx_word' id='word_1_249' title='bbox 812 3718 961 3801; x_wconf 86' lang='lat' dir='ltr'><strong>irrigare;</strong></span> <span class='ocrx_word' id='word_1_250' title='bbox 991 3739 1032 3790; x_wconf 86' lang='lat' dir='ltr'><strong>ne</strong></span> <span class='ocrx_word' id='word_1_251' title='bbox 1053 3719 1152 3803; x_wconf 84' lang='lat' dir='ltr'><strong>forte,</strong></span> <span class='ocrx_word' id='word_1_252' title='bbox 1177 3718 1341 3786; x_wconf 79' lang='lat' dir='ltr'><strong>dilatando</strong></span> <span class='ocrx_word' id='word_1_253' title='bbox 1364 3726 1491 3788; x_wconf 63' lang='lat' dir='ltr'><strong>unium</strong></span> 
     </span>
     <span class='ocr_line' id='line_1_31' title="bbox 314 3833 1493 3918; baseline 0.006 -21"><span class='ocrx_word' id='word_1_254' title='bbox 314 3851 424 3914; x_wconf 89' lang='lat' dir='ltr'><strong>agrum</strong></span> <span class='ocrx_word' id='word_1_255' title='bbox 453 3851 544 3898; x_wconf 90' lang='lat' dir='ltr'><strong>suum</strong></span> <span class='ocrx_word' id='word_1_256' title='bbox 574 3837 606 3898; x_wconf 91' lang='lat' dir='ltr'><strong>et</strong></span> <span class='ocrx_word' id='word_1_257' title='bbox 630 3853 692 3898; x_wconf 91' lang='lat' dir='ltr'><strong>non</strong></span> <span class='ocrx_word' id='word_1_258' title='bbox 718 3833 814 3899; x_wconf 81' lang='lat' dir='ltr'><strong>etism</strong></span> <span class='ocrx_word' id='word_1_259' title='bbox 837 3833 1024 3918; x_wconf 85' lang='lat' dir='ltr'><strong>excolendo,</strong></span> <span class='ocrx_word' id='word_1_260' title='bbox 1053 3836 1087 3900; x_wconf 92' lang='lat' dir='ltr'><strong>in</strong></span> <span class='ocrx_word' id='word_1_261' title='bbox 1111 3855 1244 3903; x_wconf 89' lang='lat' dir='ltr'><strong>vacuum</strong></span> <span class='ocrx_word' id='word_1_262' title='bbox 1268 3843 1414 3904; x_wconf 89' lang='lat' dir='ltr'><strong>curreret</strong></span> <span class='ocrx_word' id='word_1_263' title='bbox 1436 3844 1493 3904; x_wconf 79' lang='lat' dir='ltr'><strong>aut</strong></span> 
     </span>
     <span class='ocr_line' id='line_1_32' title="bbox 314 3943 1494 4040; baseline 0.004 -26"><span class='ocrx_word' id='word_1_264' title='bbox 314 3943 528 4014; x_wconf 82' lang='lat' dir='ltr'><strong>cucurrisset⁶.</strong></span> <span class='ocrx_word' id='word_1_265' title='bbox 565 3945 774 4032; x_wconf 83' lang='lat' dir='ltr'><strong>Quinetiam,</strong></span> <span class='ocrx_word' id='word_1_266' title='bbox 798 3951 827 4015; x_wconf 92' lang='lat' dir='ltr'><strong>si</strong></span> <span class='ocrx_word' id='word_1_267' title='bbox 849 3948 983 4017; x_wconf 84' lang='lat' dir='ltr'><strong>ulterius</strong></span> <span class='ocrx_word' id='word_1_268' title='bbox 1005 3950 1199 4035; x_wconf 82' lang='lat' dir='ltr'><strong>procederet,</strong></span> <span class='ocrx_word' id='word_1_269' title='bbox 1223 3956 1298 4020; x_wconf 83' lang='lat' dir='ltr'><strong>ente</strong></span> <span class='ocrx_word' id='word_1_270' title='bbox 1313 3952 1400 4019; x_wconf 89' lang='lat' dir='ltr'><strong>diem</strong></span> <span class='ocrx_word' id='word_1_271' title='bbox 1421 3953 1494 4040; x_wconf 78' lang='lat' dir='ltr'><strong>pal·</strong></span> 
     </span>
    </p>
   </div>
   <div class='ocr_carea' id='block_1_3' title="bbox 387 4212 1457 4279">
    <p class='ocr_par' dir='ltr' id='par_1_6' title="bbox 387 4212 1457 4279">
     <span class='ocr_line' id='line_1_33' title="bbox 387 4212 1457 4279; baseline 0.008 -21"><span class='ocrx_word' id='word_1_272' title='bbox 387 4226 407 4258; x_wconf 84' lang='lat' dir='ltr'><strong>a</strong></span> <span class='ocrx_word' id='word_1_273' title='bbox 433 4212 471 4271; x_wconf 91' lang='lat' dir='ltr'><strong>qui</strong></span> <span class='ocrx_word' id='word_1_274' title='bbox 488 4213 518 4258; x_wconf 89' lang='lat' dir='ltr'><strong>N.</strong></span> <span class='ocrx_word' id='word_1_275' title='bbox 611 4213 632 4258; x_wconf 94' lang='lat' dir='ltr'><strong>b.</strong></span> <span class='ocrx_word' id='word_1_276' title='bbox 655 4215 774 4274; x_wconf 85' lang='lat' dir='ltr'><strong>percipere</strong></span> <span class='ocrx_word' id='word_1_277' title='bbox 791 4216 844 4272; x_wconf 86' lang='lat' dir='ltr'><strong>NB,</strong></span> <span class='ocrx_word' id='word_1_278' title='bbox 860 4229 983 4276; x_wconf 82' lang='lat' dir='ltr'><strong>percepere</strong></span> <span class='ocrx_word' id='word_1_279' title='bbox 999 4216 1029 4263; x_wconf 82' lang='lat' dir='ltr'><strong>R.</strong></span> <span class='ocrx_word' id='word_1_280' title='bbox 1124 4231 1143 4263; x_wconf 78' lang='lat' dir='ltr'><strong>a</strong></span> <span class='ocrx_word' id='word_1_281' title='bbox 1168 4220 1234 4265; x_wconf 82' lang='lat' dir='ltr'><strong>erant</strong></span> <span class='ocrx_word' id='word_1_282' title='bbox 1248 4219 1334 4279; x_wconf 84' lang='lat' dir='ltr'><strong>reperii</strong></span> <span class='ocrx_word' id='word_1_283' title='bbox 1349 4222 1406 4266; x_wconf 76' lang='lat' dir='ltr'><strong>snat</strong></span> <span class='ocrx_word' id='word_1_284' title='bbox 1422 4219 1457 4267; x_wconf 78' lang='grc' dir='ltr'><strong>Ν.</strong></span> 
     </span>
    </p>
   </div>
   <div class='ocr_carea' id='block_1_4' title="bbox 317 4332 1495 4488">
    <p class='ocr_par' dir='ltr' id='par_1_7' title="bbox 317 4332 1495 4488">
     <span class='ocr_line' id='line_1_34' title="bbox 317 4332 1495 4473; baseline 0.009 -88"><span class='ocrx_word' id='word_1_285' title='bbox 317 4333 412 4472; x_wconf 53' lang='lat' dir='ltr'><strong>bG&#39;li</strong></span> <span class='ocrx_word' id='word_1_286' title='bbox 431 4332 557 4473; x_wconf 48' lang='lat' dir='ltr'><strong>Besslgurd.</strong></span> <span class='ocrx_word' id='word_1_287' title='bbox 683 4337 709 4389; x_wconf 79' lang='lat'><strong>2.</strong></span> <span class='ocrx_word' id='word_1_288' title='bbox 728 4335 863 4405; x_wconf 76' lang='lat' dir='ltr'><strong>Wclgast.</strong></span> <span class='ocrx_word' id='word_1_289' title='bbox 988 4338 1015 4392; x_wconf 84' lang='grc'><strong>3.</strong></span> <span class='ocrx_word' id='word_1_290' title='bbox 1033 4335 1179 4394; x_wconf 70' lang='lat' dir='ltr'><strong>Glltakom</strong></span> <span class='ocrx_word' id='word_1_291' title='bbox 1305 4339 1332 4394; x_wconf 80' lang='lat'><strong>4.</strong></span> <span class='ocrx_word' id='word_1_292' title='bbox 1353 4339 1495 4396; x_wconf 72' lang='grc' dir='ltr'>ὓωιιιίι</span> 
     </span>
     <span class='ocr_line' id='line_1_35' title="bbox 335 4423 532 4488; baseline 0.01 -16"><span class='ocrx_word' id='word_1_293' title='bbox 335 4455 343 4472; x_wconf 93' lang='grc'><strong>.</strong></span> <span class='ocrx_word' id='word_1_294' title='bbox 387 4423 449 4474; x_wconf 86' lang='lat' dir='ltr'><strong>aet.</strong></span> <span class='ocrx_word' id='word_1_295' title='bbox 481 4423 532 4488; x_wconf 76' lang='grc'><strong>,2.</strong></span> 
     </span>
    </p>
   </div>
   <div class='ocr_carea' id='block_1_5' title="bbox 0 0 1590 4850">
    <p class='ocr_par' dir='ltr' id='par_1_8' title="bbox 0 0 1590 4850">
     <span class='ocr_line' id='line_1_36' title="bbox 0 0 1590 4850; baseline 0 0"><span class='ocrx_word' id='word_1_296' title='bbox 0 0 1590 4850; x_wconf 95' lang='lat' dir='ltr'><strong> </strong></span> 
     </span>
    </p>
   </div>
  </div>
 </body>
</html>
