3142 4850
332 267 376 333 62
725 283 893 332 unsumcu
914 282 1043 331 counx.
1076 280 1112 331 aa

176 461 246 514 1ch
264 473 307 512 ex.
331 442 525 528 temporibus
552 442 781 508 nefandissima
809 448 841 508 et
869 440 1113 508 sceleratissime
1138 439 1354 506 Neronianae·
1381 443 1415 504 et
1440 436 1497 503 De

164 531 315 584 ’ΨΜ
332 556 459 624 cirenaeb
481 557 708 642 persecutionis
731 557 946 623 cruciamenta
967 560 1127 642 expertus,
1153 553 1297 620 horribili
1323 557 1357 618 et
1377 571 1497 618 execra

331 672 387 738 bili
409 691 563 758 penarum
586 691 700 755 genere
723 655 866 738 ¹addictus
890 675 939 737 est
959 672 1063 737 morti
1098 669 1150 736 Ad
1172 669 1261 736 cuius
1287 673 1499 734 monstruosae

330 788 416 854 necis
439 786 603 870 ultionem,
627 787 809 853 testamenti
824 787 874 852 sui
890 787 1072 853 recordatus
1082 782 1100 868 ¹,
1123 784 1262 870 primum
1281 790 1428 868 assurgat
1447 784 1498 849 do·

331 905 437 968 minus
460 901 546 968 Iesus
570 901 724 987 Christus,
748 903 822 969 dein
845 907 969 969 vestae
991 900 1189 968 auctoritatis
1208 900 1384 966 fortissima
1402 905 1499 986 etpa-

331 1017 494 1084 trocinulir
515 1037 638 1083 manus.

423 1129 528 1198 Sacris
551 1151 689 1218 namque
710 1151 866 1199 canonum
889 1131 1024 1199 decreds
1046 1130 1203 1198 sancitum
1224 1136 1307 1198 est⁶t
1335 1135 1382 1214 ut
1405 1128 1501 1196 sicubi

332 1248 498 1334 spiscopus
528 1247 705 1332 ordinetur,
741 1247 797 1332 qui
830 1247 898 1312 vita
931 1246 982 1313 vel
1009 1247 1151 1313 moribus
1179 1251 1314 1312 etanta
1347 1245 1502 1330 discrepet

332 1363 485 1447 dignitate
508 1361 558 1428 uel
581 1363 635 1447 qui
659 1363 846 1428 adtentum
874 1361 1045 1430 adscendet
1067 1362 1189 1448 apicem
1216 1360 1421 1447 subreptione
1441 1379 1503 1426 nou

332 1478 494 1561 electione,
517 1478 547 1544 ei
571 1477 763 1544 audientiam
785 1497 851 1544 non
871 1477 1017 1561 negari⁴3
1040 1482 1074 1544 et
1088 1477 1164 1544 hoe·
1179 1477 1276 1544 etium
1291 1481 1419 1562 praeter
1434 1495 1503 1541 scu·

332 1595 466 1660 tentiam
494 1592 628 1659 Romani
656 1591 815 1678 pontificis
841 1613 904 1660 nou
931 1593 1046 1660 debere
1079 1592 1159 1658 lieri.
1193 1593 1230 1658 ln
1263 1611 1327 1676 qua
1353 1612 1389 1657 re
1417 1592 1446 1657 si
1471 1610 1504 1656 se

331 1707 435 1774 clerus
464 1707 514 1774 vel
542 1707 679 1794 populus
706 1708 874 1776 cuiuslibet
901 1709 1039 1774 civitatis
1062 1707 1197 1774 seculari
1225 1707 1369 1792 potentia
1390 1705 1504 1772 viderit

331 1824 550 1909 praegravari,
575 1823 616 1888 ad
638 1842 760 1889 sacrem
785 1823 923 1890 sesuae'
944 1823 1029 1889 sedis
1049 1823 1265 1889 defensionem
1293 1821 1412 1888 habeat
1432 1839 1505 1886 con·

332 1938 463 2021 fugium,
479 1938 540 2020 oui,
555 1938 769 2024 praecipiente
784 1938 932 2022 Domino,
953 1938 1115 2022 delegatus
1130 1942 1180 2004 est
1193 1937 1349 2023 primatus
1363 1937 1505 2002 omnium

332 2052 545 2118 ecclesiarum.

421 2165 513 2234 Nunc
535 2186 610 2232 vero
634 2201 674 2214 -
697 2168 816 2233 nedum
837 2169 891 2234 isti
913 2168 954 2234 de
976 2187 1038 2252 quo
1066 2169 1171 2250 egitur
1198 2165 1352 2234 canonica
1375 2165 1507 2233 daretur

332 2282 508 2364 audientia,
546 2281 662 2348 nedum
697 2283 796 2348 vestri
829 2283 984 2348 examinis
1021 2287 1242 2368 expectaretur
1275 2283 1437 2350 sententia
1465 2317 1507 2328 -

333 2397 442 2495 quasi⁸
468 2397 587 2464 furtive
614 2397 872 2465 latrocinantium
901 2417 999 2465 manu
1026 2403 1137 2483 captus
1168 2402 1200 2464 et
1227 2396 1399 2483 spoliatus,
1433 2396 1509 2463 dein

332 2512 521 2596 gravissime
542 2512 671 2579 deloco
694 2514 736 2579 ad
763 2513 867 2581 locum
889 2514 1158 2600 transportatione
1185 2512 1335 2595 afflictus,
1364 2512 1509 2594 tandem,

332 2634 370 2693 ut
390 2628 717 2695 asseruut'communi
731 2629 857 2697 illorum
871 2629 1014 2712 consilio,
1036 2635 1139 2696 morte
1153 2628 1338 2714 turpissima
1352 2627 1510 2695 multatus

331 2748 390 2809 est.
459 2742 529 2822 Qua
555 2744 594 2811 de
623 2765 657 2811 re
687 2766 781 2830 quam
803 2746 944 2828 grevitm
964 2744 1179 2811 unanimitas²¹
1205 2745 1340 2811 fratrum
1366 2746 1413 2809 sit
1433 2763 1511 2811 een·

331 2876 439 2943 cusse,
468 2878 563 2944 quem
592 2860 740 2927 atrociter
768 2861 875 2927 auden
898 2860 1146 2927 facinorosorum
1169 2860 1331 2927 homiuum
1354 2859 1512 2927 violentia

332 2976 373 3041 sd
396 2974 479 3041 sacri
501 2974 621 3041 ordinis
643 2975 794 3041 iniuriam
816 2976 860 3043 sit
873 2981 988 3059 erecte,
1011 2982 1135 3043 vestrae
1157 2974 1335 3042 sanctitatis
1357 2979 1410 3041 est
1431 2996 1512 3062 pru·

331 3090 443 3155 deuter
466 3089 661 3175 perpendere
684 3095 731 3173 et,
759 3091 820 3157 hoc
841 3092 998 3158 netarium
1020 3092 1122 3159 scelus
1145 3092 1294 3159 canonice
1315 3091 1514 3174 ulciscendo,

331 3224 372 3271 ne
402 3203 441 3271 de
469 3209 573 3270 cetero
600 3204 664 3271 tule
694 3205 769 3289 quid
800 3211 1036 3293 praesumatur,
1070 3207 1206 3293 posteris
1240 3205 1426 3292 exemplum
1461 3228 1514 3274 re·

331 3318 484 3403 linquere.
524 3319 603 3386 Orat
620 3341 694 3404 ergo
711 3322 912 3389 sanctitatem
927 3328 1066 3389 vestram
1081 3322 1208 3389 socialis
1226 3322 1360 3389 iratum
1380 3330 1514 3391 nostro-

331 3436 415 3501 rum*
438 3435 605 3502 concordia
626 3442 658 3503 et
679 3436 740 3503 hoc
762 3458 782 3503 a
803 3437 904 3504 uestri
916 3436 1063 3503 culminis
1082 3437 1259 3523 patrocinio
1273 3442 1342 3505 tota
1354 3438 1517 3525 implorat

333 3549 479 3617 ecclesia:
509 3557 545 3618 ut
573 3552 653 3618 tanti
685 3552 813 3619 sceleris
850 3559 992 3619 auctores
1020 3552 1261 3636 diligentissime
1293 3554 1514 3640 perquiratis3

331 3665 477 3732 inventos
499 3666 731 3735 districtissime
753 3668 910 3755 puniatis3
934 3668 987 3752 qui
1009 3668 1037 3733 si
1054 3669 1138 3734 torte
1152 3667 1381 3735 dissimulando
1396 3668 1517 3754 latent

332 3781 437 3865 gladio
462 3780 597 3867 Spiritus
621 3783 722 3849 sancti
745 3784 833 3851 velut
854 3783 982 3869 putrida
1003 3783 1147 3850 membra
1168 3784 1208 3849 de
1235 3803 1367 3869 corpore
1389 3783 1518 3851 Christi

333 3897 502 3964 abscidatis
523 3902 564 3981 et,
587 3901 624 3963 ut
638 3917 747 3965 omnes
763 3898 860 3966 etiam
875 3897 1131 3965 consacerdotesk
1145 3900 1249 3965 nostri
1263 3919 1318 3965 eos
1331 3906 1519 3986 perpetuae

331 4011 561 4079 meledictionis
584 4012 784 4079 anathemate
807 4012 932 4097 feriant,
955 4011 1137 4080 firmissime
1159 4014 1374 4101 praecipiatis.

402 4149 423 4181 a.
446 4134 585 4182 Neroniacne
602 4137 631 4183 B.
694 4136 715 4182 b.
729 4113 854 4182 'Decimae
870 4136 899 4181 B.
962 4149 981 4181 c.
1006 4138 1127 4184 sanctitum
1144 4137 1171 4195 Z,
1188 4139 1313 4185 sanccitum
1329 4137 1356 4185 G.
1423 4140 1450 4187 d.
1477 4142 1520 4188 de-

331 4214 409 4272 negari
420 4214 449 4261 B.
513 4230 533 4261 e.
554 4216 611 4262 haec
623 4214 667 4261 Vn.
729 4214 745 4261 l.
766 4215 863 4262 omVZ.
925 4228 946 4273 g.
971 4227 1028 4274 quus
1040 4214 1067 4262 G.
1129 4215 1154 4263 h.
1174 4218 1282 4264 uuimitus
1296 4216 1323 4264 G.
1390 4219 1406 4265 i.
1428 4222 1521 4269 osto.

331 4292 355 4339 k.
378 4294 402 4339 st
416 4296 442 4339 ut
458 4306 537 4339 omues
553 4292 685 4339 assidetes
700 4292 727 4340 G.

404 4369 428 4423 1.
447 4366 490 4424 or.
503 4367 598 4424 nach.
611 4369 655 4439 ns,
668 4370 712 4425 as.
