3142 4850
320 271 385 338 288
703 287 870 336 UDALRIOI
891 287 1018 336 consx.
1058 284 1105 336 101

212 463 282 517 1112
408 448 566 527 Quantum
589 445 773 514 clementiae
793 453 916 514 vmtrae
938 448 1106 533 imperium
1130 443 1312 532 prosperari
1334 443 1484 526 desidero,

192 535 258 582 Μ
270 550 304 581 ⁰¹'
320 562 497 630 efidelibus
514 563 627 630 vostris
651 568 683 628 et
698 561 737 629 ab
753 561 866 630 effectu
880 563 943 630 mei
961 562 1092 645 servitii,
1116 562 1143 626 si
1166 560 1280 646 placet,
1303 578 1486 642 cognoscere

319 679 475 767 poteritis.

409 795 526 860 Notum
549 795 646 878 igitur
669 793 758 860 robis
780 794 878 877 facio,
907 793 992 878 quod
1014 792 1137 858 audivi:
1168 791 1323 877 synodum
1345 789 1488 855 videlieet

320 911 439 977 Romae
460 909 528 976 fieri
539 906 556 994 ¹,
578 911 629 976 in·
652 929 715 994 qua
732 914 878 976 asserunt
899 909 1049 975 domnum
1072 929 1189 995 papam
1204 905 1416 989 Ptaschalem]
1439 905 1488 971 de·

320 1027 397 1113 poni
420 1030 451 1091 et
474 1024 607 1091 alterum
631 1023 744 1092 debere
767 1026 856 1109 eligi,
888 1025 942 1110 qui
965 1045 1058 1091 omne
1086 1023 1250 1090 consilium
1274 1023 1380 1109 pacis,
1409 1019 1488 1106 quod

321 1161 392 1207 eum
416 1141 531 1207 domno
546 1139 717 1223 P(aschali)
739 1141 901 1225 firmastis,
924 1141 1092 1222 dissolvam
1116 1160 1174 1226 pro
1198 1159 1235 1206 eo
1259 1139 1343 1224 quod
1358 1137 1489 1204 domnus

321 1255 508 1338 P(aschalis)
532 1277 595 1322 non
619 1257 713 1324 audet
728 1277 783 1323 vos
807 1263 938 1344 propter
959 1258 1060 1324 factas
1083 1257 1238 1323 intervos
1262 1257 1423 1341 otiosum
1445 1275 1490 1320 se-

321 1371 472 1439 curitates
494 1374 776 1440 excommunicare.

411 1487 461 1552 Ad
490 1488 550 1554 hoc
584 1509 707 1574 quoque
735 1487 985 1556 Mediolanenses
1018 1489 1174 1573 quendam
1203 1481 1490 1573 archiepiscopum'

323 1599 500 1686 elegerunt⁸
516 1609 549 1669 et
568 1625 587 1669 a
603 1604 791 1688 quibusdem
813 1604 1030 1690 parrochianis
1047 1605 1112 1669 suis
1128 1623 1198 1669 eam
1214 1603 1396 1669 consecrari
1414 1603 1490 1668 fece·

322 1725 405 1786 runt.
441 1719 530 1797 Quod
553 1739 610 1802 ego
626 1719 736 1786 videns
759 1725 869 1786 contra
888 1719 1015 1806 imperii
1031 1720 1127 1785 uestri
1150 1720 1300 1785 honorem
1323 1717 1406 1803 lieri,
1430 1738 1490 1784 om·

322 1835 397 1900 nino
420 1836 586 1916 interdix13
611 1841 643 1902 et
663 1835 738 1902 licet
760 1835 800 1902 ab
815 1836 894 1922 ipsis
917 1835 1051 1901 multum
1075 1840 1203 1919 rogatus
1224 1835 1408 1901 huiusmodi
1424 1853 1490 1900 oon·

323 1950 491 2017 coerctioni
513 1951 680 2034 interesse,
710 1970 767 2017 nec
795 1971 958 2017 assensum
983 1951 1133 2038 praebere
1155 1951 1251 2017 volui.
1291 1951 1394 2016 Immo
1425 1948 1491 2016 dedi

323 2085 452 2151 operum
477 2063 616 2148 erigendi
639 2086 789 2149 magnum
818 2069 971 2153 parietem
995 2065 1104 2153 populi
1127 2071 1238 2134 contra
1259 2067 1417 2153 populum
1439 2064 1490 2131 sub

324 2181 487 2248 occasione
517 2181 678 2246 cuiusdam
704 2181 833 2248 alterius
857 2181 1111 2268 archiepiscopi‘,
1143 2203 1235 2268 quem
1264 2203 1338 2268 pars
1369 2183 1490 2248 illorum

323 2295 461 2362 intendit
482 2295 655 2382 deponere3
682 2298 740 2364 viri
763 2297 886 2365 scilieet
906 2298 1136 2384 perfectissime
1158 2274 1289 2364 litterati
1313 2303 1347 2364 et
1369 2297 1490 2382 ingenio

324 2411 513 2479 astutissimi
542 2417 574 2477 et
608 2412 873 2498 eloquentissimi,
908 2415 1014 2481 curiae
1043 2419 1167 2481 restrae
1194 2413 1287 2481 valde
1314 2412 1489 2481 necessarii.

325 2528 421 2595 Cuius
445 2534 567 2614 partem
591 2534 720 2614 propter
749 2529 900 2597 honorem
922 2537 1063 2598 vestrum
1085 2533 1119 2597 in
1146 2536 1269 2597 tantum
1291 2532 1387 2615 auxi,
1415 2527 1492 2616 quod

324 2644 478 2711 medietas
507 2643 616 2731 populi
638 2649 748 2711 eontra
775 2646 976 2713 medietatem
1005 2647 1115 2733 populi
1144 2647 1313 2713 contendit
1408 2645 1492 2712 Nunc

323 2760 431 2845 itaque
454 2760 559 2826 videet
581 2760 683 2845 pietas
701 2766 815 2845 vestra,
839 2762 867 2827 si
889 2762 930 2828 ad
952 2763 1012 2829 hoc
1034 2784 1085 2829 me
1101 2763 1205 2829 velitis
1228 2763 1385 2845 laborare,
1409 2764 1492 2827 utet

324 2876 459 2963 populus
489 2876 543 2941 ille
571 2882 700 2942 maneat
728 2876 848 2943 divisus
876 2884 909 2945 et
936 2880 1083 2964 antiquus
1112 2878 1166 2944 ille
1195 2878 1450 2964 archiepiscopus
1475 2896 1493 2941 a

324 2998 431 3058 vestra
446 2992 611 3058 maiestate
627 2992 802 3058 adiuvetur.
834 2993 1006 3061 Scribendo
1016 2994 1200 3081 praecipite.
1231 2994 1399 3078 Quoniam,
1412 2993 1492 3078 quic·

325 3106 401 3192 quid
424 3106 649 3173 mandaveritis
673 3114 705 3173 et
719 3108 758 3175 de
773 3109 823 3174 his
839 3114 871 3176 et
885 3110 924 3175 de
939 3109 1021 3194 aliis,
1043 3109 1179 3175 fideliter
1200 3110 1332 3195 implere
1353 3108 1490 3177 studebo.

415 3221 523 3305 lgitur,
549 3228 586 3288 ut
606 3222 805 3289 inimicorum
829 3229 1004 3290 vestorum
1027 3225 1158 3291 consilia
1181 3225 1339 3291 exinaniri
1361 3223 1491 3305 acinus,

326 3336 488 3405 consulere
511 3357 693 3423 praesumo:
718 3346 753 3404 ut
771 3338 805 3405 in
819 3339 944 3407 ltaliam
961 3342 1067 3407 venire
1090 3342 1255 3407 festinetis.
1290 3340 1402 3425 Neque
1417 3337 1492 3405 mul·

325 3458 393 3531 turn
421 3472 535 3535 magno
565 3454 704 3520 exercitu
731 3455 890 3539 indigetis.
929 3456 1044 3523 Vestra
1066 3463 1114 3522 est
1136 3458 1220 3523 enim
1248 3456 1350 3522 adhuc
1373 3455 1492 3537 Lougc·

325 3568 451 3649 baudia3
476 3568 549 3634 dum
573 3575 685 3652 terror,
709 3590 802 3655 quern
825 3572 855 3637 ei
876 3572 1064 3655 incussistis,
1089 3573 1120 3637 in
1139 3572 1233 3638 corde
1249 3572 1316 3638 eius
1331 3574 1421 3637 visit.
1454 3569 1493 3635 ut

324 3685 448 3751 facilius
471 3685 603 3770 potestis
626 3704 697 3749 eurn
720 3684 840 3771 pugillo
862 3708 963 3773 aquae
983 3686 1186 3753 scintillulam
1208 3689 1290 3770 ignis
1312 3687 1492 3770 extinguere

326 3820 421 3884 quarn
448 3798 646 3866 flammarum
676 3800 804 3883 globum
831 3823 902 3870 eum
932 3824 1085 3888 aquarum
1119 3802 1343 3869 habundantia.
1384 3802 1491 3868 Venite

324 3917 432 4000 itaque
446 3916 539 3982 modo
552 3914 758 3997 confidentem
775 3911 936 4002 quoniam,
949 3920 1117 3985 adiuvante
1128 3918 1206 4001 Deo,
1223 3918 1400 4002 consilium,
1414 3914 1491 4002 quod

325 4030 443 4097 Romae
458 4036 491 4097 et
499 4030 674 4097 Mediolani
697 4036 808 4098 contra
822 4052 877 4098 uos
898 4038 1064 4117 tractatur,
1089 4040 1257 4119 antequam
1275 4034 1422 4100 fortiores
1444 4050 1490 4096 as·

398 4209 510 4253 aanB

398 4302 745 4358 1.18-23uarc.1112.
869 4306 895 4359 2.
919 4303 1074 4359 Iordanum.
1196 4306 1222 4358 3.
1247 4304 1291 4359 die
1312 4306 1324 4358 l
1346 4305 1402 4359 lan.
1417 4301 1488 4357 1112.

325 4386 352 4441 4.
370 4386 539 4445 Grossulsui.
