3142 4850
205 490 275 544 1103

164 561 314 609 debu-lun.

328 300 394 365 208
712 317 879 365 numeror
900 316 1028 366 conen
1065 301 1116 365 ris

329 477 434 542 Iesus:
458 476 537 554 »δι”
553 477 713 541 coelatum
734 499 799 541 noc
822 478 969 556 audient,
994 479 1036 542 sit
1050 477 1109 541 eibi
1128 479 1210 540 sien
1224 476 1360 540 eudemus
1388 488 1414 539 et
1432 497 1485 559 pu·

328 592 505 671 blicanuffl,
526 594 657 676 pravior
674 603 729 671 eet,
753 614 850 676 quom
871 594 902 655 ei
919 593 1030 676 gladic
1045 591 1210 676 feriretur,
1235 593 1265 653 u·
1277 592 1418 675 flammis
1438 589 1485 653 ud·

328 705 528 786 mmeretcrl,
562 709 593 771 si
611 707 699 790 fer-is
724 707 923 772 αώἰσενεευν.
965 706 1053 771 Nam
1079 707 1127 770 ibi
1155 726 1278 790 quoque
1306 704 1393 769 lesus
1423 704 1487 768 eud·

328 823 449 886 moed:
473 821 599 900 „Amen
613 824 684 886 dico
699 821 803 897 υοὸίες
826 843 908 906 quoe
922 821 1095 907 lipccerdtse
1117 824 1263 900 interra,
1288 821 1389 904 lepore
1410 830 1489 882 euml

330 949 360 1002 et
386 939 422 1000 in
450 936 536 1001 celo“
546 931 564 1015 ¹,
597 949 633 1002 us
658 937 898 1021 iuoeuipcretcr,
929 938 1015 1021 quod
1038 939 1171 1020 praeires
1198 938 1241 1000 eit
1266 937 1413 1020 perimo,
1442 936 1491 1018 pei

328 1052 414 1115 velun
438 1051 564 1116 relictus
588 1054 837 1141 adimpendens.
929 1049 982 1116 Sic
1004 1049 1161 1117 sententie
1183 1048 1326 1116 veritatis
1356 1047 1492 1133 exposite

330 1164 371 1230 sl)
384 1165 572 1248 Augustino,
596 1165 667 1250 quis
690 1165 816 1232 divinee
830 1165 988 1232 uindictae
1009 1165 1179 1230 humanam
1197 1163 1369 1229 vindictam
1393 1181 1493 1247 super·

331 1278 466 1365 ponet⁰l
500 1278 561 1357 Qui
581 1278 672 1346 illum
695 1281 910 1365 persequitur,
935 1300 1027 1364 quem
1047 1279 1133 1346 Deus
1156 1280 1327 1366 percussit,
1352 1284 1385 1343 et
1409 1296 1493 1362 super

330 1393 471 1460 dolorem
487 1394 651 1460 vulnerum
667 1394 728 1462 Dei
752 1391 867 1476 eddit¹,
891 1395 1006 1478 videet,
1030 1395 1106 1479 quid
1127 1395 1318 1480 imprecetur
1339 1393 1389 1458 illi
1406 1391 1493 1474 Deus,

331 1510 386 1594 qui
407 1509 589 1594 iniquitates
612 1515 645 1576 ct
666 1509 789 1576 doleres
813 1516 938 1578 nostros
967 1512 1001 1576 in
1023 1529 1159 1597 persons
1186 1509 1337 1576 dominici
1364 1507 1493 1574 hominis

331 1625 484 1711 porterit:
524 1624 679 1712 Appone‘
712 1629 911 1712 icipcdatem
947 1648 1042 1712 super
1074 1629 1272 1710 inipoicamm
1309 1619 1435 1690 eorum⁸
1468 1627 1495 1687 et

329 1739 461 1824 relique.

421 1854 455 1920 Si
484 1856 555 1940 quis
585 1875 643 1941 pro
672 1855 845 1941 apostolico
874 1855 974 1921 dicet:
1008 1855 1122 1920 merito
1151 1853 1406 1941 depopulandum
1436 1873 1497 1919 esse
1558 1945 1562 1952 1

332 1969 506 2052 ecclesium,
530 1971 581 2036 eui
594 1969 758 2036 incumbat
774 1971 1061 2036 exommunicatus
1078 1971 1254 2055 episcopus,
1272 1969 1379 2034 audiet
1398 1989 1498 2034 exem·

330 2084 436 2170 plum,
468 2085 503 2149 iu
539 2104 600 2168 quo
633 2104 729 2150 cause
762 2104 876 2151 musac
909 2092 941 2150 et
968 2104 1103 2170 persone
1135 2104 1288 2171 personne
1321 2083 1497 2168 respondet

331 2199 487 2285 Tempore
514 2199 610 2285 primi
632 2197 776 2282 Gregorii
799 2219 902 2286 pspee
930 2200 1076 2266 defuncto
1100 2198 1302 2266 Selenitsnee
1324 2199 1416 2266 urbis
1440 2199 1499 2285 epi·

331 2331 443 2399 scopo,
471 2333 543 2380 curn
564 2314 756 2381 decrevisset
778 2313 964 2400 Gregorius,
988 2321 1024 2382 nt
1045 2335 1103 2402 pro
1127 2334 1163 2380 eo
1187 2314 1352 2400 episcopus
1375 2314 1500 2380 ordino

330 2434 418 2495 retur
441 2429 631 2514 Honoratus,
654 2429 813 2497 Maximus
837 2431 975 2515 quidem,
1005 2430 1122 2497 auxilio
1145 2430 1292 2496 militaris
1314 2450 1431 2496 menne
1456 2430 1500 2494 in·

332 2545 449 2611 redens
471 2546 687 2631 episcopatum
711 2545 929 2613 Sslonitcnum
952 2551 984 2612 et
1006 2546 1044 2613 sb
1068 2546 1224 2631 episcopis
1247 2550 1501 2629 enumeremus

332 2658 483 2743 Gregorio
506 2662 795 2727 excommunicatus
819 2667 881 2743 est;
911 2666 1069 2727 ettamen
1094 2661 1207 2725 misses
1230 2659 1390 2727 celebrere
1413 2680 1500 2747 pree

330 2776 485 2843 sumebat.
527 2776 619 2842 Hunc
640 2775 812 2860 Gregorius
834 2797 898 2843 non
921 2776 991 2843 aliis
1014 2795 1108 2861 quem
1131 2774 1378 2842 sacerdotalibus
1408 2776 1501 2841 ermis

219 2926 223 2931 -
331 2890 501 2976 debellans,
523 2913 588 2958 non
610 2892 865 2977 superordinavit
886 2892 916 2959 ci
938 2891 1146 2973 Honoratum,
1172 2910 1236 2957 non
1259 2891 1383 2957 inmisit
1405 2890 1504 2958 secle-

330 3008 398 3073 siee
412 3012 637 3087 vastatorem·;
661 3008 718 3073 sed
739 3014 805 3073 tem
829 3008 883 3073 diu
906 3012 1087 3093 peccantem
1111 3006 1225 3089 arguit,
1250 3006 1349 3071 donee
1366 3007 1502 3092 septimo

331 3123 664 3205 excommunicationis
686 3124 753 3189 eius
776 3142 859 3188 enno
874 3122 1002 3189 tandem
1017 3122 1057 3187 ed
1073 3122 1196 3187 veniam
1220 3121 1388 3207 petendum
1405 3127 1503 3187 sttru-

330 3234 430 3303 heret.
463 3236 608 3322 Eumque
630 3238 868 3325 resipiscentem
890 3258 953 3304 non
975 3237 1183 3319 exordinavit,
1207 3256 1270 3303 non
1293 3236 1503 3316 corniearis

331 3351 388 3418 sed
410 3352 440 3417 ei
461 3352 494 3417 in
518 3354 654 3434 gretiam
676 3374 767 3420 suem
791 3358 927 3439 recepto,
952 3353 1035 3437 quod
1058 3353 1175 3435 deerat,
1198 3352 1272 3418 dcto
1294 3352 1505 3437 archiepisco·

330 3466 397 3553 peli
427 3466 524 3552 pellic
551 3465 734 3555 subplerit⁴.
794 3538 796 3543 ,
826 3469 905 3535 Cum
929 3488 1003 3551 ergo
1028 3467 1229 3533 Selenitnnec
1259 3486 1373 3533 csusee
1395 3467 1442 3533 sit
1464 3468 1506 3533 si-

330 3581 416 3648 milis
445 3601 541 3649 cause
568 3582 821 3669 Gemerceensis,
856 3604 912 3651 eur
941 3603 1074 3649 censure
1100 3582 1260 3675 Romanae
1289 3582 1444 3649 ecclesius
1473 3584 1504 3649 in

330 3696 429 3763 simili
450 3718 547 3765 censs
568 3700 669 3765 utitur
691 3700 837 3767 dissimili
860 3698 1038 3765 seumutie?

401 3890 421 3922 u
445 3875 470 3923 Si
485 3900 508 3907 -
522 3876 620 3922 audierit
635 3877 718 3923 ΜΒ.
779 3878 802 3923 b.
827 3879 980 3923 assumeretur
995 3874 1016 3922 V.
1080 3890 1099 3921 e.
1124 3877 1221 3934 snpoust
1235 3876 1257 3920 l'.
1320 3874 1343 3920 d.
1367 3876 1468 3935 ippone
1482 3898 1504 3907 -·

331 3955 437 4003 dissimili
454 3956 568 4002 metentis
582 3970 625 4003 cue.
636 3957 666 4013 B,
682 3956 724 4003 sbi
738 3956 846 4004 adimus
861 3964 907 4004 eet.-
923 3958 947 4003 et
963 3956 1057 4015 relique.
1136 3970 1157 4001 e.
1179 3956 1292 4001 restorem
1307 3955 1330 4001 Γ.

402 4052 427 4103 l.
445 4048 542 4104 deth.
554 4052 649 4119 18,18.
721 4054 746 4107 2.
765 4052 810 4107 Pe.
822 4052 864 4120 68,
875 4051 924 4105 ‘liz
945 4049 1102 4120 ,Quoniam
1116 4050 1241 4135 quemqtu
1255 4048 1424 4117 percussisti,
1444 4064 1507 4119 per

330 4138 518 4207 recensent,
542 4143 572 4192 et
594 4154 677 4208 super
694 4140 815 4195 dolorem
833 4140 976 4194 vulnerum
1000 4152 1121 4192 meorum
1143 4136 1339 4191 eddideruut“.
1412 4138 1440 4191 3.
1460 4138 1506 4191 Pu

330 4226 374 4294 68,
392 4226 440 4279 28:
465 4226 604 4295 ,Appone
628 4243 777 4283 -eorum
806 4233 839 4283 et
867 4242 932 4282 nou
959 4227 1089 4281 intrent
1118 4226 1151 4279 in
1178 4225 1349 4280 iustitiam
1375 4224 1505 4280 tusm“.

329 4312 357 4366 4.
375 4311 416 4367 ef.
429 4312 558 4369 Iohannis
574 4312 683 4371 diaconi
700 4316 760 4372 vite
776 4314 927 4385 Gregoriil
945 4328 1034 4384 pepee
1052 4314 1083 4369 L.
1097 4314 1136 4370 lv
1154 4329 1178 4368 c.
1191 4315 1208 4369 9
1221 4328 1291 4384 squ,
1310 4314 1380 4385 Opp.
1393 4312 1437 4369 ed.
1451 4314 1507 4369 Be-

330 4398 394 4455 ued„
407 4401 446 4457 lv
458 4403 511 4458 128
522 4417 564 4473 sq.
