3142 4850
310 263 375 330 164
668 279 834 329 uolumen
855 277 982 326 conns.
1017 273 1060 326 aa.
1074 273 1108 326 se

211 452 282 510 1094
308 441 403 524 atque
425 437 665 524 praecipientes,
688 442 725 504 ut
747 438 788 504 ad
811 436 989 504 evellendas
1013 435 1081 518 agri
1104 431 1253 500 dominici
1272 435 1379 498 sentes
1394 450 1481 497 conr-

201 526 290 574 ΝΜ
308 555 396 620 muni
419 552 550 620 consilio
580 558 611 620 et
640 552 758 619 auxilio
780 552 963 619 insudetis·.
1002 549 1097 616 Nulla
1118 566 1174 614 uos
1197 546 1407 614 dissimulatio
1431 566 1481 612 re-

307 669 428 752 trahat,
456 668 544 734 nulla
567 668 719 751 segniciae
741 667 911 753 impediat,
940 666 1017 750 quin
1038 665 1143 750 ipsum
1168 662 1209 728 ad
1230 661 1480 748 recuperandam

309 782 457 850 ecelesiae
480 803 555 849 suae
578 783 684 849 sedem
700 781 836 848 viriliter
859 781 1013 847 adiuvetis
1037 785 1069 847 et
1085 780 1115 847 ei
1129 778 1312 845 resistentes
1334 783 1402 843 tam
1418 775 1481 842 cle-

307 898 390 964 ricos
413 915 506 983 quarn
530 897 628 964 laicos
651 899 795 984 potentia
816 902 922 963 vestra
944 896 1109 963 cohercere
1131 895 1258 961 curetis.

397 1011 489 1078 lllum
512 1013 661 1080 nimirum
672 1009 690 1096 ¹,
715 1013 769 1098 qui
792 1033 827 1079 se
849 1013 884 1102 in
906 1010 1195 1080 Halberstatensem
1220 1007 1385 1076 ecelesiam
1406 1011 1482 1092 post

309 1127 493 1194 canonicam
521 1123 614 1195 huius
642 1128 827 1195 electionem
858 1131 1119 1214 praesumptuose
1141 1145 1179 1192 ao
1199 1125 1410 1190 irreverenter
1431 1121 1482 1186 in·

308 1241 422 1326 gessit,
451 1263 508 1308 nos
539 1264 609 1309 eum
638 1264 696 1330 pro
725 1263 879 1330 personae
906 1241 1079 1308 inutilitate
1106 1245 1175 1306 tum
1204 1239 1354 1306 aeclesiae
1379 1237 1482 1323 ipsius

308 1359 495 1424 necessitate
519 1358 558 1424 ab
581 1360 789 1445 usurpatione
809 1357 951 1425 indebito
973 1377 1031 1443 per
1053 1356 1230 1442 praesentis
1252 1353 1371 1420 decreti
1389 1352 1483 1438 pagi·

309 1492 383 1538 uam
411 1478 661 1558 sequestramus3
691 1479 722 1540 et
749 1493 872 1557 omnes,
900 1473 954 1557 qui
977 1473 1007 1538 ei
1029 1475 1227 1538 sacramento
1250 1470 1374 1535 astricti
1395 1471 1482 1550 sunt,

310 1592 460 1673 quantum
485 1588 526 1654 ad
549 1588 749 1675 episcopatus
772 1589 934 1672 honorem,
957 1586 1117 1654 avincula
1132 1586 1233 1673 ipsius
1247 1583 1410 1652 fidelitatis
1426 1581 1483 1650 ab·

310 1702 470 1770 solvimus.

398 1817 434 1884 ln
456 1818 520 1885 illis
543 1839 618 1886 sane
638 1795 825 1906 parrochiis,
848 1819 902 1886 ubi
918 1817 1065 1885 catholici
1079 1838 1142 1884 non
1157 1816 1312 1883 habentur
1328 1813 1481 1899 episcopi,

310 1933 435 2016 siquid
458 1953 498 2000 ex
520 1933 786 2000 habundantiorib
809 1933 1001 2020 apostolieae
1022 1933 1145 2017 gratiae
1168 1937 1200 1998 et
1220 1935 1349 1996 nostrae
1372 1933 1484 1994 aucto-

309 2045 414 2112 ritatis
444 2047 639 2133 plenitudine
662 2050 869 2136 disposuerit,
897 2054 1002 2115 ratum
1024 2048 1189 2129 habetote;
1216 2046 1322 2132 ipsum
1345 2050 1379 2112 et
1399 2043 1483 2110 diri·

310 2180 422 2228 norum
445 2167 478 2228 et
500 2162 686 2232 secularium
709 2165 912 2248 negociorum
935 2162 1075 2232 consiliis
1097 2162 1215 2230 socium
1239 2160 1395 2228 adhibete
1435 2158 1484 2226 lta

311 2277 395 2344 cirea
416 2297 487 2344 eum
509 2297 566 2344 vos
589 2278 622 2344 in
646 2280 792 2348 omnibus
815 2280 908 2364 agite,
932 2284 968 2345 ut
991 2283 1024 2344 et
1044 2298 1101 2346 uos
1124 2297 1182 2364 pro
1204 2297 1241 2344 eo
1256 2276 1346 2343 vobis
1361 2275 1484 2360 gratias

311 2390 480 2460 debeamus
508 2399 540 2461 et
567 2392 738 2461 catholicae
761 2395 905 2463 veritatis
933 2394 1040 2463 lumen
1069 2394 1311 2479 circumquaque
1339 2390 1484 2477 resplen-

312 2507 392 2573 deat
483 2508 729 2578 Fraternitatem
757 2516 895 2578 veebum
926 2530 1065 2595 superna
1091 2508 1231 2592 dignatio
1259 2528 1317 2595 per
1338 2512 1486 2593 tempora

310 2621 410 2689 multa
432 2629 537 2691 servet
558 2624 756 2692 incolomem.
796 2624 881 2693 Data
902 2599 1021 2693 Romae
1045 2626 1065 2690 8
1089 2623 1163 2691 Idus
1185 2623 1277 2691 Febr.

313 2832 374 2905 83.
406 2836 550 2903 Urbanas
567 2838 610 2905 II
632 2862 722 2926 papa
745 2839 1054 2905 Halteratateasidaa
1076 2837 1281 2903 Recensum
1303 2838 1486 2924 episcopam

400 2977 421 3017 a
442 2975 507 3018 aare
530 2967 743 3021 consecratum
765 2956 967 3019 commendat.
1003 2953 1204 3019 Fnitertoum
1225 2954 1371 3019 aerledus
1391 2956 1485 3017 iasu-

400 3088 501 3133 aorem
523 3070 700 3154 repudiat
1347 3066 1387 3148 (E
1408 3066 1485 3147 180)

206 3208 276 3263 1094
400 3196 546 3265 Urbanus
569 3200 734 3286 episcopus
757 3220 867 3268 servus
889 3186 1053 3268 servorum
1075 3200 1138 3268 Dei
1158 3200 1281 3268 dilectis
1302 3198 1378 3266 liliis
1400 3198 1484 3267 dero

185 3278 294 3339 OE⁰b¹'⁶'
312 3316 345 3378 et
365 3312 481 3398 populo
497 3313 768 3382 Halberstatensid
791 3316 927 3385 salutem
949 3320 981 3383 et
995 3316 1201 3402 apostolicam
1224 3314 1484 3384 benedictionem.

401 3426 473 3493 Nou
500 3430 616 3512 exigua
638 3429 749 3498 salutis
772 3437 897 3499 vestrae
918 3433 1041 3499 iactura
1063 3432 1285 3518 perpenditur,
1311 3431 1396 3515 quod
1418 3436 1485 3497 taur

313 3542 368 3609 diu
395 3543 526 3611 ecclesia
553 3550 660 3612 vestra
688 3547 826 3632 pastoris
854 3551 918 3612 ost·
947 3546 1059 3613 solatio
1089 3548 1248 3613 destituta.
1289 3545 1485 3613 Venerabilis

313 3658 468 3743 siquidem
483 3659 582 3726 irater
597 3666 703 3728 noster
718 3660 943 3742 Htorraudusl‘
959 3662 1013 3747 qui
1031 3667 1064 3729 et
1079 3661 1267 3748 Stephanus,
1290 3682 1385 3747 quem
1400 3681 1485 3728 com·

313 3774 402 3840 muni
430 3786 603 3843 consensu⁸
630 3776 802 3843 secundum
831 3780 1012 3843 sanctorum
1035 3796 1191 3843 canonum
1213 3777 1294 3844 scita
1319 3777 1352 3843 in
1379 3777 1486 3863 ponfi-

313 3886 403 3955 lioem
425 3889 516 3956 vobis
540 3890 734 3976 elegeratisl,
764 3892 1014 3958 scismaticorum
1036 3892 1069 3956 vi
1090 3898 1237 3975 cogente,
1264 3894 1382 3977 partim
1405 3891 1485 3958 dolis

314 4008 347 4071 et
373 4002 539 4072 blandiciis
568 4005 687 4092 partim
714 4006 890 4075 terroribus
918 4011 951 4073 et
978 4005 1073 4071 minis
1102 4013 1249 4076 anostra
1277 4012 1328 4075 est
1353 4006 1485 4073 ecclesia

383 4141 405 4173 a.
427 4128 560 4176 insudamus
573 4128 617 4177 Vs.
690 4130 712 4176 b.
735 4128 898 4177 bubundaciori
911 4131 935 4176 V.
1006 4142 1027 4174 c.
1050 4143 1081 4175 aa
1094 4129 1116 4175 V
1127 4132 1259 4186 aso-st,
1276 4130 1299 4177 Ζ
1306 4146 1334 4191 p.
1342 4132 1388 4176 175
1392 4128 1484 4183 -Jld,

319 4204 488 4254 Geso-50.
587 4208 610 4254 d
633 4206 814 4255 Hulboratatansi
830 4210 857 4255 G.
951 4223 970 4255 e.
991 4223 1034 4255 ona
1047 4208 1074 4255 θ.
1172 4210 1188 4256 l.
1212 4209 1240 4256 Η,
1257 4211 1297 4270 qui
1317 4212 1341 4255 et
1356 4209 1484 4268 Stephanus

314 4297 357 4330 ora
371 4283 415 4331 ΡΖ.
500 4298 522 4343 g.
546 4299 642 4334 meeum
657 4286 684 4333 θ.
769 4286 794 4334 h.
817 4287 932 4347 eligeritis
945 4288 969 4335 V.

386 4361 411 4415 1.
430 4360 623 4419 ibidedeuml
641 4364 802 4435 episcopum
818 4364 1080 4423 Helberstateussm.
