3142 4850
388 299 576 349 serenorum
598 298 878 350 nemausenses.
914 300 932 351 a
1180 286 1248 352 4⁷3

166 458 230 525 Diu
251 464 285 526 et
309 459 443 526 muitum
472 461 629 545 quesitus,
658 459 784 528 domine
806 462 867 544 mi,
896 467 1006 548 patere
1033 462 1161 529 tandmu
1190 462 1248 529 ali-
1306 480 1372 535 1007

89 575 218 662 quando:
239 576 305 642 iam
328 580 360 643 te
380 576 529 642 inveniri.
1263 554 1407 612 ΜΝ

166 690 281 759 Nescio
304 709 365 777 quo
387 690 561 757 infortunio
582 712 663 775 meo,
687 692 832 778 quotiens
854 692 888 759 in
903 692 966 759 ista
982 696 1139 759 terrarum
1154 712 1249 760 vene-

88 817 175 892 ram·,
197 828 279 893 quae
292 807 478 891 longissima
492 813 528 873 tn
542 806 745 894 peragrabas,
769 808 836 875 eii*
856 828 991 894 semper,
1010 808 1086 874 dum
1100 809 1134 875 in
1150 808 1250 875 alters

87 924 152 1009 ripa
170 920 326 989 fluminis¹
353 929 385 989 te
410 924 596 989 nunciatum
623 938 756 1007 queem,
782 924 849 990 iem
872 924 1015 991 transisti
1038 922 1072 989 in
1101 923 1248 1007 alteram

86 1058 288 1124 nequaquam,
311 1043 349 1104 nt
370 1038 477 1105 saltim
498 1038 614 1105 litteris
629 1042 662 1104 te
678 1040 875 1122 conveniam,
898 1040 1143 1126 oportunitatem
1160 1040 1249 1106 daus.

87 1153 187 1220 iacent
208 1153 312 1220 adhue
333 1153 366 1220 in
390 1153 515 1220 somniis
538 1154 618 1220 meis
635 1152 762 1220 litterae
783 1160 956 1241 torpentes,
978 1154 1175 1221 iamdudum
1192 1155 1250 1222 tibi

86 1269 234 1351 directae;
257 1288 337 1355 quas
351 1268 474 1352 legatus
488 1288 588 1352 meus,
612 1270 781 1355 postridie·
798 1290 969 1361 regressus,
985 1276 1017 1337 te
1032 1292 1094 1339 nou
1110 1272 1250 1356 invento,

84 1386 199 1451 flustra
220 1406 255 1451 se
277 1386 437 1472 accepisse
458 1390 593 1452 testatus
615 1389 673 1450 est

168 1500 325 1568 Hebersm
347 1506 470 1585 tamen,
494 1501 522 1567 ei
537 1500 697 1584 auderem,
719 1500 859 1586 piurima
873 1500 931 1568 tibi
952 1520 1133 1585 suggerere:
1159 1506 1190 1569 st
1212 1502 1252 1569 de

82 1618 142 1685 ista
163 1617 374 1684 commotione
394 1636 503 1683 rerum
523 1622 661 1700 tuarum,
684 1636 748 1701 qua
768 1622 801 1683 te
823 1618 908 1683 ultra
930 1636 1024 1702 qnam
1040 1618 1125 1684 credi
1144 1623 1252 1705 posset

81 1734 299 1821 perturbatum
322 1733 441 1816 sento,
470 1750 509 1797 ac
530 1730 571 1798 de
591 1736 702 1798 nostra
724 1733 820 1799 etiam
840 1768 880 1779 —
905 1752 982 1818 qnos
1005 1732 1080 1817 tibi,
1109 1732 1251 1799 infirmas

81 1870 130 1917 res
157 1850 283 1916 nostae
308 1849 377 1915 Dec
404 1846 542 1914 donanto
567 1849 753 1932 miseratus,
788 1848 821 1913 in
850 1848 1060 1934 patrocinium
1083 1849 1251 1915 vindicasti

82 2000 121 2013 --
137 1966 329 2033 defensione.
420 1964 465 2031 Te
488 1969 592 2031 autem
609 1964 707 2048 salvo,
729 1984 782 2031 res
799 1970 926 2031 nostras
949 1964 982 2030 in
1004 1970 1099 2051 portu
1122 1966 1251 2048 naviga·

82 2081 165 2148 bunt.
201 2081 366 2165 Quocirca,
389 2080 529 2146 dimissis
552 2077 679 2145 interim
695 2081 824 2163 nostris,
847 2078 941 2147 rebus
959 2080 1033 2165 tuis,
1057 2081 1252 2165 quodmodo

80 2200 181 2281 magis
204 2198 333 2284 premit,
356 2196 383 2262 si
405 2195 627 2280 aliquomodo
649 2196 768 2261 mederi
792 2196 903 2282 possit,
926 2196 1154 2281 invigilandum
1179 2202 1236 2263 est.

167 2314 372 2380 Adiutorium
396 2317 538 2379 nostrum
555 2331 574 2377 s
589 2310 736 2396 Domino,
760 2312 814 2397 qui
828 2312 904 2378 fecit
918 2312 1040 2378 caelum
1056 2316 1089 2379 et
1105 2306 1251 2377 terram'.

80 2429 159 2508 Quid
183 2436 235 2497 est
255 2431 330 2513 hoe,
353 2430 481 2496 domine
501 2429 562 2511 mi,
590 2427 673 2513 quod
695 2432 784 2494 tanto
808 2433 839 2496 te
862 2449 985 2496 merore
1013 2427 1132 2495 afficis?
1171 2427 1253 2507 Quid

78 2547 213 2630 mntigit
234 2546 310 2631 tibi,
339 2546 422 2612 unde
442 2551 590 2630 torquere
612 2549 644 2610 te
666 2543 804 2610 babeas?
842 2545 977 2612 Etiamsi
999 2545 1109 2631 pericli
1134 2543 1252 2628 aliquid

79 2660 168 2748 foret,
194 2666 281 2728 esset
301 2668 408 2729 tamen
430 2661 611 2742 ferendum
636 2659 710 2745 quis

506 2777 608 2843 levius
631 2773 667 2841 tt
689 2775 853 2862 patientia,

402 2891 556 2977 Quicquid
580 2892 737 2975 corrigere
759 2895 809 2958 est
829 2885 945 2956 neiss⁸.

79 3008 164 3076 Istud
181 3029 271 3092 vero,
294 3009 378 3074 unde
399 3027 484 3075 nuuc
506 3015 538 3075 te
561 3007 686 3093 affligis,
709 3009 737 3073 si
759 3006 942 3091 diligentius
965 3005 1082 3072 intueri
1103 3005 1163 3090 vis,
1186 3005 1254 3072 Deo

80 3126 236 3213 propicio,
260 3123 344 3190 uude
360 3125 429 3190 iure
450 3125 599 3208 gaudeas,
622 3144 686 3190 non
700 3122 880 3190 dehabebis.
961 3122 1009 3188 Tu
1025 3125 1141 3207 autem,
1164 3123 1255 3207 quasi

14 3287 27 3304 .
82 3241 201 3328 aiiquid
225 3239 440 3327 insuperabile
463 3239 520 3306 tibi
544 3240 694 3322 evenerit,
717 3259 785 3305 rem
808 3244 895 3305 tuam
915 3243 979 3305 tam
998 3238 1156 3306 enerviter
1172 3243 1255 3305 trac-

80 3364 143 3425 tes:
167 3359 204 3426 in
221 3361 411 3424 conventum
432 3357 567 3421 fratrum
583 3351 727 3422 tuornm⁴
749 3355 858 3424 venire
880 3373 1023 3436 recusas3
1047 3373 1117 3421 cum
1142 3355 1255 3440 quibus

80 3473 284 3542 incommoda
307 3479 363 3540 tua
383 3473 526 3540 evincere
540 3471 703 3556 debueras,
726 3471 826 3555 iugis3
850 3489 996 3554 magnam
1022 3469 1079 3537 tibi
1103 3471 1255 3538 iuvidiam

81 3589 215 3671 conflas3
240 3594 443 3676 conspectum
465 3585 577 3672 regis‘,
604 3589 693 3673 quasi
716 3586 836 3673 aliquid
858 3587 892 3652 in
915 3606 950 3653 ss
972 3587 1178 3670 commiseris,
1201 3588 1256 3654 da-

81 3707 171 3773 vitae.
268 3704 349 3783 Quid
372 3709 422 3770 est
449 3703 526 3788 boc,
556 3705 639 3789 quod
661 3702 720 3771 tibi
741 3703 907 3790 importas?
945 3701 1006 3768 Ubi
1029 3707 1078 3769 est
1099 3702 1257 3789 sapientia

81 3820 144 3906 illa,
169 3841 270 3908 quam
292 3821 325 3886 in
347 3825 381 3887 te
396 3819 515 3885 dudum
538 3821 616 3887 satis
633 3825 724 3887 acute
739 3817 889 3903 vigilasse
903 3817 1146 3905 conspeximus?
1180 3818 1255 3902 Ista,

82 3957 161 4022 quae
191 3943 230 4002 tu
258 3936 351 4020 tacis,
382 3955 447 4002 nou
469 3934 616 4003 videntur
639 3954 708 4002 esse
729 3935 889 4019 vigilantis
919 3934 974 4000 sed
1002 3935 1092 4017 gravi
1120 3932 1255 4018 quodam

83 4073 196 4140 sopore
220 4050 374 4139 depressi,
397 4071 460 4118 non
483 4051 568 4118 clare
582 4051 719 4118 videntis
741 4051 799 4118 sed
820 4051 899 4116 durs
920 4048 1094 4136 lippientis.
1132 4047 1257 4135 Exper-

154 4237 176 4270 s.
200 4235 309 4268 veneram
325 4220 412 4282 scripsi
423 4235 564 4282 messuere
578 4235 597 4268 e.
659 4221 682 4266 b.
705 4221 737 4266 si!
753 4219 840 4281 scripsi
852 4233 899 4280 pro
915 4221 939 4266 st
955 4233 973 4266 e.
1041 4232 1061 4264 c.
1084 4218 1221 4277 posttridie
1237 4231 1256 4265 e.

153 4329 179 4381 1.
200 4326 302 4382 bioeni.
428 4327 453 4380 2.
477 4325 523 4380 Pe.
536 4325 601 4394 123,
621 4325 647 4379 8.
771 4325 798 4379 3.
820 4323 926 4380 Horatii
944 4321 1035 4378 carm.
1053 4321 1066 4377 1
1085 4321 1132 4392 24,
1153 4323 1194 4378 19.
1213 4323 1256 4378 20.

83 4413 108 4470 4.
133 4414 180 4472 die
201 4417 215 4470 1
238 4413 307 4470 Nov.
324 4415 394 4472 100³!
411 4412 583 4472 Francofurti
601 4411 733 4470 bobinum.
841 4413 867 4469 b.
889 4411 1010 4468 Heinrioi
1027 4410 1063 4467 11.
