3142 4850
352 328 541 381 amandata
562 331 841 381 amandandus.
877 328 932 383 aa
1159 315 1226 380 4⁷9

70 492 113 555 eat
130 490 192 555 vita
215 489 354 560 hnmana
375 508 472 576 anper
498 494 628 557 tamam.
668 488 739 556 Non
762 496 812 557 aei
833 486 943 575 homo,
973 493 1114 576 quinon
1137 490 1226 558 bibat
1279 504 1350 561 1007

69 602 103 669 de
120 603 212 671 calice
231 606 305 673 icto.
343 604 515 674 convertat
535 603 623 671 Deua
644 604 764 671 luctum
786 612 877 673 tunm
901 606 934 671 iu
957 607 1105 688 gaudium
1116 603 1133 671 ¹.
1239 578 1384 638 ‘mmm

145 716 244 785 Nimia
259 726 420 804 angustat,
443 719 527 804 qaod
542 726 609 786 tam
624 718 742 787 dudum
758 726 817 804 eat,
842 722 925 805 quod
939 727 971 787 te
987 740 1045 788 nec
1063 722 1224 787 audieram

68 851 118 899 aee
130 833 276 901 uideram.
311 834 386 903 Ideo
399 836 512 902 uellem
530 834 648 920 aliquid
664 836 774 902 andire
790 842 927 919 tuorum,
948 836 1015 903 aive
1031 856 1088 923 per
1101 836 1224 903 litteras

68 948 126 1015 aiva
149 970 205 1037 par
227 951 332 1017 vivam
353 970 474 1017 vocam.
515 949 579 1017 Sed
601 952 645 1017 ait
672 950 828 1019 arbitratu
856 956 920 1019 tuo.
962 951 1046 1018 Satis
1074 970 1224 1038 open-canc

67 1082 111 1146 aa3
131 1084 192 1132 non
214 1066 315 1133 audeo
337 1066 440 1151 magia
461 1072 494 1133 te
515 1064 698 1150 defatigare.

67 1388 97 1461 a.
122 1393 288 1461 naiaco
311 1394 457 1461 eccene
479 1394 516 1463 a.
531 1395 625 1462 aaa
643 1396 941 1481 numqaum

142 1524 236 1592 Anno
257 1526 414 1595 dominice
435 1526 665 1595 incarnacionis
690 1527 776 1593 1012
800 1527 968 1595 Heinricua
991 1526 1145 1593 secundus
1167 1546 1225 1593 rex
1253 1540 1323 1625 lala

63 1639 333 1709 ebriatianiauimna
353 1642 388 1709 in
411 1642 480 1709 loco
500 1640 687 1725 Babenbeiu
708 1642 808 1727 dicto,
839 1660 931 1729 qnam
957 1642 1133 1728 inspirante
1156 1640 1225 1708 Deo
1242 1613 1321 1661 Μ

61 1755 176 1840 pridem
198 1757 241 1823 ad
263 1757 479 1844 episcopatum
502 1758 605 1825 erexit
625 1757 774 1842 omniqua
791 1762 928 1825 terrena
952 1758 1102 1825 facultate
1126 1757 1224 1824 abun-

62 1869 165 1937 danter
186 1872 312 1956 ditavit,
334 1873 564 1941 dedicationem
587 1872 656 1941 fieti
680 1873 810 1941 eceleaio
825 1874 952 1955 statuit3
975 1873 1025 1939 cui
1041 1874 1109 1959 ipse
1127 1872 1225 1941 inter·

59 1985 116 2052 init
135 2007 207 2053 enm
230 1988 393 2073 omnium,
420 2010 499 2075 quoa
521 1990 675 2056 advocare
697 1990 810 2075 potuit
845 1988 945 2073 Igitur
968 1990 988 2057 2
1009 1988 1090 2054 Non.
1107 1986 1184 2055 Maii
1206 2008 1226 2055 a

61 2102 264 2187 quadraginta
292 2104 431 2190 quinque
459 2105 616 2192 episcopia
641 2106 752 2174 eadem
775 2105 931 2171 dedicatio
959 2104 1018 2171 hoc
1044 2104 1154 2172 ordine
1177 2108 1227 2171 eet

59 2216 219 2285 celebrata

140 2334 254 2401 Altera
275 2334 485 2419 omidentala‚
514 2336 598 2421 qnod
624 2336 657 2401 in
681 2335 790 2402 eadem
814 2335 946 2403 ecclesia
969 2336 1155 2422 precipuum
1178 2338 1227 2401 eat

60 2451 89 2514 et
107 2450 299 2538 principale,
326 2451 523 2518 conaecravit
544 2451 734 2518 venerabilia
755 2452 976 2537 Eberhardna,
1000 2453 1120 2538 piimna
1143 2451 1225 2520 eiua·

59 2563 124 2630 dam
146 2568 233 2634 aadia
257 2568 439 2653 episcopua,
462 2568 497 2634 in
518 2567 671 2635 honorem
692 2573 802 2636 annoto
824 2575 856 2636 et
876 2567 1038 2635 individue
1061 2565 1225 2634 Trinitatis

58 2698 92 2746 ac
112 2688 220 2749 sancte
244 2687 277 2748 et
291 2683 549 2752 victorioaiaaime
571 2683 673 2754 crucia
688 2689 721 2750 et
735 2685 769 2750 in
788 2683 937 2752 honoram
955 2687 1134 2750 canotomm
1150 2701 1226 2768 apo·

58 2795 205 2864 dolorum
228 2795 317 2864 Petri
339 2805 373 2865 et
393 2797 484 2864 Pauli
512 2799 716 2884 omniumque
744 2799 960 2885 apostolorum
986 2801 1019 2864 et
1047 2797 1147 2863 sancti
1170 2795 1225 2864 Ki-

57 2907 129 2978 lini
150 2914 372 2998 aociorumqne
395 2915 473 2980 eina.
511 2914 655 2998 Reliquia
684 2920 789 2981 antem
812 2916 847 2980 in
869 2914 979 2980 codem
1003 2913 1095 2982 altari
1124 2914 1228 2998 posite

58 3033 140 3093 aaut:
164 3029 205 3096 de
228 3033 341 3096 catam
362 3030 464 3096 sancti
478 3027 576 3114 Petri,
599 3029 639 3096 de
660 3031 815 3114 sanguine
837 3030 937 3096 sancti
960 3028 1051 3095 Pauli
1075 3027 1224 3114 apostoli3

58 3149 297 3229 sucorumque
319 3145 533 3232 apostolorum
548 3144 695 3230 reliquie:
718 3145 867 3212 lohanniu
886 3143 1021 3232 apostoli
1043 3147 1076 3212 et
1092 3163 1228 3227 euange-

58 3253 137 3344 liate,
161 3259 287 3344 lucebi,
309 3261 452 3344 andrea,
476 3261 610 3344 Thema,
637 3259 777 3348 Philippi
800 3267 833 3328 et
853 3261 972 3344 Iacchi,
1002 3259 1226 3343 Bartholomai,

58 3369 212 3458 Barnabe3
238 3375 279 3442 de
300 3377 428 3443 andario
442 3375 583 3460 Domini,
606 3376 646 3442 da
668 3375 835 3462 sepulchro
850 3375 989 3460 Domini,
1013 3373 1052 3442 de
1075 3373 1227 3442 sandaliis

57 3485 197 3576 Domini,
228 3493 269 3558 de
290 3491 376 3576 ligno
399 3491 545 3576 Domini,
572 3491 613 3557 de
635 3492 789 3574 sanguine
811 3491 956 3573 Domini;
987 3497 1020 3557 et
1041 3511 1081 3558 cx
1103 3491 1228 3574 integro

58 3621 185 3693 corpora
208 3612 390 3674 sanetomm
406 3605 466 3674 Gai
486 3627 571 3694 pape
585 3613 618 3674 et
631 3607 770 3673 Ermetia
786 3607 943 3690 martiria3
967 3605 1099 3692 reliquie
1114 3606 1227 3672 Ooame

59 3724 87 3786 ct
106 3730 203 3810 capnt
225 3723 386 3790 Damiani.

139 3837 301 3906 Dextrum
328 3838 429 3904 altare
456 3838 658 3905 occidentalia
685 3837 797 3904 altaria
826 3838 1022 3905 consecravit
1049 3836 1227 3904 venerande

58 3955 205 4022 memoria
221 3953 410 4022 Heribartna
424 3953 622 4021 colomenaia
644 3953 900 4040 archiepiscopus
914 3953 947 4030 in
970 3953 1120 4019 honorem
1136 3971 1228 4018 eane

123 4180 143 4213 a
166 4166 292 4228 Ducripai
308 4167 413 4228 paduana
433 4180 495 4214 uano
511 4167 577 4214 1859
595 4165 683 4214 iterum
702 4181 766 4214 cauo
782 4167 846 4212 18⁶7
867 4181 896 4212 aa
916 4163 1227 4226 concatenatarum

59 4241 147 4292 RH]
160 4249 204 4302 15,
229 4245 356 4293 membran
372 4243 514 4306 panitariam
537 4261 598 4293 auec.
613 4246 675 4292 XIV
691 4245 832 4302 maciacum,
857 4245 882 4292 iu
903 4259 948 4306 qao
970 4243 1027 4291 haec
1050 4243 1135 4292 relatio
1155 4258 1227 4290 muna

59 4324 174 4372 aaz?
185 4325 304 4372 calicem
318 4331 360 4372 cat
384 4323 457 4372 m
472 4324 499 4372 ia
514 4325 579 4372 Mea
591 4323 668 4372 Germ
680 4326 725 4372 88.
736 4325 809 4371 XVII
823 4325 881 4372 685.

126 4431 151 4484 1.
168 4406 272 4485 aanor
289 4431 332 4500 13,
352 4431 394 4484 ιτ.
