<?xml version="1.0" encoding="UTF-8"?>
<!DOCTYPE html PUBLIC "-//W3C//DTD XHTML 1.0 Transitional//EN"
    "http://www.w3.org/TR/xhtml1/DTD/xhtml1-transitional.dtd">
<html xmlns="http://www.w3.org/1999/xhtml" xml:lang="en" lang="en">
 <head>
  <title>
</title>
<meta http-equiv="Content-Type" content="text/html;charset=utf-8" />
  <meta name='ocr-system' content='tesseract 3.04.00' />
  <meta name='ocr-capabilities' content='ocr_page ocr_carea ocr_par ocr_line ocrx_word'/>
</head>
<body>
  <div class='ocr_page' id='page_1' title='image "./bibliothecareru06jaffgoog_0616.png"; bbox 0 0 3142 4850; ppageno 0'>
   <div class='ocr_carea' id='block_1_1' title="bbox 347 333 1254 399">
    <p class='ocr_par' dir='ltr' id='par_1_1' title="bbox 347 333 1254 399">
     <span class='ocr_line' id='line_1_1' title="bbox 347 333 1254 399; baseline 0.004 -5"><span class='ocrx_word' id='word_1_1' title='bbox 347 347 470 395; x_wconf 86' lang='lat' dir='ltr'>ssoms</span> <span class='ocrx_word' id='word_1_2' title='bbox 493 349 573 396; x_wconf 73' lang='lat' dir='ltr'>vrrs</span> <span class='ocrx_word' id='word_1_3' title='bbox 595 348 753 397; x_wconf 85' lang='lat' dir='ltr'>orroms.</span> <span class='ocrx_word' id='word_1_4' title='bbox 789 350 885 396; x_wconf 79' lang='lat' dir='ltr'>nmr</span> <span class='ocrx_word' id='word_1_5' title='bbox 908 348 950 398; x_wconf 89' lang='lat'>11.</span> <span class='ocrx_word' id='word_1_6' title='bbox 965 347 998 399; x_wconf 80' lang='lat'>12</span> <span class='ocrx_word' id='word_1_7' title='bbox 1191 333 1254 398; x_wconf 87' lang='lat' dir='ltr'>oo1</span> 
     </span>
    </p>
   </div>
   <div class='ocr_carea' id='block_1_2' title="bbox 82 507 1370 4064">
    <p class='ocr_par' dir='ltr' id='par_1_2' title="bbox 84 507 1346 2448">
     <span class='ocr_line' id='line_1_2' title="bbox 90 507 1346 595; baseline 0.002 -21"><span class='ocrx_word' id='word_1_8' title='bbox 90 507 152 574; x_wconf 89' lang='lat' dir='ltr'>tula</span> <span class='ocrx_word' id='word_1_9' title='bbox 174 507 354 593; x_wconf 82' lang='lat' dir='ltr'>symoniace</span> <span class='ocrx_word' id='word_1_10' title='bbox 377 507 523 574; x_wconf 75' lang='lat' dir='ltr'>hereseos</span> <span class='ocrx_word' id='word_1_11' title='bbox 546 509 658 575; x_wconf 81' lang='lat' dir='ltr'>umbre</span> <span class='ocrx_word' id='word_1_12' title='bbox 680 530 714 576; x_wconf 90' lang='lat' dir='ltr'>se</span> <span class='ocrx_word' id='word_1_13' title='bbox 741 529 938 595; x_wconf 88' lang='lat' dir='ltr'>respersum,</span> <span class='ocrx_word' id='word_1_14' title='bbox 969 510 1045 593; x_wconf 89' lang='lat' dir='ltr'>quia</span> <span class='ocrx_word' id='word_1_15' title='bbox 1066 513 1155 576; x_wconf 86' lang='lat' dir='ltr'>tanto</span> <span class='ocrx_word' id='word_1_16' title='bbox 1177 515 1346 578; x_wconf 77' lang='lat' dir='ltr'>tem-1106</span> 
     </span>
     <span class='ocr_line' id='line_1_3' title="bbox 89 623 1257 710; baseline 0.002 -21"><span class='ocrx_word' id='word_1_17' title='bbox 89 624 217 710; x_wconf 84' lang='lat' dir='ltr'>porciu</span> <span class='ocrx_word' id='word_1_18' title='bbox 240 629 328 689; x_wconf 91' lang='lat' dir='ltr'>curte</span> <span class='ocrx_word' id='word_1_19' title='bbox 356 624 445 707; x_wconf 84' lang='lat' dir='ltr'>regia</span> <span class='ocrx_word' id='word_1_20' title='bbox 471 623 556 690; x_wconf 85' lang='lat' dir='ltr'>fideli</span> <span class='ocrx_word' id='word_1_21' title='bbox 580 625 756 692; x_wconf 86' lang='lat' dir='ltr'>ministerio</span> <span class='ocrx_word' id='word_1_22' title='bbox 780 626 1002 691; x_wconf 75' lang='lat' dir='ltr'>desudaverat:</span> <span class='ocrx_word' id='word_1_23' title='bbox 1030 644 1071 691; x_wconf 90' lang='lat' dir='ltr'>ne</span> <span class='ocrx_word' id='word_1_24' title='bbox 1093 625 1174 691; x_wconf 86' lang='lat' dir='ltr'>forte</span> <span class='ocrx_word' id='word_1_25' title='bbox 1197 625 1257 691; x_wconf 90' lang='lat' dir='ltr'>im-</span> 
     </span>
     <span class='ocr_line' id='line_1_4' title="bbox 89 739 1258 828; baseline 0.003 -24"><span class='ocrx_word' id='word_1_26' title='bbox 89 744 213 826; x_wconf 90' lang='lat' dir='ltr'>perator</span> <span class='ocrx_word' id='word_1_27' title='bbox 241 759 299 824; x_wconf 90' lang='lat' dir='ltr'>pro</span> <span class='ocrx_word' id='word_1_28' title='bbox 328 739 471 806; x_wconf 78' lang='lat' dir='ltr'>mercede</span> <span class='ocrx_word' id='word_1_29' title='bbox 501 740 640 807; x_wconf 87' lang='lat' dir='ltr'>eiusdem</span> <span class='ocrx_word' id='word_1_30' title='bbox 671 741 796 807; x_wconf 85' lang='lat' dir='ltr'>servicii</span> <span class='ocrx_word' id='word_1_31' title='bbox 824 739 1025 828; x_wconf 86' lang='lat' dir='ltr'>pontificatus</span> <span class='ocrx_word' id='word_1_32' title='bbox 1054 760 1127 806; x_wconf 92' lang='lat' dir='ltr'>eum</span> <span class='ocrx_word' id='word_1_33' title='bbox 1156 740 1258 807; x_wconf 86' lang='lat' dir='ltr'>infula</span> 
     </span>
     <span class='ocr_line' id='line_1_5' title="bbox 89 853 1257 944; baseline 0.002 -24"><span class='ocrx_word' id='word_1_34' title='bbox 89 853 303 938; x_wconf 77' lang='lat' dir='ltr'>sublimasset,</span> <span class='ocrx_word' id='word_1_35' title='bbox 332 855 464 940; x_wconf 90' lang='lat' dir='ltr'>ideoque</span> <span class='ocrx_word' id='word_1_36' title='bbox 492 876 554 921; x_wconf 94' lang='lat' dir='ltr'>non</span> <span class='ocrx_word' id='word_1_37' title='bbox 585 857 653 922; x_wconf 84' lang='lat' dir='ltr'>sine</span> <span class='ocrx_word' id='word_1_38' title='bbox 676 858 780 924; x_wconf 87' lang='lat' dir='ltr'>anime</span> <span class='ocrx_word' id='word_1_39' title='bbox 808 856 948 944; x_wconf 88' lang='lat' dir='ltr'>periculo</span> <span class='ocrx_word' id='word_1_40' title='bbox 970 857 1063 922; x_wconf 88' lang='lat' dir='ltr'>huius</span> <span class='ocrx_word' id='word_1_41' title='bbox 1086 857 1257 922; x_wconf 88' lang='lat' dir='ltr'>sacerdocii</span> 
     </span>
     <span class='ocr_line' id='line_1_6' title="bbox 88 969 1258 1058; baseline 0.002 -22"><span class='ocrx_word' id='word_1_42' title='bbox 88 970 238 1053; x_wconf 70' lang='lat' dir='ltr'>dignitate</span> <span class='ocrx_word' id='word_1_43' title='bbox 267 970 458 1054; x_wconf 82' lang='lat' dir='ltr'>fungeretur.</span> <span class='ocrx_word' id='word_1_44' title='bbox 499 969 589 1036; x_wconf 89' lang='lat' dir='ltr'>Unde</span> <span class='ocrx_word' id='word_1_45' title='bbox 617 971 730 1038; x_wconf 87' lang='lat' dir='ltr'>maluit</span> <span class='ocrx_word' id='word_1_46' title='bbox 763 972 961 1058; x_wconf 78' lang='lat' dir='ltr'>temporanei</span> <span class='ocrx_word' id='word_1_47' title='bbox 993 972 1122 1038; x_wconf 89' lang='lat' dir='ltr'>honoris</span> <span class='ocrx_word' id='word_1_48' title='bbox 1151 971 1258 1038; x_wconf 91' lang='lat' dir='ltr'>subire</span> 
     </span>
     <span class='ocr_line' id='line_1_7' title="bbox 88 1085 1256 1172; baseline 0.002 -22"><span class='ocrx_word' id='word_1_49' title='bbox 88 1085 283 1171; x_wconf 86' lang='lat' dir='ltr'>dispendium</span> <span class='ocrx_word' id='word_1_50' title='bbox 300 1106 393 1170; x_wconf 87' lang='lat' dir='ltr'>quam</span> <span class='ocrx_word' id='word_1_51' title='bbox 411 1087 541 1172; x_wconf 87' lang='lat' dir='ltr'>superni</span> <span class='ocrx_word' id='word_1_52' title='bbox 558 1087 686 1154; x_wconf 89' lang='lat' dir='ltr'>arbitri·</span> <span class='ocrx_word' id='word_1_53' title='bbox 703 1086 809 1153; x_wconf 87' lang='lat' dir='ltr'>oeulos</span> <span class='ocrx_word' id='word_1_54' title='bbox 832 1085 990 1153; x_wconf 83' lang='lat' dir='ltr'>offendere</span> <span class='ocrx_word' id='word_1_55' title='bbox 1013 1088 1179 1172; x_wconf 77' lang='lat' dir='ltr'>animeque</span> <span class='ocrx_word' id='word_1_56' title='bbox 1200 1106 1256 1153; x_wconf 89' lang='lat' dir='ltr'>sue</span> 
     </span>
     <span class='ocr_line' id='line_1_8' title="bbox 87 1201 1258 1288; baseline 0.003 -22"><span class='ocrx_word' id='word_1_57' title='bbox 87 1203 150 1286; x_wconf 91' lang='lat' dir='ltr'>pati</span> <span class='ocrx_word' id='word_1_58' title='bbox 168 1201 401 1268; x_wconf 90' lang='lat' dir='ltr'>detrimentum.</span> <span class='ocrx_word' id='word_1_59' title='bbox 434 1201 585 1286; x_wconf 84' lang='lat' dir='ltr'>Cumque,</span> <span class='ocrx_word' id='word_1_60' title='bbox 610 1203 755 1269; x_wconf 88' lang='lat' dir='ltr'>abdicata</span> <span class='ocrx_word' id='word_1_61' title='bbox 776 1202 929 1288; x_wconf 86' lang='lat' dir='ltr'>pastorali</span> <span class='ocrx_word' id='word_1_62' title='bbox 944 1223 1030 1285; x_wconf 91' lang='lat' dir='ltr'>cura,</span> <span class='ocrx_word' id='word_1_63' title='bbox 1055 1210 1258 1287; x_wconf 89' lang='lat' dir='ltr'>econspectu</span> 
     </span>
     <span class='ocr_line' id='line_1_9' title="bbox 87 1315 1257 1403; baseline 0.003 -22"><span class='ocrx_word' id='word_1_64' title='bbox 87 1315 249 1402; x_wconf 89' lang='lat' dir='ltr'>apostolici</span> <span class='ocrx_word' id='word_1_65' title='bbox 272 1317 412 1399; x_wconf 77' lang='lat' dir='ltr'>gaudens</span> <span class='ocrx_word' id='word_1_66' title='bbox 435 1337 492 1403; x_wconf 90' lang='lat' dir='ltr'>pro</span> <span class='ocrx_word' id='word_1_67' title='bbox 509 1317 687 1383; x_wconf 89' lang='lat' dir='ltr'>huiusmodi</span> <span class='ocrx_word' id='word_1_68' title='bbox 710 1318 856 1399; x_wconf 88' lang='lat' dir='ltr'>libertate</span> <span class='ocrx_word' id='word_1_69' title='bbox 874 1317 1104 1401; x_wconf 63' lang='lat' dir='ltr'>obsessiones,</span> <span class='ocrx_word' id='word_1_70' title='bbox 1128 1337 1257 1386; x_wconf 85' lang='lat' dir='ltr'>conver-</span> 
     </span>
     <span class='ocr_line' id='line_1_10' title="bbox 86 1431 1257 1519; baseline 0.003 -22"><span class='ocrx_word' id='word_1_71' title='bbox 86 1451 138 1498; x_wconf 85' lang='lat' dir='ltr'>sus</span> <span class='ocrx_word' id='word_1_72' title='bbox 162 1431 203 1498; x_wconf 80' lang='lat' dir='ltr'>ad</span> <span class='ocrx_word' id='word_1_73' title='bbox 225 1431 413 1499; x_wconf 89' lang='lat' dir='ltr'>Dominum:</span> <span class='ocrx_word' id='word_1_74' title='bbox 442 1435 636 1519; x_wconf 69' lang='lat' dir='ltr'>Enpediedue</span> <span class='ocrx_word' id='word_1_75' title='bbox 664 1435 768 1518; x_wconf 88' lang='lat' dir='ltr'>inquit</span> <span class='ocrx_word' id='word_1_76' title='bbox 797 1436 870 1514; x_wconf 82' lang='lat' dir='ltr'>tihi,</span> <span class='ocrx_word' id='word_1_77' title='bbox 902 1435 1055 1515; x_wconf 75' lang='lat' dir='ltr'>Dareine,</span> <span class='ocrx_word' id='word_1_78' title='bbox 1085 1438 1257 1500; x_wconf 62' lang='lat' dir='ltr'>seratam</span> 
     </span>
     <span class='ocr_line' id='line_1_11' title="bbox 86 1549 1258 1634; baseline 0.003 -22"><span class='ocrx_word' id='word_1_79' title='bbox 86 1569 169 1629; x_wconf 80' lang='lat' dir='ltr'>eom,</span> <span class='ocrx_word' id='word_1_80' title='bbox 200 1553 276 1634; x_wconf 79' lang='lat' dir='ltr'>qaia</span> <span class='ocrx_word' id='word_1_81' title='bbox 299 1563 386 1615; x_wconf 79' lang='lat' dir='ltr'>tuoto</span> <span class='ocrx_word' id='word_1_82' title='bbox 409 1572 458 1613; x_wconf 85' lang='lat' dir='ltr'>me</span> <span class='ocrx_word' id='word_1_83' title='bbox 481 1571 572 1614; x_wconf 79' lang='lat' dir='ltr'>onere</span> <span class='ocrx_word' id='word_1_84' title='bbox 595 1550 744 1616; x_wconf 63' lang='lat' dir='ltr'>tolerasti.</span> <span class='ocrx_word' id='word_1_85' title='bbox 838 1549 900 1615; x_wconf 87' lang='lat' dir='ltr'>Sed</span> <span class='ocrx_word' id='word_1_86' title='bbox 923 1567 985 1614; x_wconf 90' lang='lat' dir='ltr'>non</span> <span class='ocrx_word' id='word_1_87' title='bbox 1008 1549 1063 1615; x_wconf 89' lang='lat' dir='ltr'>diu</span> <span class='ocrx_word' id='word_1_88' title='bbox 1085 1549 1145 1615; x_wconf 83' lang='lat' dir='ltr'>buo</span> <span class='ocrx_word' id='word_1_89' title='bbox 1166 1550 1197 1616; x_wconf 90' lang='lat' dir='ltr'>ei</span> <span class='ocrx_word' id='word_1_90' title='bbox 1218 1549 1258 1615; x_wconf 93' lang='lat' dir='ltr'>li·</span> 
     </span>
     <span class='ocr_line' id='line_1_12' title="bbox 85 1663 1258 1751; baseline 0.001 -21"><span class='ocrx_word' id='word_1_91' title='bbox 85 1663 207 1730; x_wconf 89' lang='lat' dir='ltr'>bertate</span> <span class='ocrx_word' id='word_1_92' title='bbox 229 1663 292 1729; x_wconf 86' lang='lat' dir='ltr'>frui</span> <span class='ocrx_word' id='word_1_93' title='bbox 314 1663 412 1730; x_wconf 88' lang='lat' dir='ltr'>licuit</span> <span class='ocrx_word' id='word_1_94' title='bbox 448 1663 536 1750; x_wconf 90' lang='lat' dir='ltr'>Papa</span> <span class='ocrx_word' id='word_1_95' title='bbox 558 1665 685 1749; x_wconf 90' lang='lat' dir='ltr'>etenim,</span> <span class='ocrx_word' id='word_1_96' title='bbox 709 1665 817 1731; x_wconf 81' lang='lat' dir='ltr'>divino</span> <span class='ocrx_word' id='word_1_97' title='bbox 839 1670 943 1731; x_wconf 87' lang='lat' dir='ltr'>tactus</span> <span class='ocrx_word' id='word_1_98' title='bbox 958 1663 1089 1751; x_wconf 88' lang='lat' dir='ltr'>Spiritu,</span> <span class='ocrx_word' id='word_1_99' title='bbox 1113 1665 1258 1750; x_wconf 86' lang='lat' dir='ltr'>sequenti</span> 
     </span>
     <span class='ocr_line' id='line_1_13' title="bbox 86 1777 1258 1864; baseline 0.002 -20"><span class='ocrx_word' id='word_1_100' title='bbox 86 1779 135 1846; x_wconf 90' lang='lat' dir='ltr'>die</span> <span class='ocrx_word' id='word_1_101' title='bbox 158 1778 200 1845; x_wconf 93' lang='lat' dir='ltr'>ad</span> <span class='ocrx_word' id='word_1_102' title='bbox 221 1778 432 1845; x_wconf 87' lang='lat' dir='ltr'>revocandum</span> <span class='ocrx_word' id='word_1_103' title='bbox 455 1777 515 1845; x_wconf 90' lang='lat' dir='ltr'>Dei</span> <span class='ocrx_word' id='word_1_104' title='bbox 538 1779 641 1846; x_wconf 81' lang='lat' dir='ltr'>virum</span> <span class='ocrx_word' id='word_1_105' title='bbox 663 1780 784 1864; x_wconf 80' lang='lat' dir='ltr'>legatos</span> <span class='ocrx_word' id='word_1_106' title='bbox 807 1781 931 1864; x_wconf 75' lang='lat' dir='ltr'>dirigit,</span> <span class='ocrx_word' id='word_1_107' title='bbox 959 1799 1030 1847; x_wconf 88' lang='lat' dir='ltr'>cnm</span> <span class='ocrx_word' id='word_1_108' title='bbox 1053 1780 1118 1847; x_wconf 90' lang='lat' dir='ltr'>iam</span> <span class='ocrx_word' id='word_1_109' title='bbox 1141 1779 1194 1846; x_wconf 91' lang='lat' dir='ltr'>ille</span> <span class='ocrx_word' id='word_1_110' title='bbox 1217 1780 1258 1846; x_wconf 91' lang='lat' dir='ltr'>ad</span> 
     </span>
     <span class='ocr_line' id='line_1_14' title="bbox 85 1891 1257 1980; baseline 0.003 -21"><span class='ocrx_word' id='word_1_111' title='bbox 85 1893 188 1961; x_wconf 90' lang='lat' dir='ltr'>locum</span> <span class='ocrx_word' id='word_1_112' title='bbox 206 1891 325 1960; x_wconf 84' lang='lat' dir='ltr'>Sudra¹</span> <span class='ocrx_word' id='word_1_113' title='bbox 348 1894 466 1961; x_wconf 88' lang='lat' dir='ltr'>dictum</span> <span class='ocrx_word' id='word_1_114' title='bbox 482 1897 635 1978; x_wconf 73' lang='lat' dir='ltr'>venisset:</span> <span class='ocrx_word' id='word_1_115' title='bbox 660 1895 750 1980; x_wconf 89' lang='lat' dir='ltr'>eique</span> <span class='ocrx_word' id='word_1_116' title='bbox 766 1915 845 1963; x_wconf 88' lang='lat' dir='ltr'>onus</span> <span class='ocrx_word' id='word_1_117' title='bbox 861 1897 1065 1963; x_wconf 88' lang='lat' dir='ltr'>ecclesiastici</span> <span class='ocrx_word' id='word_1_118' title='bbox 1083 1895 1257 1980; x_wconf 68' lang='lat' dir='ltr'>regiminis,</span> 
     </span>
     <span class='ocr_line' id='line_1_15' title="bbox 86 2009 1258 2097; baseline 0.003 -22"><span class='ocrx_word' id='word_1_119' title='bbox 86 2009 168 2095; x_wconf 91' lang='lat' dir='ltr'>quod</span> <span class='ocrx_word' id='word_1_120' title='bbox 191 2010 293 2096; x_wconf 92' lang='lat' dir='ltr'>pridie</span> <span class='ocrx_word' id='word_1_121' title='bbox 317 2010 502 2095; x_wconf 83' lang='lat' dir='ltr'>abiecerat·,</span> <span class='ocrx_word' id='word_1_122' title='bbox 524 2011 599 2078; x_wconf 89' lang='lat' dir='ltr'>licet</span> <span class='ocrx_word' id='word_1_123' title='bbox 622 2011 795 2097; x_wconf 91' lang='lat' dir='ltr'>plurimum</span> <span class='ocrx_word' id='word_1_124' title='bbox 817 2013 983 2096; x_wconf 87' lang='lat' dir='ltr'>renitenti,</span> <span class='ocrx_word' id='word_1_125' title='bbox 1007 2033 1048 2078; x_wconf 83' lang='lat' dir='ltr'>ex</span> <span class='ocrx_word' id='word_1_126' title='bbox 1071 2014 1258 2079; x_wconf 87' lang='lat' dir='ltr'>auctoritate</span> 
     </span>
     <span class='ocr_line' id='line_1_16' title="bbox 86 2124 1257 2213; baseline 0.003 -21"><span class='ocrx_word' id='word_1_127' title='bbox 86 2127 187 2192; x_wconf 88' lang='lat' dir='ltr'>sancti</span> <span class='ocrx_word' id='word_1_128' title='bbox 203 2124 289 2191; x_wconf 91' lang='lat' dir='ltr'>Petri</span> <span class='ocrx_word' id='word_1_129' title='bbox 311 2127 471 2212; x_wconf 89' lang='lat' dir='ltr'>imposuit.</span> <span class='ocrx_word' id='word_1_130' title='bbox 507 2126 550 2193; x_wconf 79' lang='lat' dir='ltr'>Et</span> <span class='ocrx_word' id='word_1_131' title='bbox 573 2127 688 2194; x_wconf 90' lang='lat' dir='ltr'>iterum</span> <span class='ocrx_word' id='word_1_132' title='bbox 711 2128 887 2213; x_wconf 86' lang='lat' dir='ltr'>iterumque</span> <span class='ocrx_word' id='word_1_133' title='bbox 910 2129 1098 2195; x_wconf 92' lang='lat' dir='ltr'>renitentem</span> <span class='ocrx_word' id='word_1_134' title='bbox 1114 2127 1257 2195; x_wconf 78' lang='lat' dir='ltr'>dulcibus</span> 
     </span>
     <span class='ocr_line' id='line_1_17' title="bbox 86 2241 1258 2328; baseline 0.002 -20"><span class='ocrx_word' id='word_1_135' title='bbox 86 2251 117 2308; x_wconf 91' lang='lat' dir='ltr'>et</span> <span class='ocrx_word' id='word_1_136' title='bbox 130 2261 206 2308; x_wconf 87' lang='lat' dir='ltr'>rere</span> <span class='ocrx_word' id='word_1_137' title='bbox 229 2243 369 2328; x_wconf 90' lang='lat' dir='ltr'>paternis</span> <span class='ocrx_word' id='word_1_138' title='bbox 393 2241 545 2308; x_wconf 83' lang='lat' dir='ltr'>animavit</span> <span class='ocrx_word' id='word_1_139' title='bbox 568 2243 839 2328; x_wconf 86' lang='lat' dir='ltr'>promissionibus,</span> <span class='ocrx_word' id='word_1_140' title='bbox 863 2263 897 2308; x_wconf 91' lang='lat' dir='ltr'>se</span> <span class='ocrx_word' id='word_1_141' title='bbox 920 2243 950 2310; x_wconf 89' lang='lat' dir='ltr'>ei</span> <span class='ocrx_word' id='word_1_142' title='bbox 964 2245 1119 2311; x_wconf 77' lang='lat' dir='ltr'>fautorem</span> <span class='ocrx_word' id='word_1_143' title='bbox 1135 2251 1168 2313; x_wconf 90' lang='lat' dir='ltr'>et</span> <span class='ocrx_word' id='word_1_144' title='bbox 1180 2243 1258 2311; x_wconf 85' lang='lat' dir='ltr'>iide-</span> 
     </span>
     <span class='ocr_line' id='line_1_18' title="bbox 84 2355 1212 2448; baseline 0.004 -26"><span class='ocrx_word' id='word_1_145' title='bbox 84 2355 241 2424; x_wconf 83' lang='lat' dir='ltr'>tissimum</span> <span class='ocrx_word' id='word_1_146' title='bbox 266 2363 376 2425; x_wconf 89' lang='lat' dir='ltr'>eontra</span> <span class='ocrx_word' id='word_1_147' title='bbox 399 2377 507 2425; x_wconf 90' lang='lat' dir='ltr'>omnes</span> <span class='ocrx_word' id='word_1_148' title='bbox 530 2359 640 2425; x_wconf 87' lang='lat' dir='ltr'>mundi</span> <span class='ocrx_word' id='word_1_149' title='bbox 663 2360 802 2445; x_wconf 88' lang='lat' dir='ltr'>impetus</span> <span class='ocrx_word' id='word_1_150' title='bbox 824 2359 1020 2426; x_wconf 77' lang='lat' dir='ltr'>defensorem</span> <span class='ocrx_word' id='word_1_151' title='bbox 1045 2362 1212 2448; x_wconf 90' lang='lat' dir='ltr'>spondens.</span> 
     </span>
    </p>

    <p class='ocr_par' dir='ltr' id='par_1_3' title="bbox 82 2473 1370 3583">
     <span class='ocr_line' id='line_1_19' title="bbox 174 2473 1370 2562; baseline 0.005 -23"><span class='ocrx_word' id='word_1_152' title='bbox 174 2473 297 2539; x_wconf 89' lang='lat' dir='ltr'>Deinde</span> <span class='ocrx_word' id='word_1_153' title='bbox 327 2474 360 2539; x_wconf 94' lang='lat' dir='ltr'>in</span> <span class='ocrx_word' id='word_1_154' title='bbox 389 2474 498 2557; x_wconf 81' lang='lat' dir='ltr'>vigilia</span> <span class='ocrx_word' id='word_1_155' title='bbox 527 2474 745 2561; x_wconf 83' lang='lat' dir='ltr'>penthecosste</span> <span class='ocrx_word' id='word_1_156' title='bbox 775 2475 871 2541; x_wconf 77' lang='lat' dir='ltr'>senia</span> <span class='ocrx_word' id='word_1_157' title='bbox 900 2478 927 2542; x_wconf 89' lang='lat' dir='ltr'>ei</span> <span class='ocrx_word' id='word_1_158' title='bbox 959 2496 1015 2562; x_wconf 90' lang='lat' dir='ltr'>per</span> <span class='ocrx_word' id='word_1_159' title='bbox 1042 2478 1258 2546; x_wconf 90' lang='lat' dir='ltr'>honorabilem</span> <span class='ocrx_word' id='word_1_160' title='bbox 1275 2507 1370 2555; x_wconf 61' lang='lat' dir='ltr'>we</span> 
     </span>
     <span class='ocr_line' id='line_1_20' title="bbox 84 2590 1259 2677; baseline 0.004 -22"><span class='ocrx_word' id='word_1_161' title='bbox 84 2590 263 2656; x_wconf 87' lang='lat' dir='ltr'>transmisit</span> <span class='ocrx_word' id='word_1_162' title='bbox 285 2590 539 2677; x_wconf 68' lang='lat' dir='ltr'>apocrisiarium</span> <span class='ocrx_word' id='word_1_163' title='bbox 570 2591 620 2657; x_wconf 90' lang='lat' dir='ltr'>cui</span> <span class='ocrx_word' id='word_1_164' title='bbox 644 2590 756 2657; x_wconf 90' lang='lat' dir='ltr'>etheo</span> <span class='ocrx_word' id='word_1_165' title='bbox 779 2592 813 2655; x_wconf 90' lang='lat' dir='ltr'>in</span> <span class='ocrx_word' id='word_1_166' title='bbox 835 2591 995 2659; x_wconf 90' lang='lat' dir='ltr'>mandatis</span> <span class='ocrx_word' id='word_1_167' title='bbox 1017 2593 1165 2659; x_wconf 88' lang='lat' dir='ltr'>tradidit:</span> <span class='ocrx_word' id='word_1_168' title='bbox 1193 2596 1259 2660; x_wconf 84' lang='lat' dir='ltr'>Dic</span> 
     </span>
     <span class='ocr_line' id='line_1_21' title="bbox 85 2708 1259 2794; baseline 0.003 -23"><span class='ocrx_word' id='word_1_169' title='bbox 85 2710 243 2793; x_wconf 73' lang='lat' dir='ltr'>epr&#39;ewpo,</span> <span class='ocrx_word' id='word_1_170' title='bbox 267 2720 303 2771; x_wconf 81' lang='lat' dir='ltr'>ut</span> <span class='ocrx_word' id='word_1_171' title='bbox 322 2720 472 2793; x_wconf 82' lang='lat' dir='ltr'>preparet</span> <span class='ocrx_word' id='word_1_172' title='bbox 487 2730 520 2773; x_wconf 86' lang='lat' dir='ltr'>ee</span> <span class='ocrx_word' id='word_1_173' title='bbox 535 2708 579 2771; x_wconf 83' lang='lat' dir='ltr'>ad</span> <span class='ocrx_word' id='word_1_174' title='bbox 592 2709 813 2794; x_wconf 69' lang='lat' dir='ltr'>&#39;complendam</span> <span class='ocrx_word' id='word_1_175' title='bbox 829 2708 988 2794; x_wconf 70' lang='lat' dir='ltr'>Spiritum</span> <span class='ocrx_word' id='word_1_176' title='bbox 1003 2722 1154 2775; x_wconf 70' lang='lat' dir='ltr'>coemam.</span> <span class='ocrx_word' id='word_1_177' title='bbox 1190 2708 1259 2776; x_wconf 88' lang='lat' dir='ltr'>Sio-</span> 
     </span>
     <span class='ocr_line' id='line_1_22' title="bbox 85 2822 1370 2907; baseline 0.005 -20"><span class='ocrx_word' id='word_1_178' title='bbox 85 2840 145 2904; x_wconf 91' lang='lat' dir='ltr'>que</span> <span class='ocrx_word' id='word_1_179' title='bbox 168 2822 203 2887; x_wconf 92' lang='lat' dir='ltr'>in</span> <span class='ocrx_word' id='word_1_180' title='bbox 226 2822 277 2887; x_wconf 92' lang='lat' dir='ltr'>die</span> <span class='ocrx_word' id='word_1_181' title='bbox 300 2827 410 2887; x_wconf 89' lang='lat' dir='ltr'>sancta</span> <span class='ocrx_word' id='word_1_182' title='bbox 433 2822 662 2907; x_wconf 82' lang='lat' dir='ltr'>penthecostes,</span> <span class='ocrx_word' id='word_1_183' title='bbox 685 2844 746 2907; x_wconf 90' lang='lat' dir='ltr'>que</span> <span class='ocrx_word' id='word_1_184' title='bbox 763 2829 833 2889; x_wconf 89' lang='lat' dir='ltr'>erat</span> <span class='ocrx_word' id='word_1_185' title='bbox 847 2824 867 2888; x_wconf 93' lang='lat'><strong>3</strong></span> <span class='ocrx_word' id='word_1_186' title='bbox 883 2823 957 2889; x_wconf 90' lang='lat' dir='ltr'>Idus</span> <span class='ocrx_word' id='word_1_187' title='bbox 972 2822 1059 2907; x_wconf 85' lang='lat' dir='ltr'>Maii,</span> <span class='ocrx_word' id='word_1_188' title='bbox 1082 2824 1203 2891; x_wconf 90' lang='lat' dir='ltr'>scilicet</span> <span class='ocrx_word' id='word_1_189' title='bbox 1223 2824 1258 2891; x_wconf 92' lang='lat' dir='ltr'>in</span> <span class='ocrx_word' id='word_1_190' title='bbox 1275 2845 1328 2893; x_wconf 73' lang='lat' dir='ltr'>nn</span> <span class='ocrx_word' id='word_1_191' title='bbox 1340 2848 1370 2893; x_wconf 82' lang='lat' dir='ltr'>ru</span> 
     </span>
     <span class='ocr_line' id='line_1_23' title="bbox 84 2934 1258 3026; baseline 0.003 -24"><span class='ocrx_word' id='word_1_192' title='bbox 84 2936 235 3003; x_wconf 88' lang='lat' dir='ltr'>natalicio</span> <span class='ocrx_word' id='word_1_193' title='bbox 258 2938 358 3003; x_wconf 87' lang='lat' dir='ltr'>sancti</span> <span class='ocrx_word' id='word_1_194' title='bbox 382 2934 535 3021; x_wconf 78' lang='lat' dir='ltr'>Gingolti‘¹</span> <span class='ocrx_word' id='word_1_195' title='bbox 559 2938 716 3021; x_wconf 70' lang='lat' dir='ltr'>muniris,</span> <span class='ocrx_word' id='word_1_196' title='bbox 743 2936 811 3004; x_wconf 86' lang='lat' dir='ltr'>Deo</span> <span class='ocrx_word' id='word_1_197' title='bbox 834 2939 963 3022; x_wconf 78' lang='lat' dir='ltr'>dignum</span> <span class='ocrx_word' id='word_1_198' title='bbox 987 2940 1162 3006; x_wconf 86' lang='lat' dir='ltr'>antistitem</span> <span class='ocrx_word' id='word_1_199' title='bbox 1184 2960 1258 3026; x_wconf 92' lang='lat' dir='ltr'>pro-</span> 
     </span>
     <span class='ocr_line' id='line_1_24' title="bbox 84 3052 1258 3139; baseline 0.003 -20"><span class='ocrx_word' id='word_1_200' title='bbox 84 3053 163 3139; x_wconf 86' lang='lat' dir='ltr'>priis</span> <span class='ocrx_word' id='word_1_201' title='bbox 195 3058 355 3138; x_wconf 81' lang='lat' dir='ltr'>tamquam</span> <span class='ocrx_word' id='word_1_202' title='bbox 384 3052 468 3120; x_wconf 88' lang='lat' dir='ltr'>beati</span> <span class='ocrx_word' id='word_1_203' title='bbox 495 3052 582 3120; x_wconf 91' lang='lat' dir='ltr'>Petri</span> <span class='ocrx_word' id='word_1_204' title='bbox 615 3054 761 3121; x_wconf 88' lang='lat' dir='ltr'>manibus</span> <span class='ocrx_word' id='word_1_205' title='bbox 792 3054 975 3121; x_wconf 88' lang='lat' dir='ltr'>solemniter</span> <span class='ocrx_word' id='word_1_206' title='bbox 1002 3056 1198 3122; x_wconf 85' lang='lat' dir='ltr'>consecravit</span> <span class='ocrx_word' id='word_1_207' title='bbox 1224 3056 1258 3122; x_wconf 92' lang='lat' dir='ltr'>iu</span> 
     </span>
     <span class='ocr_line' id='line_1_25' title="bbox 83 3168 1258 3258; baseline 0.003 -24"><span class='ocrx_word' id='word_1_208' title='bbox 83 3168 233 3252; x_wconf 84' lang='lat' dir='ltr'>Anagnia</span> <span class='ocrx_word' id='word_1_209' title='bbox 254 3170 392 3253; x_wconf 82' lang='lat' dir='ltr'>ciuitate,</span> <span class='ocrx_word' id='word_1_210' title='bbox 417 3189 477 3253; x_wconf 88' lang='lat' dir='ltr'>que</span> <span class='ocrx_word' id='word_1_211' title='bbox 492 3169 678 3235; x_wconf 87' lang='lat' dir='ltr'>Romaniam</span> <span class='ocrx_word' id='word_1_212' title='bbox 700 3170 814 3236; x_wconf 88' lang='lat' dir='ltr'>dividit</span> <span class='ocrx_word' id='word_1_213' title='bbox 836 3176 868 3237; x_wconf 94' lang='lat' dir='ltr'>et</span> <span class='ocrx_word' id='word_1_214' title='bbox 882 3171 1031 3258; x_wconf 81' lang='lat' dir='ltr'>Apuliam</span> <span class='ocrx_word' id='word_1_215' title='bbox 1039 3168 1060 3235; x_wconf 85' lang='lat'>¹.</span> <span class='ocrx_word' id='word_1_216' title='bbox 1095 3170 1138 3237; x_wconf 90' lang='lat' dir='ltr'>Et</span> <span class='ocrx_word' id='word_1_217' title='bbox 1159 3172 1258 3258; x_wconf 86' lang='lat' dir='ltr'>priri-</span> 
     </span>
     <span class='ocr_line' id='line_1_26' title="bbox 83 3282 1258 3371; baseline 0.004 -22"><span class='ocrx_word' id='word_1_218' title='bbox 83 3282 166 3368; x_wconf 78' lang='lat' dir='ltr'>legio</span> <span class='ocrx_word' id='word_1_219' title='bbox 197 3286 297 3351; x_wconf 91' lang='lat' dir='ltr'>crucis</span> <span class='ocrx_word' id='word_1_220' title='bbox 327 3304 364 3352; x_wconf 91' lang='lat' dir='ltr'>ac</span> <span class='ocrx_word' id='word_1_221' title='bbox 390 3284 481 3371; x_wconf 88' lang='lat' dir='ltr'>pallii</span> <span class='ocrx_word' id='word_1_222' title='bbox 507 3292 574 3352; x_wconf 91' lang='lat' dir='ltr'>tam</span> <span class='ocrx_word' id='word_1_223' title='bbox 603 3305 674 3352; x_wconf 93' lang='lat' dir='ltr'>eum</span> <span class='ocrx_word' id='word_1_224' title='bbox 703 3306 798 3370; x_wconf 87' lang='lat' dir='ltr'>quam</span> <span class='ocrx_word' id='word_1_225' title='bbox 827 3306 935 3353; x_wconf 90' lang='lat' dir='ltr'>omnes</span> <span class='ocrx_word' id='word_1_226' title='bbox 967 3307 1161 3353; x_wconf 87' lang='lat' dir='ltr'>successores</span> <span class='ocrx_word' id='word_1_227' title='bbox 1190 3289 1258 3355; x_wconf 86' lang='lat' dir='ltr'>eiua</span> 
     </span>
     <span class='ocr_line' id='line_1_27' title="bbox 85 3400 1259 3489; baseline 0.003 -24"><span class='ocrx_word' id='word_1_228' title='bbox 85 3400 319 3486; x_wconf 86' lang='lat' dir='ltr'>imperpetuum</span> <span class='ocrx_word' id='word_1_229' title='bbox 343 3400 541 3467; x_wconf 90' lang='lat' dir='ltr'>honorandos</span> <span class='ocrx_word' id='word_1_230' title='bbox 558 3422 625 3469; x_wconf 87' lang='lat' dir='ltr'>esse</span> <span class='ocrx_word' id='word_1_231' title='bbox 640 3403 772 3485; x_wconf 84' lang='lat' dir='ltr'>censuit,</span> <span class='ocrx_word' id='word_1_232' title='bbox 797 3403 891 3487; x_wconf 88' lang='lat' dir='ltr'>idque</span> <span class='ocrx_word' id='word_1_233' title='bbox 906 3404 1033 3489; x_wconf 90' lang='lat' dir='ltr'>scriptis</span> <span class='ocrx_word' id='word_1_234' title='bbox 1053 3403 1170 3471; x_wconf 86' lang='lat' dir='ltr'>talibus</span> <span class='ocrx_word' id='word_1_235' title='bbox 1185 3424 1259 3471; x_wconf 90' lang='lat' dir='ltr'>eon·</span> 
     </span>
     <span class='ocr_line' id='line_1_28' title="bbox 82 3512 258 3583; baseline 0.011 -2"><span class='ocrx_word' id='word_1_236' title='bbox 82 3512 258 3583; x_wconf 87' lang='lat' dir='ltr'>firmavit³:</span> 
     </span>
    </p>

    <p class='ocr_par' dir='ltr' id='par_1_4' title="bbox 178 3632 1082 3722">
     <span class='ocr_line' id='line_1_29' title="bbox 178 3632 1082 3722; baseline 0.006 -25"><span class='ocrx_word' id='word_1_237' title='bbox 178 3632 229 3697; x_wconf 78' lang='lat'>12.</span> <span class='ocrx_word' id='word_1_238' title='bbox 265 3632 432 3699; x_wconf 80' lang='lat' dir='ltr'>Paeebolo&#39;e</span> <span class='ocrx_word' id='word_1_239' title='bbox 456 3638 619 3721; x_wconf 70' lang='lat' dir='ltr'>epobcopae</span> <span class='ocrx_word' id='word_1_240' title='bbox 636 3674 677 3682; x_wconf 88' lang='lat'><strong>—</strong></span> <span class='ocrx_word' id='word_1_241' title='bbox 694 3638 815 3701; x_wconf 62' lang='lat' dir='ltr'>notarii</span> <span class='ocrx_word' id='word_1_242' title='bbox 835 3639 922 3700; x_wconf 77' lang='lat' dir='ltr'>caora&#39;</span> <span class='ocrx_word' id='word_1_243' title='bbox 940 3632 1082 3722; x_wconf 80' lang='lat' dir='ltr'>polatii⁴.</span> 
     </span>
    </p>

    <p class='ocr_par' dir='ltr' id='par_1_5' title="bbox 85 3747 1368 4064">
     <span class='ocr_line' id='line_1_30' title="bbox 177 3747 1368 3837; baseline 0.008 -23"><span class='ocrx_word' id='word_1_244' title='bbox 177 3747 239 3815; x_wconf 90' lang='lat' dir='ltr'>Sed</span> <span class='ocrx_word' id='word_1_245' title='bbox 277 3754 310 3814; x_wconf 92' lang='lat' dir='ltr'>et</span> <span class='ocrx_word' id='word_1_246' title='bbox 343 3748 514 3815; x_wconf 81' lang='lat' dir='ltr'>reverendo</span> <span class='ocrx_word' id='word_1_247' title='bbox 547 3749 667 3835; x_wconf 89' lang='lat' dir='ltr'>presuli</span> <span class='ocrx_word' id='word_1_248' title='bbox 700 3748 863 3816; x_wconf 88' lang='lat' dir='ltr'>Ruthardo</span> <span class='ocrx_word' id='word_1_249' title='bbox 897 3750 1141 3837; x_wconf 90' lang='lat' dir='ltr'>metropolitano</span> <span class='ocrx_word' id='word_1_250' title='bbox 1173 3750 1258 3817; x_wconf 92' lang='lat' dir='ltr'>idem</span> <span class='ocrx_word' id='word_1_251' title='bbox 1275 3776 1368 3823; x_wconf 74' lang='lat' dir='ltr'>nnat</span> 
     </span>
     <span class='ocr_line' id='line_1_31' title="bbox 85 3863 1259 3952; baseline 0.003 -22"><span class='ocrx_word' id='word_1_252' title='bbox 85 3864 278 3950; x_wconf 87' lang='lat' dir='ltr'>apostolicus</span> <span class='ocrx_word' id='word_1_253' title='bbox 312 3863 435 3931; x_wconf 88' lang='lat' dir='ltr'>litteras</span> <span class='ocrx_word' id='word_1_254' title='bbox 470 3865 746 3932; x_wconf 88' lang='lat' dir='ltr'>commendaticias</span> <span class='ocrx_word' id='word_1_255' title='bbox 781 3886 839 3952; x_wconf 90' lang='lat' dir='ltr'>pro</span> <span class='ocrx_word' id='word_1_256' title='bbox 875 3866 989 3935; x_wconf 90' lang='lat' dir='ltr'>dilecto</span> <span class='ocrx_word' id='word_1_257' title='bbox 1023 3872 1115 3952; x_wconf 91' lang='lat' dir='ltr'>patre</span> <span class='ocrx_word' id='word_1_258' title='bbox 1143 3866 1259 3934; x_wconf 90' lang='lat' dir='ltr'>Ottone</span> 
     </span>
     <span class='ocr_line' id='line_1_32' title="bbox 85 3980 790 4064; baseline 0.004 -20"><span class='ocrx_word' id='word_1_259' title='bbox 85 3980 184 4064; x_wconf 78' lang='lat' dir='ltr'>misit,</span> <span class='ocrx_word' id='word_1_260' title='bbox 207 3980 241 4045; x_wconf 93' lang='lat' dir='ltr'>in</span> <span class='ocrx_word' id='word_1_261' title='bbox 264 3980 347 4047; x_wconf 90' lang='lat' dir='ltr'>bunc</span> <span class='ocrx_word' id='word_1_262' title='bbox 370 4002 404 4047; x_wconf 89' lang='lat' dir='ltr'>se</span> <span class='ocrx_word' id='word_1_263' title='bbox 426 3980 554 4047; x_wconf 88' lang='lat' dir='ltr'>modum</span> <span class='ocrx_word' id='word_1_264' title='bbox 578 3982 790 4048; x_wconf 85' lang='lat' dir='ltr'>continentes:</span> 
     </span>
    </p>
   </div>
   <div class='ocr_carea' id='block_1_3' title="bbox 160 4174 1258 4225">
    <p class='ocr_par' dir='ltr' id='par_1_6' title="bbox 160 4174 1258 4225">
     <span class='ocr_line' id='line_1_33' title="bbox 160 4174 1258 4225; baseline 0 -2"><span class='ocrx_word' id='word_1_265' title='bbox 160 4190 181 4223; x_wconf 79' lang='lat' dir='ltr'>a.</span> <span class='ocrx_word' id='word_1_266' title='bbox 205 4176 296 4223; x_wconf 74' lang='lat' dir='ltr'>notun</span> <span class='ocrx_word' id='word_1_267' title='bbox 312 4174 376 4223; x_wconf 83' lang='lat' dir='ltr'>codd.</span> <span class='ocrx_word' id='word_1_268' title='bbox 454 4177 477 4223; x_wconf 87' lang='lat' dir='ltr'>b.</span> <span class='ocrx_word' id='word_1_269' title='bbox 501 4176 639 4223; x_wconf 85' lang='lat' dir='ltr'>abcessisset</span> <span class='ocrx_word' id='word_1_270' title='bbox 654 4176 719 4224; x_wconf 74' lang='lat' dir='ltr'>codd</span> <span class='ocrx_word' id='word_1_271' title='bbox 798 4191 817 4225; x_wconf 87' lang='lat' dir='ltr'>a.</span> <span class='ocrx_word' id='word_1_272' title='bbox 842 4175 1021 4225; x_wconf 80' lang='lat' dir='ltr'>abreieeeratC.</span> <span class='ocrx_word' id='word_1_273' title='bbox 1096 4176 1119 4223; x_wconf 91' lang='lat' dir='ltr'>d.</span> <span class='ocrx_word' id='word_1_274' title='bbox 1142 4174 1179 4223; x_wconf 80' lang='lat' dir='ltr'>rio</span> <span class='ocrx_word' id='word_1_275' title='bbox 1194 4176 1258 4224; x_wconf 83' lang='lat' dir='ltr'>codd.</span> 
     </span>
    </p>
   </div>
   <div class='ocr_carea' id='block_1_4' title="bbox 83 4277 1258 4528">
    <p class='ocr_par' dir='ltr' id='par_1_7' title="bbox 83 4277 1258 4528">
     <span class='ocr_line' id='line_1_34' title="bbox 160 4277 1258 4351; baseline 0.003 -18"><span class='ocrx_word' id='word_1_276' title='bbox 160 4281 185 4333; x_wconf 96' lang='grc'>1.</span> <span class='ocrx_word' id='word_1_277' title='bbox 205 4277 334 4334; x_wconf 85' lang='lat' dir='ltr'>Sutrium.</span> <span class='ocrx_word' id='word_1_278' title='bbox 434 4282 459 4334; x_wconf 77' lang='lat'>2.</span> <span class='ocrx_word' id='word_1_279' title='bbox 485 4280 560 4335; x_wconf 85' lang='lat' dir='ltr'>Haeo</span> <span class='ocrx_word' id='word_1_280' title='bbox 578 4280 663 4336; x_wconf 85' lang='lat' dir='ltr'>verbs</span> <span class='ocrx_word' id='word_1_281' title='bbox 682 4286 746 4336; x_wconf 86' lang='lat' dir='ltr'>sunt</span> <span class='ocrx_word' id='word_1_282' title='bbox 767 4282 899 4351; x_wconf 85' lang='lat' dir='ltr'>epistolae</span> <span class='ocrx_word' id='word_1_283' title='bbox 918 4281 1039 4350; x_wconf 89' lang='lat' dir='ltr'>Ottonis,</span> <span class='ocrx_word' id='word_1_284' title='bbox 1058 4280 1179 4337; x_wconf 87' lang='lat' dir='ltr'>Udalrici</span> <span class='ocrx_word' id='word_1_285' title='bbox 1197 4281 1258 4337; x_wconf 87' lang='lat' dir='ltr'>cod.</span> 
     </span>
     <span class='ocr_line' id='line_1_35' title="bbox 84 4369 1258 4440; baseline 0.005 -20"><span class='ocrx_word' id='word_1_286' title='bbox 84 4382 112 4421; x_wconf 91' lang='lat' dir='ltr'>n.</span> <span class='ocrx_word' id='word_1_287' title='bbox 127 4369 180 4421; x_wconf 89' lang='lat'>131</span> <span class='ocrx_word' id='word_1_288' title='bbox 199 4384 282 4437; x_wconf 85' lang='lat' dir='ltr'>supra</span> <span class='ocrx_word' id='word_1_289' title='bbox 305 4386 331 4439; x_wconf 92' lang='lat' dir='ltr'>p.</span> <span class='ocrx_word' id='word_1_290' title='bbox 349 4370 411 4424; x_wconf 77' lang='lat'>248.</span> <span class='ocrx_word' id='word_1_291' title='bbox 541 4372 566 4423; x_wconf 85' lang='lat'>3.</span> <span class='ocrx_word' id='word_1_292' title='bbox 592 4369 623 4424; x_wconf 89' lang='lat' dir='ltr'>ld</span> <span class='ocrx_word' id='word_1_293' title='bbox 649 4370 758 4425; x_wconf 86' lang='lat' dir='ltr'>demum</span> <span class='ocrx_word' id='word_1_294' title='bbox 784 4370 830 4424; x_wconf 93' lang='lat' dir='ltr'>die</span> <span class='ocrx_word' id='word_1_295' title='bbox 848 4372 883 4425; x_wconf 82' lang='lat'>15</span> <span class='ocrx_word' id='word_1_296' title='bbox 901 4370 967 4440; x_wconf 84' lang='lat' dir='ltr'>Apr.</span> <span class='ocrx_word' id='word_1_297' title='bbox 985 4372 1054 4425; x_wconf 94' lang='grc'>1111</span> <span class='ocrx_word' id='word_1_298' title='bbox 1079 4369 1182 4426; x_wconf 83' lang='lat' dir='ltr'>factum</span> <span class='ocrx_word' id='word_1_299' title='bbox 1206 4376 1258 4426; x_wconf 86' lang='lat' dir='ltr'>est.</span> 
     </span>
     <span class='ocr_line' id='line_1_36' title="bbox 83 4454 711 4528; baseline 0.005 -18"><span class='ocrx_word' id='word_1_300' title='bbox 83 4456 111 4511; x_wconf 79' lang='lat'>4.</span> <span class='ocrx_word' id='word_1_301' title='bbox 131 4456 167 4511; x_wconf 90' lang='lat' dir='ltr'>V.</span> <span class='ocrx_word' id='word_1_302' title='bbox 181 4454 299 4513; x_wconf 86' lang='lat' dir='ltr'>Udatriei</span> <span class='ocrx_word' id='word_1_303' title='bbox 317 4458 378 4515; x_wconf 92' lang='lat' dir='ltr'>ood.</span> <span class='ocrx_word' id='word_1_304' title='bbox 397 4474 424 4514; x_wconf 87' lang='lat' dir='ltr'>n.</span> <span class='ocrx_word' id='word_1_305' title='bbox 439 4458 489 4513; x_wconf 83' lang='lat' dir='ltr'>lt&#39;rl</span> <span class='ocrx_word' id='word_1_306' title='bbox 508 4472 592 4527; x_wconf 88' lang='lat' dir='ltr'>supra</span> <span class='ocrx_word' id='word_1_307' title='bbox 609 4474 636 4528; x_wconf 88' lang='lat' dir='ltr'>p.</span> <span class='ocrx_word' id='word_1_308' title='bbox 650 4459 711 4513; x_wconf 76' lang='lat'>277.</span> 
     </span>
    </p>
   </div>
   <div class='ocr_carea' id='block_1_5' title="bbox 0 0 1576 4850">
    <p class='ocr_par' dir='ltr' id='par_1_8' title="bbox 0 0 1576 4850">
     <span class='ocr_line' id='line_1_37' title="bbox 0 0 1576 4850; baseline 0 2"><span class='ocrx_word' id='word_1_309' title='bbox 0 0 1576 4850; x_wconf 95' lang='lat' dir='ltr'> </span> 
     </span>
    </p>
   </div>
  </div>
 </body>
</html>
