3142 4850
309 305 378 370 494
626 320 815 371 memnones
836 318 1115 372 samaonssss
1150 316 1168 367 e

213 496 283 553 1020
309 480 470 549 duodenos
491 486 712 567 oooperstores
738 478 929 566 pontificalis
953 480 1072 547 ordinis
1094 478 1221 562 habuit,
1248 496 1339 545 senos
1361 475 1474 543 solies

195 571 291 630 ΔΜ
308 597 343 662 in
365 597 466 663 latere
487 596 599 663 altaris
626 602 776 682 utroque;
806 603 844 663 ut
870 616 1027 681 eongruus
1056 594 1209 681 mysticas
1237 592 1474 661 oonssorstionis

309 712 434 779 videtur
456 712 534 779 ordo
557 712 735 798 deposcere.

151 845 292 906 ipsisne
398 827 477 897 Item
501 827 612 913 quinta
634 834 667 895 et
687 833 778 895 sexta
800 828 881 895 feria
894 825 1043 911 officium,
1067 826 1150 912 quod
1169 824 1389 908 celebrandum
1409 823 1475 906 init,

309 945 381 1029 ipse
401 942 581 1025 eelebrsvit

195 1077 292 1137 spsrr
398 1058 435 1125 ln
457 1059 623 1125 matutinis
652 1064 755 1125 sutem
785 1058 933 1127 laudibus
955 1057 1130 1125 domininus
1157 1056 1396 1125 resmrootionis
1424 1075 1478 1141 ps-

308 1174 448 1241 trisreha
483 1174 523 1241 de
550 1170 713 1259 Aquileia'
747 1173 915 1241 lectionem
947 1174 1101 1260 primam,
1136 1173 1391 1259 archiepiscopus
1419 1170 1478 1239 Ra·

309 1285 445 1357 venuas²
474 1290 660 1373 seeundum,
694 1289 834 1375 legitque
860 1291 930 1375 ipse
959 1289 1149 1375 apostolicus
1176 1285 1335 1357 tereism³.
1431 1287 1476 1353 Ad

308 1406 439 1473 missam
463 1410 567 1473 antem
591 1406 687 1491 plena
707 1406 867 1491 prooessio
889 1406 936 1473 its
950 1406 982 1472 in
999 1406 1144 1473 omuibus
1160 1410 1272 1473 oruata
1287 1410 1383 1491 utque
1399 1405 1477 1471 ordi

308 1528 385 1589 nats
406 1520 477 1604 fuit
501 1520 588 1589 velot
609 1521 815 1607 apostolieum
833 1522 1017 1604 dignitatem
1034 1520 1214 1602 oondeeuit;
1238 1520 1364 1605 taleque
1380 1522 1478 1589 iumst

307 1636 426 1706 ibidem
448 1637 575 1705 divinae
597 1638 760 1705 servitutis
782 1636 930 1720 officium,
953 1637 1046 1722 quale
1061 1637 1192 1705 emebat
1214 1636 1477 1723 sollempnitatem

308 1752 589 1838 sollempnitstum.
678 1751 724 1821 Et
749 1758 823 1839 post
851 1754 958 1821 divina
987 1774 1057 1821 eum
1086 1752 1180 1839 pleno
1209 1772 1306 1821 aornu
1334 1752 1478 1823 humanis

307 1868 481 1937 commodis
503 1888 562 1935 neo
583 1868 685 1937 deluit
706 1870 807 1954 eopia.

397 1984 483 2051 luter
504 1983 583 2051 laea
610 1989 675 2051 tam
706 1989 818 2069 optata
843 1989 973 2069 tamque
1001 1985 1135 2053 iooundu
1157 1984 1334 2051 iocunditas
1357 1986 1478 2053 tibimet

308 2106 358 2167 est
384 2105 418 2168 et
440 2086 509 2166 erut
530 2100 686 2167 maxima:
717 2100 808 2183 quia,
840 2101 922 2186 quod
946 2101 1077 2184 vovisti,
1105 2101 1228 2169 debitor
1250 2100 1354 2169 fidelis
1379 2101 1477 2169 reddi

308 2216 399 2296 disti3
434 2214 628 2283 eoncordaus
659 2216 877 2284 ammonitioni
904 2216 1105 2302 psalmistes:
1139 2219 1249 2285 Vosne
1275 2231 1304 2283 st
1332 2212 1475 2285 reddtis.

309 2330 457 2399 Ostendis
471 2330 556 2397 euim
571 2330 605 2396 in
620 2330 791 2414 reddendo,
815 2333 881 2399 voti
904 2332 951 2398 tui
966 2332 1009 2399 sit
1023 2333 1125 2416 qualis
1140 2333 1284 2401 intentio.
1319 2332 1388 2401 Fae
1410 2351 1477 2415 ergo

308 2448 393 2534 qnod
413 2447 503 2531 fanis,
526 2467 659 2533 operare
679 2449 763 2532 quod
785 2449 943 2534 opereris;
966 2450 1090 2516 vanites
1105 2469 1187 2516 vsne
1208 2449 1369 2535 loquatur,
1393 2467 1477 2516 uum-

307 2583 401 2650 quarn
422 2564 559 2630 intentio
581 2563 664 2630 bons
683 2563 898 2632 frustrabitur.

396 2679 487 2748 Siout
515 2679 600 2746 enim
628 2701 668 2746 eu
694 2680 802 2746 radies
830 2679 930 2751 bonus
957 2681 1078 2750 arboris
1100 2682 1221 2750 fruetus
1244 2681 1344 2748 bouus
1372 2682 1476 2759 oritur,

307 2796 354 2864 sio
367 2796 575 2865 intentionem
591 2795 706 2862 bonam
722 2815 842 2864 merses
857 2796 940 2864 boma
956 2817 993 2864 se
1006 2797 1189 2866 felleissinrs
1204 2798 1358 2884 sequitur.
1396 2797 1477 2864 Ideo

307 2933 369 2998 qne
383 2912 568 2979 intentionis
583 2917 656 2978 tuse
671 2912 784 2979 merito
808 2917 864 2977 tus
885 2913 949 2978 ianr
963 2913 1213 2981 fructuosissima
1236 2913 1334 2999 pollet
1358 2911 1478 2980 novelle

308 3025 492 3115 plantatio⁵.
525 3027 663 3111 Palleat,
690 3027 824 3112 pollest3
854 3027 1030 3096 invidentes
1054 3030 1197 3114 aequitas
1220 3029 1328 3096 divine
1352 3029 1477 3096 subver-

307 3151 365 3228 tat,
387 3151 425 3210 nt
443 3143 560 3212 eadunt
580 3162 656 3209 osse
678 3143 820 3228 pereuni,
844 3143 906 3210 nisi
929 3149 1111 3214 mersantur
1134 3146 1174 3212 sb
1197 3165 1304 3214 errore
1326 3145 1475 3214 eonverti.

394 3259 478 3326 Eoos
499 3279 563 3325 non
585 3263 678 3324 vacat
700 3259 908 3344 mysterio,
936 3261 1019 3345 qnod
1043 3261 1082 3328 ab
1105 3262 1176 3348 ipso
1199 3263 1251 3330 die
1272 3261 1476 3344 remissionis,

306 3377 341 3442 in
364 3394 429 3460 qua
448 3375 583 3442 domnus
606 3372 796 3460 apostolicus
819 3373 966 3460 civesque
989 3377 1155 3462 apostolici
1178 3383 1341 3464 portantes
1372 3397 1475 3464 passm

193 3517 290 3576 Apsus
306 3487 530 3575 adveneraut⁸,
558 3509 684 3556 summa
710 3489 867 3556 festivitas
890 3493 1029 3560 eiusdem
1058 3490 1138 3560 lusi*
1161 3495 1196 3560 in
1218 3490 1359 3561 deeimo⁸
1382 3494 1477 3562 eond-

306 3613 406 3693 gsrat
446 3607 577 3674 Claram
599 3611 648 3674 eet
668 3607 743 3673 inde
765 3607 927 3691 eognosoi,
957 3614 1064 3676 votum
1093 3615 1181 3676 tuum
1212 3611 1388 3696 perlectum
1412 3629 1476 3678 esee

306 3723 499 3812 perfectione
521 3722 672 3805 decalogi.

394 3839 466 3907 Nisi
487 3839 572 3906 euim
600 3837 829 3924 plenitudinem
856 3838 950 3923 legis,
979 3838 1198 3910 dilseuousm⁹
1221 3842 1343 3910 soilieet
1363 3842 1425 3909 Dei
1447 3845 1476 3908 et

378 3991 403 4043 1.
421 3989 526 4057 Puppe.
596 3988 623 4041 2.
641 3985 812 4040 floribertus.
884 3988 910 4042 3.
929 3988 963 4043 V.
976 3989 1046 4044 Tres
1064 3989 1196 4046 leetiones
1216 3989 1278 4060 „Au
1296 3987 1474 4046 mstutiuurn“
1551 4003 1553 4074 f

306 4075 460 4132 dominicus
477 4075 684 4130 resurrectionis
703 4074 732 4128 in
749 4074 892 4130 Breviario
909 4077 1043 4132 Romano.
1115 4080 1142 4134 4.
1161 4080 1262 4149 Pane,
1275 4081 1318 4135 12.
1390 4079 1416 4133 5.
1435 4091 1474 4132 eo·
1551 4075 1552 4078 ’

304 4165 390 4220 elesia
406 4163 628 4234 Bambergeusie.
727 4164 756 4218 6.
779 4163 1190 4237 i.e.sdse14Apri1.1oso.
1292 4169 1318 4222 ’1.
1341 4165 1474 4222 dedicatio
1551 4179 1552 4190 ¹

305 4253 439 4310 eeolesiae
457 4252 485 4307 S.
498 4251 630 4322 Stephani
647 4250 874 4322 Bambergeneis,
897 4269 915 4308 u
933 4255 1082 4312 Benedioto
1095 4257 1162 4314 Vlll
1182 4254 1257 4312 iaetu
1274 4255 1320 4312 dle
1338 4256 1374 4312 24
1392 4253 1472 4324 April.

307 4341 386 4396 1020.
456 4342 483 4396 8.
500 4339 724 4411 diemprilim
741 4340 787 4396 die
804 4339 936 4398 deeimo
955 4349 1020 4413 post
1037 4343 1111 4401 diem
1125 4345 1158 4400 14
1172 4345 1282 4415 Aprilis.
1354 4345 1380 4400 9.
1398 4344 1471 4398 sou.
1550 4423 1551 4426 Ἴ

307 4429 412 4497 13,1o:
432 4428 592 4498 „Plenitudo
609 4445 677 4498 ergo
693 4429 764 4500 legis
781 4435 826 4486 est
842 4430 981 4488 dileetio“.
