3142 4850
207 489 274 544 1007

166 565 221 622 post
232 562 289 609 Nor.
300 564 312 608 1

327 299 394 363 476
642 314 831 362 nrmronsn
854 312 1133 361 sannuncnusns.
1168 310 1186 361 a

418 472 526 541 Sentio
547 474 612 539 iam
635 473 764 556 dudum,
788 478 820 539 te
843 472 920 539 milri
940 472 1096 539 contraire
1112 470 1191 539 velle
1215 478 1247 538 et
1269 473 1406 540 iniustae
1428 493 1496 539 sns-

329 589 426 656 sionis
449 593 559 656 notare
574 598 643 656 me·
658 589 759 674 elogio
780 588 959 655 huiusmodi
975 588 1079 655 verbis
1096 588 1212 655 sanctis
1228 592 1261 655 et
1273 588 1382 654 iustis:
1405 588 1498 655 nirnis

328 705 480 771 iniustum
496 705 606 787 uideri,
630 704 747 771 terreni
764 704 888 790 imperii
912 704 1086 791 potentiam
1102 706 1204 788 magis
1218 704 1391 770 formidare
1406 725 1498 790 quam

329 820 484 904 divinam,
513 819 680 887 dilectione
703 819 887 906 temporalis
910 820 1076 886 suavitatis
1104 840 1274 906 provocare
1301 820 1336 885 in
1361 840 1397 886 se
1420 823 1498 886 iram

329 934 448 1022 absque
473 934 535 1002 fine
563 936 737 1022 punientis3
768 935 873 1001 sedem
904 955 1027 1021 qnoque
1057 934 1284 1021 episcopalem,
1318 935 1369 1001 cui
1400 934 1498 1021 sedes,

330 1072 423 1135 quam
446 1052 615 1137 repperisti
638 1050 752 1137 amplis
775 1050 946 1116 honoribus
971 1056 1113 1137 auctam,
1140 1050 1314 1137 perlonga
1342 1056 1497 1117 terrarum

329 1166 439 1252 spacia
462 1166 641 1250 dilatatam,
671 1187 734 1233 non
764 1186 834 1232 esse
861 1166 909 1230 iss
932 1171 986 1230 tuo
1010 1165 1141 1232 arbitrio
1164 1164 1213 1231 vel
1238 1166 1427 1232 exhonorari
1452 1164 1498 1232 vel

330 1282 444 1363 artari3
474 1288 506 1347 te
528 1281 612 1348 nolle
642 1282 746 1348 subire
775 1281 966 1367 supplicium
990 1300 1085 1347 csuss
1112 1281 1298 1368 perditionis
1319 1301 1428 1348 rerum
1451 1302 1498 1349 ec

329 1396 586 1464 elesiasticarnm.
676 1396 770 1462 Absit
786 1416 805 1461 a
820 1416 879 1479 me,
904 1402 949 1479 ut,
973 1397 1035 1462 nisi
1052 1396 1216 1484 desipiam,
1240 1396 1419 1463 huiusmodi
1442 1397 1495 1463 tibi

330 1512 554 1598 persuadeam
582 1512 698 1596 magis,
726 1512 753 1577 si
781 1510 846 1577 ullo
876 1510 970 1577 modo
993 1512 1109 1595 sciam,
1139 1512 1172 1578 in
1197 1511 1274 1578 baec
1295 1512 1367 1598 ipsa
1389 1518 1421 1579 te
1444 1512 1496 1578 du·

329 1648 401 1695 cers
423 1628 527 1695 velim.

418 1742 572 1810 Procedat
599 1742 775 1830 apostolum
806 1742 953 1826 loquatur
980 1763 1037 1829 pro
1066 1762 1117 1808 ms
1144 1740 1198 1808 ille
1226 1762 1282 1808 vas
1311 1740 1470 1808 electionis
1478 1738 1494 1827 ¹,

330 1858 439 1925 doctor
461 1859 611 1943 gentium.
649 1858 732 1924 Ecce
755 1856 864 1923 doctor
887 1863 1009 1939 noster3
1038 1878 1102 1924 non
1125 1858 1207 1923 enim
1232 1877 1273 1924 ex
1295 1858 1414 1943 Iudeis,
1445 1859 1495 1925 sed

330 1976 537 2059 exgentibus
560 1994 627 2039 nos.
662 1972 743 2051 Quid
767 1974 813 2039 ait
836 1972 1017 2058 apostolus?
1054 1972 1163 2039 Omnis
1185 1978 1294 2039 anima
1315 1974 1419 2058 inquit
1439 1996 1493 2061 pa-

330 2094 490 2158 testatibas
512 2091 746 2155 sublimioribus
769 2089 895 2155 subdita
918 2092 967 2154 sit.
1009 2090 1084 2155 Non
1108 2102 1150 2155 est
1174 2092 1415 2177 enimpotestas
1437 2093 1495 2155 πίει·

331 2208 447 2274 aDeo.
484 2206 574 2288 Quas
596 2219 698 2271 uatem
713 2219 795 2284 sant,
820 2230 840 2269 a
856 2204 926 2270 Deo
943 2207 1091 2271 ordinata
1106 2220 1187 2272 sant.
1202 2198 1207 2208 ’
1224 2206 1347 2292 Itaque,
1373 2210 1431 2293 qai
1449 2228 1492 2270 m·

330 2326 411 2389 sistit
429 2326 589 2411 potestati,
611 2322 677 2388 Dei
692 2322 888 2387 ordinationi
900 2322 1025 2386 resistit.
1063 2322 1128 2405 Qui
1141 2336 1243 2388 eatam
1257 2327 1415 2403 reaestuat,
1437 2324 1495 2409 spei

329 2441 393 2506 sibi
414 2437 664 2505 damnationem*
686 2431 885 2525 adquiram'.
976 2435 1073 2522 Ecce,
1096 2437 1171 2523 qnid
1194 2439 1319 2520 hortor;
1349 2457 1436 2522 ecce,
1463 2438 1492 2504 in

330 2576 410 2642 quae
433 2555 528 2636 duc03
556 2555 654 2620 immo
676 2574 739 2620 non
763 2573 837 2636 ego,
861 2550 916 2618 sed
940 2551 1117 2637 apostolum
1145 2553 1242 2620 immo
1265 2575 1329 2621 non
1352 2553 1421 2638 ille,
1444 2553 1491 2620 sed

322 2670 500 2758 perillum
522 2669 623 2738 Deus:
652 2675 688 2736 ut
710 2669 769 2736 Dei
794 2669 984 2736 ordinationi
1014 2687 1077 2734 non
1099 2669 1247 2736 resistas⁶
1269 2689 1328 2736 nec
1350 2671 1419 2758 ipse
1440 2669 1492 2736 tibi

330 2786 582 2854 damnationem⁴
611 2805 762 2852 maumas.
809 2784 965 2851 Fortassis
994 2783 1054 2850 hoc
1082 2789 1131 2850 est
1160 2784 1412 2853 damnationem*
1438 2785 1494 2852 sibi

331 2923 504 2969 assumere:
529 2923 576 2986 ea,
599 2923 680 2988 qnae
704 2923 723 2969 a
744 2900 978 2967 sublimioribus
1001 2899 1234 2984 iniungantur,
1261 2902 1474 2987 supersedere

420 3017 483 3085 Sed
506 3019 589 3104 quia,
613 3019 687 3083 dnm
710 3021 814 3082 tecum
837 3013 949 3101 eram‘,
977 3016 1070 3081 nimis
1094 3022 1218 3081 acutum
1241 3021 1273 3083 te
1295 3023 1327 3084 et
1348 3017 1433 3084 clare
1452 3018 1495 3083 ri-

332 3134 457 3201 dentem
479 3153 645 3216 noveram,
669 3134 798 3219 opinor:
826 3132 901 3216 hoc,
928 3131 1010 3216 quod
1033 3131 1066 3196 in
1089 3131 1260 3198 canonibus
1282 3131 1415 3217 legitur,
1443 3133 1496 3199 ho

331 3255 422 3317 nesta
443 3249 651 3338 praecipienti
675 3247 901 3316 oboediendum
926 3267 1004 3331 esse,
1029 3247 1118 3313 vivae
1141 3245 1243 3313 adhuc
1258 3249 1431 3317 memoriae
1451 3267 1497 3316 re·

331 3365 503 3449 corderis⁸3
534 3373 565 3432 et
585 3365 645 3431 boc
666 3363 745 3430 mibi
768 3362 1011 3450 superindutos,
1034 3361 1104 3430 idco
1128 3367 1159 3428 te
1182 3363 1389 3450 praecipienti
1417 3363 1498 3432 nolle

332 3481 547 3566 adquiescere,
579 3481 653 3566 quia
675 3480 876 3547 inhonestum
899 3479 1056 3562 videatur,
1087 3478 1249 3546 ecclesiam
1272 3485 1361 3546 tuam
1384 3481 1499 3548 diocesi

332 3617 391 3663 sus
412 3597 547 3683 privare.
583 3595 707 3667 Sanctis
723 3595 866 3684 patribus
885 3595 1176 3682 praedecessoribus
1192 3595 1336 3680 nostrisl,
1360 3601 1397 3662 ut
1412 3595 1499 3664 sudi·

331 3714 446 3797 vimus,
469 3731 532 3780 non
555 3711 755 3778 inhonestum
779 3713 834 3778 ssd
852 3711 943 3777 valde
965 3710 1130 3779 honestum
1154 3715 1186 3777 et
1208 3711 1285 3778 utile
1308 3713 1413 3778 visum
1436 3717 1497 3780 est:

330 3831 366 3896 in
386 3829 465 3896 locis
487 3827 548 3894 sibi
571 3827 758 3911 commissis,
780 3833 949 3914 postquam
972 3829 1005 3894 in
1028 3833 1152 3894 tantum
1176 3826 1275 3894 crevit
1297 3826 1439 3912 eeclesia,
1464 3832 1498 3893 nt

331 3945 395 4033 ipsi
417 3965 487 4012 eam
510 3944 643 4010 circuire
666 3949 698 4010 et
720 3943 886 4011 observare
913 3964 975 4010 uon
999 3943 1155 4028 valerent,
1187 3943 1265 4010 alios
1294 3943 1356 4010 sibi
1385 3943 1497 4010 substi-

332 4068 421 4129 tuere
443 4059 622 4128 sacerdotes
644 4065 677 4127 et
699 4079 738 4126 ex
761 4079 823 4126 uno
848 4059 1031 4147 episcopatu
1053 4059 1131 4125 duos
1154 4065 1209 4126 ant
1224 4063 1289 4128 tres
1311 4059 1430 4141 iacere3
1452 4065 1494 4142 nt,

403 4251 424 4285 ι
448 4251 484 4285 ms
500 4235 589 4285 addidi.
681 4237 704 4284 b.
728 4237 905 4285 dominationem
921 4251 983 4284 eorm
998 4235 1024 4284 is
1039 4235 1207 4284 damnationem
1222 4249 1243 4283 e.
1331 4249 1351 4284 a
1374 4237 1460 4284 resistis
1474 4247 1491 4280 a

334 4315 358 4363 d.
381 4317 513 4365 &donem
528 4333 548 4365 e.
610 4332 630 4364 s.
653 4318 777 4376 iunguntur
793 4333 812 4365 e.
874 4317 890 4364 l.
914 4331 964 4365 eras
979 4331 999 4366 e.
1061 4314 1273 4374 praeaudiens
1334 4316 1358 4363 lr.
1382 4316 1459 4364 reama
1472 4327 1489 4361 a

406 4424 431 4479 1.
448 4421 564 4495 Panlns3
582 4437 610 4478 v.
623 4420 687 4478 Act
700 4427 790 4494 apost.
802 4424 827 4494 9,
841 4421 883 4478 15.
973 4423 999 4478 a.
1017 4421 1095 4478 Rom.
1110 4420 1152 4490 13,
1172 4420 1196 4475 1.
1210 4420 1236 4476 2.
