3142 4850
311 307 375 374 124
701 323 870 375 cornuum
889 323 1018 375 conum
1052 323 1089 374 se

220 500 289 556 10⁷8
308 483 500 573 perceperit,
534 507 590 553 vos
618 487 682 574 ipsi
710 486 911 570 cognoscitis.
951 480 1042 563 Quod
1070 485 1155 553 enim
1188 485 1257 552 sine
1290 482 1401 552 dolore
1427 485 1481 550 six

308 621 474 688 possumus
503 602 553 669 rel
581 602 758 685 reminisci,
789 601 837 667 ita
857 602 975 668 caritas
996 601 1168 668 multorom
1190 601 1275 667 circa
1297 619 1367 666 earn
1389 599 1482 666 refri-

307 718 415 802 gescit,
439 723 475 784 nt
496 715 574 784 haec
588 722 733 804 tempora
746 735 805 802 per
820 716 1017 800 euangelium
1034 718 1236 802 praesignata
1249 715 1481 801 quodammodo

307 833 486 919 specialiter
498 831 679 916 videantur,
698 831 898 899 ubidicitur:
924 831 1084 914 Quoniam
1104 833 1301 898 Ιιαὸυηάαυᾰ
1314 835 1480 918 ἑπίφιίωι,

306 950 485 1036 νςίήφοεσει
507 953 640 1016 coritas·
663 943 858 1016 multorom&
900 946 992 1013 Unde
1019 947 1095 1032 qnid
1123 946 1211 1014 eliud
1237 946 1388 1030 dixerim,
1417 946 1482 1012 nisi

307 1064 391 1150 quod
419 1083 491 1147 vos,
524 1059 578 1147 qui
606 1072 660 1130 aut
688 1065 825 1148 segniter
853 1063 1040 1147 neglexistis
1067 1062 1140 1128 autb
1173 1061 1289 1147 paride
1317 1061 1481 1145 refugistis

306 1179 402 1246 matri
424 1185 547 1245 restrae
575 1179 609 1246 in
639 1185 729 1246 muta
755 1198 905 1266 pressura
932 1177 1093 1262 solaciari,
1122 1178 1251 1244 nomine
1271 1177 1410 1244 liliorum
1430 1177 1482 1243 in-

307 1295 418 1378 dignos
441 1299 473 1361 et
495 1295 637 1362 cambiis
657 1295 829 1362 visceribus
850 1293 969 1360 alienos
985 1311 1041 1359 vos
1061 1294 1248 1360 ostenditis?
1281 1293 1381 1372 Quem
1405 1313 1482 1360 aero

306 1409 460 1496 pudorem
483 1411 532 1476 vel
555 1411 659 1497 potius
678 1416 831 1497 qnantum
845 1409 998 1493 dolorem,
1021 1409 1163 1494 quisquis
1178 1413 1228 1476 est
1242 1429 1339 1477 sanae
1352 1410 1482 1494 ruentis,

306 1545 370 1592 non
393 1525 518 1609 sentiat,
542 1545 613 1592 cnm
636 1527 831 1592 consideret:
859 1529 1077 1612 persecutores
1098 1524 1290 1592 christianae
1317 1525 1482 1608 religionis

307 1645 396 1710 mse
410 1639 816 1729 factionis'conspiratione,
840 1642 887 1708 aie
900 1640 1089 1707 omnimedis
1104 1641 1278 1725 annisibus,
1298 1661 1361 1707 non
1376 1641 1482 1707 solnm

306 1775 357 1823 res
385 1777 459 1824 suas
481 1757 699 1844 profundendo
729 1759 785 1824 sed
813 1758 909 1823 etiarn
939 1777 975 1823 se
1001 1757 1089 1843 ipsos
1116 1758 1212 1823 morti
1238 1755 1410 1840 tradendo,
1439 1757 1482 1823 ad

306 1869 494 1959 ex'plendam
524 1875 621 1940 animi
649 1875 847 1939 atrocitatem
876 1873 939 1940 bue
965 1891 1066 1957 usqne
1099 1873 1285 1955 desudasse;
1319 1873 1481 1940 neminem

307 1994 412 2059 antem
440 1988 491 2055 vel
514 1989 568 2055 vix
591 1989 799 2075 paucissimos
820 1989 967 2055 iusticiae
992 1987 1133 2055 fautores
1160 1995 1216 2055 aut
1241 2008 1411 2075 corporum
1432 1989 1483 2056 la·

306 2103 414 2170 berem
437 2104 554 2188 subire,
577 2110 632 2170 ant
654 2123 758 2172 rernm
782 2103 949 2191 dispendia
965 2105 1042 2190 pati,
1065 2110 1120 2169 aut
1141 2104 1183 2170 de
1198 2104 1289 2170 bonis
1303 2105 1369 2171 suis
1385 2125 1483 2192 opem

305 2219 417 2286 matri·
441 2237 516 2285 suae
539 2219 688 2286 ecclesiae
709 2221 795 2288 ierre
817 2221 986 2287 curavisse.
1022 2219 1156 2303 Verum,
1184 2226 1343 2306 utcunque
1364 2220 1483 2287 irater·

305 2335 389 2402 nitas
416 2341 521 2402 restra
548 2355 617 2402 sese
646 2336 808 2420 habuerit,
842 2335 1026 2402 benedictus
1053 2335 1140 2402 Deus
1174 2343 1208 2402 et
1239 2341 1331 2422 pater
1358 2334 1483 2402 domini

305 2452 406 2518 nostri
429 2452 500 2518 lesu
521 2450 658 2536 Christi,
682 2458 772 2538 pater
794 2452 1081 2519 misericordiarum
1105 2458 1138 2519 et
1160 2453 1256 2519 risusd
1284 2452 1380 2518 totius
1403 2472 1482 2520 con·

305 2566 479 2652 solutionis,
502 2568 556 2653 qui
579 2567 757 2635 consoletur
779 2572 837 2633 isos
859 2568 894 2634 in
917 2570 1003 2633 omni
1026 2567 1230 2636 tribulatione
1252 2564 1389 2652 nostra¹,
1412 2570 1479 2653 qui,

304 2702 361 2749 nos
390 2682 429 2750 ab
452 2682 704 2750 aduersariorum
733 2682 879 2751 manibus
908 2690 940 2749 et
966 2689 1203 2770 persecutorum
1226 2684 1377 2752 violentia
1402 2704 1481 2771 pro·

303 2804 423 2884 tegens,
446 2798 597 2867 hatenus
617 2800 651 2865 ln
667 2818 763 2866 manu
778 2804 889 2865 nostra
902 2800 1060 2866 iusticiam
1074 2801 1246 2867 secundum
1261 2800 1480 2867 testimonium

304 2916 514 2982 eonscientiae
541 2922 667 2983 nostrae
696 2915 837 2983 defendit
863 2920 973 3003 atque,
1002 2916 1163 3003 potentiae
1185 2936 1262 2983 suae
1283 2917 1392 3001 rigore
1419 2916 1480 2985 luu-

303 3047 417 3099 manae
444 3028 639 3098 infirmitatis
665 3030 904 3098 inbecillitatem
932 3038 1074 3099 noemam
1096 3032 1319 3116 corroborans,
1348 3032 1390 3099 ad
1416 3032 1481 3100 ini·

304 3146 456 3232 quitatem
490 3143 630 3213 converti
664 3146 759 3213 nullis
793 3167 852 3213 nos
890 3143 1135 3234 promissionum
1170 3146 1346 3233 blanditiis,
1380 3148 1480 3217 nullis

304 3259 488 3329 vexantium
515 3262 688 3327 terroribus
716 3264 802 3331 sinit
843 3262 909 3349 lpsi
934 3264 1033 3347 igitur
1059 3264 1179 3347 gratias
1207 3264 1367 3331 inmensas
1394 3266 1480 3333 rale-

304 3376 419 3461 rimus,
449 3378 503 3461 qni
532 3396 605 3461 nos,
634 3378 784 3445 infractos
813 3379 875 3445 huc
903 3400 1003 3464 usque
1032 3380 1066 3445 in
1094 3400 1263 3466 pressurae
1289 3386 1480 3467 tempestate

300 3494 510 3577 conservans,
544 3492 585 3560 ad
620 3494 777 3580 quandam
811 3511 901 3581 spem
936 3494 1177 3581 tranquillitatis
1203 3496 1251 3562 sic
1287 3496 1396 3563 liberis
1427 3498 1480 3565 in·

304 3608 443 3675 cassibus
466 3609 571 3694 duxit,
600 3616 737 3695 utnon,
763 3630 822 3676 nos
844 3605 956 3677 conda
978 3610 1183 3698 principalem
1206 3612 1351 3679 iusticias
1371 3613 1479 3681 inteu-

303 3724 422 3791 tionem
450 3726 567 3809 egisse,
596 3730 651 3791 out
678 3726 810 3813 propria
839 3720 1032 3793 conscientia
1063 3734 1121 3794 aut
1153 3728 1387 3814 religiosorum,
1422 3731 1479 3816 qui
1546 3716 1561 3745 “

302 3846 466 3925 noverunt,
490 3843 681 3911 examinatio
703 3841 923 3929 reprehendat

392 3956 440 4023 De
463 3962 583 4041 cetero,
610 3958 742 4043 fratres,
771 3964 808 4025 ut
830 3976 926 4024 cansa
946 3958 1120 4043 iurgiorum
1142 3964 1176 4025 at
1198 3958 1372 4045 discordia,
1396 3980 1479 4048 quae

302 4073 531 4157 interregnum
548 4078 580 4139 et
595 4072 799 4159 apostolicam
817 4074 1002 4140 rodemiam
1019 4074 1136 4141 dudum
1154 4076 1302 4162 agitatur,
1318 4082 1479 4145 aunuente

302 4186 440 4257 Domino
463 4208 636 4273 congruum
659 4188 763 4257 valeat
784 4182 880 4257 linem
902 4192 1021 4276 sortiri,
1044 4212 1099 4259 ros
1123 4190 1164 4258 ad
1186 4193 1356 4279 synodum,
1380 4214 1479 4279 quam

373 4352 394 4385 a.
418 4352 437 4385 a.
452 4338 495 4385 1⁷2.
589 4339 611 4386 b.
636 4340 719 4388 acVZ.
813 4354 833 4387 a
857 4342 936 4388 matris
949 4341 993 4389 VZ.
1086 4342 1109 4389 d.
1132 4342 1213 4390 oaaV.

375 4432 626 4504 l.llatth.24,12.
717 4437 742 4490 2.
762 4433 913 4490 adortum.
928 4437 952 4506 l,
970 4436 1036 4491 3.4.
