3142 4850
471 351 637 400 nnsnnrcr
659 351 788 402 eonnx.
823 350 874 404 aar
1193 336 1261 402 403

102 505 178 576 231.
197 507 350 574 &conici
360 510 606 596 Bamderpeueee
622 513 926 597 ll'irridurpeueibue
940 514 981 576 de
992 509 1178 579 Gedelrerdo
1193 516 1260 598 epc'·

197 647 291 710 acopo
313 626 480 712 paulisper
502 629 591 712 apud
613 649 645 692 ae
667 629 829 694 denarrare
851 629 1067 714 rcapoudeut'.
1125 625 1165 706 (E
1182 627 1259 706 328)

177 754 310 822 Sanctae
331 756 603 840 Wirzebnrgensis
628 757 778 825 ecclesiae
802 759 939 824 dominis
963 777 999 824 ae
1020 759 1172 826 iratribus
1195 761 1261 824 suis
1316 767 1384 820 1127

98 869 295 937 serenissimis
319 891 356 937 ac
378 873 644 940 reverentissimis
666 893 756 940 soror
772 895 840 958 sna,
864 893 990 960 semper
1005 880 1037 940 et
1051 874 1167 958 ubique
1182 874 1261 962 ipsis
1280 843 1334 898 Μ
1349 839 1415 886 m

97 985 208 1068 devota,
232 985 503 1071 Babenbergensis
527 989 668 1074 eeclesia,
698 991 783 1056 inter
806 991 939 1055 adversa
961 991 1138 1076 praesentis
1161 990 1261 1056 tribn-

95 1099 211 1167 lationis
234 1122 293 1168 nec
315 1101 355 1168 ad
378 1105 540 1170 dexteram
566 1125 624 1171 nec
640 1105 679 1170 ad
696 1106 858 1171 sinistram
878 1105 1046 1187 declinare,
1071 1106 1126 1171 sed
1150 1106 1190 1172 ab
1212 1107 1260 1171 in·

94 1218 197 1283 dantis
221 1218 386 1284 sevissima
409 1221 626 1305 temptationis
650 1220 789 1308 procella
812 1239 921 1286 auram
939 1221 1119 1288 serenitatis
1135 1241 1174 1287 ae
1187 1241 1260 1308 por·

92 1336 154 1398 tnm
180 1334 420 1419 tranquillitatis
451 1355 513 1402 non
543 1336 638 1402 verbo
669 1341 701 1402 et
729 1337 839 1420 lingua
865 1343 989 1404 tantum
1018 1337 1075 1402 sed
1103 1357 1199 1423 opere
1228 1343 1261 1404 et

91 1447 215 1514 veritae
238 1469 257 1514 a
280 1449 348 1516 Deo
372 1451 502 1516 salutari
528 1471 584 1517 sno
608 1451 764 1518 instanter
787 1471 824 1517 ac
847 1451 1016 1534 vigilanter
1038 1453 1219 1539 implorare.

173 1563 327 1650 Optamus
343 1565 521 1651 diligenter,
539 1567 677 1634 recolere
693 1565 893 1634 discretionis
908 1573 1031 1634 vestrae
1047 1569 1258 1653 prudentiam,

90 1677 218 1762 qualiter
240 1687 350 1747 nostra
373 1690 404 1748 ct
427 1688 532 1748 vestra
556 1681 688 1749 ecclesia
712 1685 775 1748 iam
800 1682 876 1750 olim
900 1682 939 1748 ab
965 1683 1061 1748 inicio
1083 1704 1181 1750 unum
1204 1659 1258 1750 dor

89 1797 117 1858 et
138 1813 232 1860 unam
257 1795 394 1862 animam
421 1799 460 1863 ad
483 1798 617 1864 invicem
643 1798 788 1864 omnibns
811 1799 844 1863 in
866 1797 976 1882 rebus,
1007 1799 1075 1864 sive
1096 1800 1257 1885 prosperis

88 1911 305 1992 congaudendo
321 1933 376 1978 sen
394 1913 533 1979 adversis
549 1913 783 2000 compaciendo,
805 1913 922 1979 babere
937 1914 1125 1980 studuerint.
1160 1914 1258 1980 Cuius

88 2023 231 2092 videlieet
251 2047 377 2113 semper
399 2029 553 2095 amandae
581 2029 671 2095 nobis
695 2029 855 2096 societatis
878 2034 987 2114 atque,
1011 2035 1049 2096 ut
1069 2030 1116 2094 ita
1138 2029 1257 2095 dictum

87 2139 133 2222 sit,
156 2144 435 2224 congermanitatis
458 2145 529 2212 iura
552 2149 584 2210 et
607 2165 662 2211 vos
686 2145 837 2211 hactenns
859 2145 982 2210 illibata
1005 2165 1081 2229 erga
1102 2165 1161 2211 nos
1183 2165 1258 2212 eon·

86 2273 222 2323 servasse
252 2259 508 2341 congratulamur
538 2281 596 2326 nec
620 2281 677 2326 nos
702 2261 838 2326 violasse
856 2296 898 2306 -
920 2265 1001 2327 teste
1026 2259 1093 2326 Deo
1124 2267 1156 2328 et
1182 2280 1256 2326 con·

83 2370 211 2439 seientia
228 2407 266 2420 -·
286 2374 387 2441 libera
410 2393 486 2442 voce
509 2381 730 2461 protestamur.

167 2491 236 2570 Qua
259 2512 330 2557 eum
353 2493 400 2557 ita
422 2493 487 2557 sint
516 2512 650 2576 cumque
672 2512 729 2558 nos
753 2512 880 2579 semper
906 2512 1005 2577 nsque
1034 2492 1143 2574 modo,
1173 2492 1256 2559 sicut

82 2604 208 2674 decebat
239 2614 271 2674 et
291 2608 425 2673 tacnltas
449 2610 652 2691 suggerebat,
689 2608 729 2673 ud
752 2609 861 2674 omnia
882 2616 1006 2674 vestrae
1028 2606 1201 2673 voluntatis
1223 2614 1256 2675 et

80 2720 203 2790 honoris
232 2724 381 2809 obsequia
411 2728 574 2811 promptos
599 2744 635 2790 ac
658 2724 787 2791 devotos
810 2724 908 2790 fnisse
934 2724 1159 2809 probaveritis,
1190 2742 1254 2789 non

81 2840 236 2905 modicum
269 2840 498 2907 ammirationis
522 2841 619 2905 immo
643 2841 738 2906 etiam
767 2839 989 2905 amaritudinis
1012 2844 1044 2904 et
1066 2839 1184 2904 doloris
1205 2838 1254 2904 in·

81 2962 242 3034 gesserunt
258 2954 349 3021 nobis
360 2956 485 3023 litterae
498 2958 632 3042 quedam
643 2952 659 3039 ¹,
680 2976 749 3041 qne,
766 2976 806 3021 ex
823 2974 959 3041 persona
970 2960 1093 3019 vestroe
1105 2954 1253 3019 fraterni·

80 3070 150 3135 tatis
174 3071 307 3155 allatae,
336 3077 462 3157 praeter
485 3073 632 3139 meritum
657 3079 689 3139 et
711 3072 837 3158 culpam
861 3090 995 3153 magnae
1018 3070 1180 3136 cniusdam
1204 3070 1252 3137 in·

80 3182 283 3253 humanitatis
307 3208 365 3253 nos
394 3192 531 3269 arguunt
561 3188 654 3254 simul
683 3194 715 3253 et
741 3187 896 3274 superbae
925 3186 1123 3252 temeritatis.
1158 3186 1253 3251 lnbn-

80 3302 239 3368 manitatis
264 3303 390 3387 quidem
408 3310 483 3368 nota
499 3303 698 3389 splendorem
720 3304 920 3369 innocentiae
934 3307 1062 3368 nostrae
1078 3302 1251 3385 obfuscant,

78 3414 148 3481 dum
164 3418 395 3504 compassionis
413 3418 558 3485 allectum
575 3420 754 3505 specialiter
770 3420 859 3486 vobis
875 3418 1027 3500 debitum,
1047 3438 1138 3501 quem
1155 3419 1251 3484 etiam

78 3534 306 3601 remotissimae
322 3539 354 3600 et
376 3535 503 3617 ignotae
520 3534 669 3601 ecclesiae
685 3534 774 3600 vobis
798 3556 857 3620 pro
871 3534 998 3599 Christo
1015 3533 1159 3617 oderant,
1182 3554 1250 3619 nos,

79 3650 162 3730 quasi
187 3650 286 3716 duros
309 3656 341 3716 et
363 3651 569 3734 inhumanos,
600 3651 695 3715 nimis
719 3650 823 3717 aliena
845 3656 951 3716 mente
973 3657 1097 3716 vestrae
1119 3649 1251 3715 instanti

78 3763 249 3832 calamitati
284 3766 440 3850 denegare
471 3767 687 3852 improperant.
733 3766 934 3832 Temeritatis
962 3785 1036 3831 vero
1070 3765 1249 3850 snperbiam

78 3877 245 3965 obiectant,
270 3882 343 3947 dum
367 3902 435 3964 nos,
460 3882 551 3966 quasi
576 3880 615 3947 ad
631 3886 845 3967 contemptum
862 3880 1022 3946 Romanae
1039 3881 1137 3945 immo
1152 3880 1249 3946 totins

78 3995 234 4081 ecclesiae,
259 3998 408 4063 domnum
433 3994 680 4077 G(ebebardnm)
710 3998 1016 4063 excommunicatum
1039 3997 1072 4059 in
1095 3994 1250 4061 catholica

76 4115 294 4178 communione
316 4113 473 4198 recepisse
497 4114 603 4197 sicque
626 4132 744 4179 cornua
767 4113 924 4197 peccatori
940 4112 1064 4178 dedisse
1080 4110 1248 4197 proclami-

77 4227 156 4307 tant3
180 4230 273 4313 qnasi
290 4248 366 4294 vero
389 4229 436 4294 ita
459 4228 498 4295 ab
515 4230 599 4294 omni
616 4229 738 4294 ratione
751 4229 850 4293 simus
866 4226 970 4310 alieni,
994 4226 1073 4291 meo
1089 4226 1248 4293 omninml

143 4374 163 4405 a
187 4376 217 4406 ere
235 4362 430 4417 Vter-1370,
448 4362 504 4422 Zp.
514 4364 666 4419 eoa—eoa,
687 4360 707 4408 C
721 4363 858 4407 ert—een.
952 4361 974 4407 b.
999 4359 1038 4407 ὄιιί
1054 4360 1078 4407 V.

144 4456 167 4509 1.
186 4471 232 4525 ep.
246 4458 300 4513 230
318 4472 402 4526 snpra
419 4472 446 4525 p.
460 4458 522 4511 401.

975 4543 1035 4599 26*
