3142 4850
479 298 644 348 neronior
667 297 794 350 conen.
828 295 864 348 st
1193 279 1255 344 1⁷1

174 458 244 542 Ege
266 457 304 525 G.
328 463 361 524 et
382 457 419 524 E.
442 477 643 545 summopere
669 477 725 525 vos
750 455 943 525 obsecrando
971 475 1151 523 monemus:
1180 474 1259 540 qna·
1275 469 1426 525 tetemet

92 574 182 658 tinus,
207 574 335 643 domino
358 578 465 640 nostro
489 574 637 660 episeopo
658 573 912 657 Babenbergensi
934 571 1045 639 intime
1066 571 1182 638 litteris
1204 591 1257 637 ve·

93 690 161 756 stris
183 691 305 772 gratius
329 689 459 774 egendo,
483 689 743 772 benIgnissimum
758 689 849 755 vobis
872 709 945 754 eum
968 686 1157 767 exhibeatis3
1181 705 1257 771 qno-

6 823 7 828 *
91 804 172 870 niem
193 823 356 889 nunquam
379 804 492 870 maiori
515 803 619 871 studio
643 804 684 870 ad
697 809 839 871 vestram
858 803 1048 886 legationem
1065 800 1258 867 devotiorem

92 939 123 985 se
147 919 301 985 exhibuit.
1102 925 1110 935 ’

153 1033 309 1101 Comitem
333 1033 540 1116 H(einrienm)
563 1032 603 1100 de
626 1027 781 1100 Saxonia¹
804 1031 945 1098 nondum
966 1031 1135 1098 eonvenire
1158 1031 1257 1117 potui

93 1149 176 1233 Quia,
200 1169 271 1215 eum
296 1150 436 1215 exercitu
446 1148 675 1236 Westpheliem
691 1149 863 1232 ingressus,
885 1148 1026 1213 nondum
1040 1151 1090 1213 est
1103 1165 1258 1213 reverens.
1347 1201 1352 1210 .

92 1263 181 1330 Brevi
197 1269 303 1331 autem
320 1264 411 1331 ambo
427 1285 485 1350 pro
501 1271 607 1331 vestra
623 1284 695 1330 enm
705 1263 845 1329 utilitate
854 1262 1086 1328 conveniemus.
1155 1260 1259 1339 Quan-

92 1385 154 1445 tum
178 1385 285 1446 entem
310 1401 348 1446 ex
372 1379 483 1446 nuntio
506 1381 535 1445 ei
550 1379 736 1445 transmisso
752 1377 987 1464 perpendimus,
1010 1376 1107 1444 niehiI
1122 1376 1210 1443 vobis
1225 1377 1260 1443 iu

94 1513 127 1559 eo
148 1494 261 1577 oberit„
285 1496 313 1560 ei
335 1495 553 1560 tantummodo
577 1493 741 1580 praedium
766 1513 859 1560 snum
882 1491 1066 1574 Gredingin
1089 1498 1125 1557 ut
1141 1492 1170 1557 ei
1185 1512 1259 1577 pro·

93 1611 221 1676 missum
245 1615 303 1693 est,
327 1611 490 1695 reeeperit.
524 1608 558 1675 Si
582 1615 688 1676 autem
711 1610 744 1674 in
767 1610 826 1675 hae
849 1607 1066 1694 expectatione
1080 1607 1259 1691 frustretur,

6 1719 7 1726 '
94 1727 229 1811 profesto
259 1725 386 1791 omnino
417 1745 436 1791 a
465 1725 553 1791 vobis
582 1723 821 1790 abalienabitur.
868 1722 969 1791 Huius
991 1727 1115 1788 antem·
1136 1721 1260 1808 praedii

6 1851 7 1854 ’
93 1841 332 1923 restitutionem,
359 1840 477 1906 nullius
500 1841 695 1906 invasionem
719 1839 752 1906 in
775 1839 884 1904 vueuis
906 1838 970 1903 illis
993 1837 1136 1924 pertibus
1161 1836 1260 1902 Saxo·

94 1955 177 2038 niae,
207 1954 326 2021 nullius
357 1955 538 2020 violentiam
567 1954 601 2020 in
631 1959 699 2020 tota
725 1953 782 2021 illa
803 1955 909 2040 patria
932 1957 1056 2038 oportet
1078 1971 1150 2035 vos,
1179 1953 1261 2018 sient

93 2070 159 2156 ipse
182 2071 350 2157 pmmittit,
374 2070 554 2137 formidare.
623 2068 751 2136 Fratres
775 2071 871 2136 etiam
895 2089 978 2152 snos,
1002 2072 1170 2154 postquam
1186 2087 1260 2134 oon-

6 2179 7 2182 ’
94 2187 279 2270 venerimus,
302 2186 336 2252 in
359 2165 510 2270 quantum
536 2185 737 2270 arbitramur,
760 2205 859 2270 nsque
880 2185 1075 2250 adventrum
1089 2184 1260 2251 adventum

6 2303 7 2306 ’
95 2299 125 2366 in
148 2307 253 2368 vestra
276 2300 426 2368 fidelitate
449 2301 666 2366 detinebimus.
704 2299 907 2384 Venantum,
930 2301 1013 2366 sieut
1033 2299 1080 2366 ele
1101 2299 1261 2386 promitti-

95 2438 173 2501 mus,
188 2417 342 2501 condigne
356 2415 545 2484 liberalitate
562 2415 648 2503 ipsos
663 2414 847 2483 redimendo
863 2415 1023 2483 benivolos
1034 2415 1123 2482 vobis
1136 2413 1259 2482 efficite.

181 2531 229 2599 De
257 2532 412 2617 eolloqnio
434 2530 505 2597 VIII
528 2531 597 2598 Kal.
619 2528 691 2599 Iulii
721 2553 740 2598 a
768 2532 965 2619 principibus
991 2531 1110 2597 indioto
1134 2532 1261 2597 omnino

97 2668 149 2714 vos
172 2647 334 2715 sollieiteri
356 2667 421 2713 non
444 2651 585 2732 oportet3
609 2647 758 2731 qnoniam
782 2652 892 2714 nostra
914 2645 1059 2713 solleroia
1075 2645 1155 2712 illud
1169 2665 1261 2732 prae·

97 2764 244 2829 veniendo
271 2764 399 2850 penitus
423 2761 694 2829 adniehilebimus.
733 2762 874 2850 lnoeptio
899 2763 984 2829 enim
1006 2781 1163 2846 eeueaqne
1186 2756 1261 2826 sua¹

98 2898 171 2961 erge
191 2898 244 2945 vos
267 2878 378 2945 amieis
394 2878 530 2943 inimioIs
547 2879 754 2963 universeque
770 2878 917 2965 displicet
930 2898 1037 2962 reguo.
1073 2875 1136 2943 Sed
1152 2894 1261 2961 quam·

6 3066 7 3077 χ
98 2993 144 3059 vis
166 2995 302 3061 universi
316 2992 390 3059 inde
406 2993 601 3077 mussitent&
624 2993 721 3061 niehil
736 2998 854 3077 temen,
877 2992 946 3059 Deo
962 2997 1119 3059 annuente
1133 2990 1261 3057 vestris·

100 3127 158 3193 que
178 3108 320 3177 fidelibus
344 3108 570 3193 annitentibus,
595 3108 683 3175 vobis
706 3109 826 3175 orietur
847 3107 1056 3175 formidabile.

183 3224 326 3292 Ceterum
349 3225 515 3291 universus
539 3228 640 3291 status
662 3225 791 3311 imperii
809 3224 906 3290 vestri
922 3223 1034 3289 maiori
1049 3223 1082 3289 in
1098 3222 1166 3289 dles
1181 3222 1263 3287 inter

101 3358 155 3405 nes
176 3344 379 3426 prosperatur
400 3338 639 3423 tranquillimte.

182 3456 357 3543 Episcopus
380 3448 586 3521 Eistetensis⁸
601 3454 791 3539 legationem
807 3459 956 3539 vestram,
980 3473 1060 3539 quae
1076 3452 1194 3537 absque
1211 3450 1263 3516 lit-

102 3571 173 3635 teris
189 3573 301 3639 vestris
317 3572 345 3639 ei
362 3570 458 3655 venit,
481 3572 586 3637 minus
603 3572 795 3637 autenticam
810 3570 930 3638 habuit.
965 3569 1057 3635 Nune
1072 3572 1176 3636 nutem
1191 3587 1264 3635 oum

104 3685 198 3767 sigillo
219 3686 396 3754 litterarum
420 3690 599 3753 vestrarum
621 3706 731 3752 rursus
754 3686 895 3768 rogando
919 3690 951 3752 et
972 3684 1030 3750 sub
1047 3688 1178 3771 optentu
1192 3702 1264 3768 gra·

104 3800 163 3867 tiae
176 3808 293 3869 vestrae
309 3800 532 3887 praecipiendo
548 3798 678 3868 efficite:
700 3799 848 3886 quatinus
864 3800 971 3867 eomiti
981 3798 1156 3880 ll(einrieo)
1172 3816 1263 3885 prae

168 4018 187 4051 s.
208 4009 260 4067 pest
274 4004 388 4055 examen
403 4002 503 4051 videtur.
665 4004 687 4051 b.
711 4005 821 4051 maritent
836 4004 889 4052 Inde
903 4004 927 4052 V.

171 4128 192 4180 1.
210 4126 366 4181 fleturioum
378 4125 508 4181 (trunsum
527 4124 664 4196 oomltem,
682 4123 767 4181 fllium
781 4125 890 4181 ottonis
907 4124 944 4181 de
955 4122 1097 4180 Northelm
1115 4122 1193 4177 dnois
1210 4124 1263 4179 Be·

107 4212 204 4285 variae,
226 4216 288 4284 qul,
313 4212 448 4271 Gertrude
466 4228 559 4271 sorore
577 4212 693 4270 unbem
715 4213 880 4270 merehlonie
901 4215 930 4269 in
953 4212 1155 4269 matrimonium
1172 4210 1264 4281 duom,

108 4296 252 4372 Gummgen
264 4302 406 4372 praedium
425 4305 461 4368 (v.
472 4301 545 4358 infra
555 4319 582 4372 p.
592 4304 642 4357 179
654 4320 681 4359 n.
688 4303 715 4370 1)
728 4301 895 4358 vindieabat.
922 4300 965 4358 Or‘.
975 4300 1154 4357 Giesebreolrt
1164 4299 1264 4356 Geeolr.

112 4384 154 4440 der
169 4388 317 4444 deutschen
334 4390 486 4445 KelserneIt
502 4390 542 4445 Ill
561 4390 639 4446 1135.
712 4394 738 4445 2.
762 4390 899 4461 colloquii.
969 4391 996 4446 Β.
1015 4390 1159 4447 Udulrleus
1171 4390 1194 4445 1.
