3142 4850
374 338 554 387 nsaaoanr
577 338 758 387 nrsnocns.
795 341 859 388 ma.
876 341 916 389 111
938 339 994 390 ac
1203 325 1265 389 797

94 497 157 575 aad,
182 511 307 583 accepto
329 500 481 583 praedio,
504 522 579 564 moa
597 503 631 565 s'a
647 502 732 565 eiam
747 523 840 565 sacra
854 503 1007 567 obierum.
1036 501 1084 566 Ac
1098 501 1156 585 illi,
1181 522 1267 568 sorn-

93 614 198 677 tantes
222 614 338 697 omnia,
362 632 433 679 eum
457 634 515 680 nec
537 614 679 681 iumenta
701 634 759 682 nec
774 620 877 683 vestes
899 636 959 683 neo
980 616 1046 683 nlla
1060 617 1151 700 signa
1175 619 1267 685 itine-

92 726 231 793 rantium
253 729 457 813 inuenissent,
481 730 585 798 furere
600 730 770 798 desierunt.
861 732 960 799 Porro
975 732 1039 799 illis
1054 734 1266 819 pertriduum

92 841 137 909 ibi
165 841 363 913 latitantibus
393 866 452 913 nec
481 866 614 930 usquam
643 847 771 932 prodire
793 868 852 914 nec
874 847 938 913 ullo
961 848 1054 913 ruodo
1078 848 1128 915 vel
1151 850 1267 916 mutire

92 961 363 1045 presumentibus,
399 964 565 1048 episcopus
600 982 671 1029 cum
703 963 797 1047 duce,
834 963 873 1030 ab
901 963 1068 1030 Uznoimia
1096 965 1266 1050 protectus,

91 1074 194 1142 multa
216 1096 313 1143 manu
336 1078 472 1144 militum
498 1082 530 1143 et
552 1078 707 1145 sociorum
724 1078 928 1163 Hologostam
945 1080 1087 1163 intravit,
1111 1100 1199 1167 spem
1216 1101 1266 1147 sa·

91 1189 167 1257 lutis
191 1197 224 1259 et
246 1194 419 1279 presidium
442 1198 573 1279 portans
598 1193 748 1279 apostolis
771 1197 805 1261 in
828 1195 970 1262 conclavi
991 1196 1200 1263 latitantibus.

182 1310 212 1373 6.
248 1308 358 1394 ltaque
387 1309 498 1376 urbem
528 1309 706 1394 ingressus,
737 1312 815 1379 duce
838 1311 972 1379 fideliter
995 1332 1033 1378 ac
1054 1318 1203 1379 strennue
1225 1312 1266 1379 ad

91 1424 200 1489 omnia
222 1431 420 1511 cooperante,
445 1446 551 1492 semen
575 1426 694 1511 sparsit
716 1427 871 1511 euangelii
893 1433 925 1494 et
938 1428 1019 1494 dura
1032 1428 1265 1494 incredulorum

90 1539 188 1606 eorda
210 1540 333 1627 placide
356 1540 580 1627 predicationis
604 1546 741 1625 ungento
766 1543 918 1629 paulatim
942 1543 1156 1613 detumescere
1170 1544 1265 1610 facie·

91 1654 156 1722 bat
251 1656 375 1724 Interea
404 1658 532 1743 quidam
562 1659 601 1726 de
629 1660 722 1726 sociis
745 1659 863 1725 nostris
887 1658 1069 1726 Udalricum
1091 1666 1124 1727 et
1146 1658 1265 1725 Albwi·

90 1792 178 1856 num,
202 1772 240 1839 de
262 1772 403 1839 latibulis
424 1775 489 1840 suis
511 1782 706 1859 emergentes
722 1780 754 1840 et
767 1775 891 1841 iunctos
906 1775 997 1842 nobis
1012 1776 1157 1842 timorem
1173 1794 1266 1841 sunm

89 1889 279 1972 referentes,
308 1889 495 1956 deriserunt
536 1891 580 1956 Et
606 1892 696 1976 quasi
726 1892 771 1958 eis
798 1891 1003 1974 insultantes,
1033 1892 1174 1959 securius
1195 1909 1265 1956 sese

89 2003 207 2071 babere
234 2012 399 2090 oeperunt3
429 2011 461 2073 et
483 2006 607 2090 longius
631 2029 650 2073 a
672 2008 738 2073 suis
762 2008 911 2091 digressi,
939 2008 1015 2073 tana
1037 2006 1133 2073 etiem
1156 2005 1265 2091 ydolo·

88 2140 174 2205 rum,
198 2121 345 2207 episcope
362 2142 539 2188 sermonem
562 2122 791 2189 exhortationis
814 2123 1027 2208 protrahente,
1051 2121 1264 2207 speculatum·

88 2235 296 2319 vagabantur.
332 2236 447 2303 Verum
474 2238 601 2323 quidam
625 2238 757 2322 maligni
780 2238 939 2323 homines,
964 2237 1047 2325 apud
1072 2257 1151 2323 quos
1172 2236 1264 2303 radix

87 2353 270 2440 paganismi
293 2352 396 2418 adbuc
418 2352 574 2420 valentius
597 2354 739 2438 vigebat:
766 2358 821 2421 En
842 2355 990 2441 inquiunt
1010 2358 1066 2421 eati
1088 2354 1263 2441 apploraret,

90 2473 249 2556 quomodo
271 2471 387 2556 templa
409 2484 518 2536 anana
538 2474 715 2537 incendunt.
746 2471 789 2538 Et
803 2477 1029 2555 congregantes
1050 2491 1084 2536 se
1099 2469 1134 2536 iu
1148 2469 1264 2555 platea,

88 2585 186 2651 etiarn
224 2605 314 2651 arma
346 2589 473 2671 portare
508 2605 544 2652 ac
572 2587 671 2653 fustes
701 2591 747 2670 et,
784 2606 848 2671 qua
874 2587 1040 2652 transituri
1069 2584 1263 2668 videbamur,

87 2700 183 2767 nobis
211 2700 336 2768 obviam
366 2707 459 2769 stare.
500 2701 666 2768 Udalrious
690 2707 812 2785 summ,
841 2702 969 2768 intuens
991 2701 1063 2768 illos
1086 2701 1209 2768 eminus
1232 2707 1264 2766 et

86 2816 281 2883 subsistens:
306 2819 382 2883 Noc
405 2821 567 2884 odvamtt'a
591 2818 695 2902 inquit
716 2819 772 2884 laos
787 2841 852 2884 coa
868 2822 937 2884 aine
951 2842 1048 2884 causa
1063 2811 1263 2884 00000001·οΓ

84 2955 166 3000 nom
190 2947 218 3000 et
239 2934 430 3001 mrhclenter
452 2957 484 3000 aa
508 2934 620 3001 tabem
643 2949 671 3001 et
693 2957 784 3000 arma
805 2947 937 3021 portant
951 2957 1072 3011 ornam
1096 2937 1129 2999 at
1147 2933 1263 3018 prioris

85 3048 223 3136 periculi
251 3049 436 3116 recordans:
466 3051 551 3117 Nolo
579 3050 682 3134 inquit
708 3053 823 3117 tociens
851 3064 1003 3137 temptare
1023 3051 1130 3115 Deam
1151 3071 1261 3115 mesura

84 3164 133 3232 Et
156 3183 326 3232 conversus
350 3164 420 3248 illo,
452 3165 506 3231 ubi
529 3165 712 3251 episcopum
735 3165 914 3249 dimiserat,
942 3165 1047 3232 redire
1068 3165 1166 3250 capit,
1191 3163 1262 3229 eliis

85 3280 237 3348 omnibus
253 3301 325 3348 eum
340 3281 543 3365 sequentibus
560 3286 666 3367 preter
682 3281 831 3348 clericum
847 3280 1003 3366 quendam
1018 3280 1146 3346 nomine
1162 3278 1263 3347 Theo·

84 3397 247 3481 dericum,
277 3397 346 3481 qui,
375 3396 499 3480 longius
527 3401 600 3463 ante
623 3396 694 3462 illos
718 3417 919 3482 progressus,
947 3396 1012 3463 iam
1033 3397 1118 3462 tores
1140 3394 1262 3462 delubri

82 3511 227 3580 tenebat
263 3512 412 3579 Videntes
437 3518 542 3579 autem
565 3513 691 3598 pagani,
716 3513 769 3598 qui
785 3519 1008 3596 conuenerant,
1030 3511 1103 3578 illos
1118 3533 1138 3577 a
1152 3511 1262 3597 cepta*

82 3629 143 3696 via
164 3648 318 3712 reversos,
346 3629 493 3715 persequi
516 3649 570 3696 cos
594 3628 719 3714 quidem
742 3649 806 3694 non
829 3628 1000 3710 audebant3
1030 3629 1086 3696 sed
1109 3629 1150 3694 ad
1170 3627 1260 3694 illum

81 3743 238 3812 clericum
263 3743 511 3812 interficiendum
537 3765 646 3810 omnes
670 3751 882 3812 accurrerunt
917 3743 984 3822 Quo
1001 3744 1079 3828 viso,
1103 3744 1157 3811 ille
1175 3743 1261 3810 alind

82 3879 153 3944 quo
177 3859 350 3927 declinaret
372 3880 434 3926 non
458 3860 587 3945 habens,
610 3861 719 3926 fanum
743 3861 848 3946 ipsum
871 3860 1021 3927 audacter
1044 3861 1188 3945 quamvis
1206 3881 1261 3927 ex-

79 3974 220 4043 territus
249 3975 389 4042 intrarit.
431 3976 511 4042 Erat
539 3981 644 4042 autem
671 3975 738 4042 illic
765 3975 886 4062 clipeus
916 3974 1057 4062 pendens
1083 3976 1117 4041 in
1141 3976 1262 4061 pariete

79 4090 170 4159 mire
186 4091 423 4175 magnitudinis,
448 4111 580 4179 operoso
597 4089 738 4174 artificio,
763 4093 832 4158 auri
847 4091 975 4158 laminis
990 4090 1144 4175 obtectus,
1167 4110 1260 4176 quem

79 4207 272 4291 contingere
299 4207 378 4273 nulli
406 4207 587 4274 mortalium
616 4206 739 4288 licaret3
775 4227 813 4273 eo
842 4207 925 4292 quod
952 4212 1037 4274 esset
1063 4207 1127 4273 illis
1154 4207 1261 4274 nescio

163 4371 184 4404 a
208 4357 325 4417 speculata
342 4357 396 4413 NB,
414 4357 554 4417 speculatum
571 4357 599 4403 R.
701 4357 723 4403 b.
747 4357 800 4403 illos
816 4359 909 4416 accepta
925 4357 979 4412 NB,
997 4371 1010 4404 a
1025 4360 1092 4416 copta
1108 4356 1137 4402 R.

163 4453 187 4506 1.
207 4449 248 4508 Cf.
263 4451 322 4507 Ebo
335 4451 412 4507 1118.

1323 518 1392 573 1127

1276 594 1330 650 post
1345 591 1397 638 itai.
1406 593 1436 639 22
