3142 4850
336 302 404 369 520
622 320 811 369 sausoure
833 318 1112 368 auuauaseusss.
1148 316 1239 369 aaut

212 498 284 554 1122
336 480 435 549 libere
458 485 491 548 et
517 481 668 547 oauouiee
691 480 732 547 ad
753 481 838 549 buno
858 481 982 568 apioem
1013 480 1188 567 promovit,
1217 478 1425 547 misericordia
1443 502 1486 547 re·

167 572 405 664 W‘⁸⁰⁹*·²³aoa
419 596 582 663 coufirmat
605 601 637 662 et
653 596 820 682 prohibeat
837 618 857 662 e
871 597 1130 684 persequentium
1153 596 1288 663 iniuriis.
1326 596 1419 662 Nam⁸
1432 596 1487 662 eiua

338 712 523 800 expulsione
550 713 597 779 ita
623 712 794 779 suffocatur
821 713 952 780 libertae
979 712 1106 797 eolesio,
1137 711 1220 796 quod
1242 711 1341 778 laious
1363 706 1488 797 quidam¹

338 830 440 896 adbuo
462 832 595 914 oooupat
622 829 722 914 ipsius
751 829 858 896 sedem
887 835 935 913 et,
965 828 1147 915 dissipando
1175 829 1404 913 episcopatum,
1431 848 1489 913 per·

338 946 481 1030 sequitur
504 948 537 1010 et
558 944 709 1027 destruit,
740 946 794 1029 qui
817 942 924 1011 fidelos
948 947 1022 1009 suut
1050 942 1135 1009 illius
1159 943 1285 1025 eolesio,
1314 950 1347 1011 et
1367 944 1423 1010 iate
1443 948 1490 1025 eat,

338 1060 392 1146 qui
415 1059 544 1127 ultimus
567 1060 708 1126 omnium
732 1059 826 1125 auulo
851 1063 883 1127 et
905 1058 1017 1125 booulo
1033 1060 1174 1126 investiri
1190 1078 1253 1125 nou
1273 1058 1491 1126 abborruitsub

336 1177 407 1264 ipso
431 1175 564 1243 artioulo
588 1176 825 1242 exterminando
850 1172 1210 1243 exeommunioatiouis’.

426 1290 575 1359 Preterea
595 1312 769 1358 memorem
786 1312 855 1358 esse
871 1291 961 1357 deoet
980 1290 1180 1358 elementiam
1196 1297 1333 1359 vostram
1356 1290 1491 1371 omnium

338 1409 392 1494 qui
414 1428 474 1495 pro
497 1408 630 1474 servioio
652 1414 686 1475 et
706 1407 859 1475 fidelitate
884 1411 991 1473 sauote
1014 1404 1153 1475 Romane
1176 1406 1288 1475 eolesio
1310 1406 1493 1493 patrimoniis

338 1528 371 1591 ot
392 1522 552 1591 benefieiis
574 1524 640 1590 auis
664 1522 766 1591 adhue
791 1522 1038 1610 proscribuntur.

427 1638 494 1718 Quo
509 1638 629 1706 aemule
650 1639 839 1725 perferenda
853 1640 1067 1706 sommisiuius
1090 1643 1122 1705 ot
1138 1638 1200 1705 alia
1220 1637 1394 1723 complura,
1416 1654 1493 1703 uerus

338 1754 426 1823 Deus
447 1756 554 1839 novit,
584 1774 680 1840 quam
703 1755 921 1822 desideranter
942 1756 977 1821 iu
1000 1755 1060 1821 boe
1087 1762 1195 1821 saneto
1218 1750 1371 1821 musitio·
1394 1754 1431 1820 ad
1451 1772 1495 1818 roa

337 1872 402 1957 ipsi
424 1870 674 1957 pertulissemus,
697 1872 760 1937 nisi
782 1872 970 1955 egritudine,
995 1877 1031 1936 ut
1052 1876 1208 1937 noverunt
1230 1870 1416 1953 studiosius,
1437 1889 1494 1955 pro-

339 1987 519 2073 podiremur
541 1992 574 2053 et
594 1986 657 2052 uisi
670 1984 803 2073 Alpium
827 1988 982 2073 asperitas
1006 1992 1039 2053 et
1059 1991 1109 2052 tot
1129 1986 1269 2052 locorum
1289 1988 1432 2069 augustie
1445 1985 1495 2049 rite

338 2101 524 2189 perieulum,
548 2108 581 2169 et
601 2101 652 2168 bis
674 2102 824 2189 preoipue
840 2103 950 2170 diebus
965 2102 1068 2187 malis,
1092 2102 1183 2169 uobis
1197 2102 1413 2169 iuoussisseut
1445 2100 1494 2167 lle

338 2218 455 2285 siderio
478 2219 562 2285 euim
585 2218 718 2285 faeiem*
739 2223 878 2287 vestram
901 2218 1008 2285 videre
1031 2217 1256 2303 desideramus,
1281 2213 1495 2304 autequamab

340 2334 526 2402 alterutrum
550 2334 635 2399 riam
657 2336 805 2403 universe
828 2336 932 2401 earnis
956 2334 1179 2419 ingrediamur.

342 2547 404 2620 26.
431 2549 624 2616 Adaffiertue
640 2550 663 2615 I
681 2550 936 2638 arodiepboopue
952 2552 1159 2636 Mopoauma
1174 2551 1441 2618 Hotomanus
1459 2570 1496 2612 re

427 2667 603 2752 preberds‘t,
620 2669 708 2753 quod
721 2689 754 2732 se
767 2667 944 2732 inconsulto
959 2667 1102 2734 Ottououo
1116 2669 1298 2754 epsboopum
1313 2669 1496 2734 ormowiot'·

225 2816 296 2871 1123
428 2799 622 2866 Adalbertus
651 2805 779 2866 sanetae
802 2798 983 2884 Mogontine
1012 2798 1125 2866 eolesio
1153 2799 1281 2868 humilis
1309 2799 1499 2866 ministeret

189 2892 244 2951 ⁹⁰⁸²
257 2889 324 2937 Μ’·
342 2915 513 3003 apostoliea
536 2916 620 2982 sodis
641 2915 764 2999 legatus
779 2915 903 2983 dileetia
920 2917 953 2982 iu
969 2915 1104 3000 Obristo,
1129 2915 1257 3001 quiquid
1275 2925 1359 3000 sunt,
1383 2915 1499 2982 Halber·

341 3031 499 3099 stadensis
528 3031 642 3098 eolesio
667 3031 820 3099 fratribus
849 3031 1014 3099 abbatibus
1044 3033 1215 3118 prepositis
1245 3033 1420 3119 ueterisque
1445 3037 1499 3096 um

341 3147 514 3214 maioribus
537 3167 630 3232 quam
654 3147 829 3214 minoribus
853 3149 999 3234 spiritum
1021 3148 1191 3232 eogiuudi,
1216 3169 1276 3232 que
1297 3155 1386 3216 reeta
1408 3151 1481 3214 suut

430 3261 479 3330 De
493 3269 596 3330 morta
610 3263 772 3330 karissimi
793 3268 825 3331 et
840 3264 1028 3332 uenerabilis
1044 3265 1152 3332 fratis
1167 3265 1278 3349 nostri,
1301 3263 1404 3350 patris
1420 3259 1501 3329 vett

341 3377 514 3446 Reiubardi
544 3375 712 3466 episeopi⁴,
742 3385 894 3464 quantum
924 3380 1085 3447 doleamus
1115 3385 1148 3448 et
1176 3380 1385 3464 doluerimus,
1415 3375 1501 3446 omui·

343 3500 456 3582 potens
478 3495 565 3562 Deus
588 3497 686 3562 uouit.
728 3495 773 3562 Et
793 3497 878 3582 ipse,
908 3497 962 3581 qui
985 3502 1034 3563 est
1056 3496 1190 3580 veritas,
1220 3497 1310 3564 testis
1338 3503 1389 3563 ost
1414 3493 1502 3574 uobis,

344 3631 438 3696 quam
461 3611 551 3694 gravi
573 3631 631 3677 uos
655 3631 778 3678 merore
802 3609 956 3697 affecerit,
980 3613 1063 3698 quod
1086 3619 1152 3680 tam
1176 3613 1280 3680 subito
1302 3612 1443 3680 sublatus
1463 3613 1504 3676 eo

341 3726 445 3812 uobis,
468 3727 539 3813 qui·
561 3746 632 3792 oum
655 3727 800 3813 personis
824 3732 856 3794 et
879 3727 1001 3795 eclesiis
1023 3730 1140 3796 uostris
1163 3749 1262 3796 uuum
1284 3747 1399 3816 eorpus
1420 3725 1505 3792 fuerit

343 3849 377 3911 et
397 3845 504 3910 anima
526 3863 598 3909 uua.
1099 3843 1100 3848 ’

414 4017 435 4049 a.
458 4003 515 4049 Nam
533 4017 579 4049 sou
596 4009 658 4049 certe
674 4001 765 4064 lapitas.
859 4001 882 4048 b.
905 4001 986 4050 leolam
1003 4003 1083 4050 faeiem
1100 4019 1119 4050 c.
1208 4017 1228 4051 e
1252 4003 1374 4065 Deseriprr'
1389 4019 1418 4050 ea
1433 4003 1503 4050 ΑΜ·

343 4082 412 4130 listas
429 4073 533 4129 Seuerus
552 4082 602 4129 sod
618 4082 671 4129 titt.
688 4082 742 4143 irrep.
753 4081 834 4129 Puris.
848 4083 924 4129 ultor
943 4081 1073 4145 (quotidem
1090 4085 1114 4131 S.
1128 4083 1240 4132 Oomssaa'
1256 4085 1315 4144 440)
1329 4083 1451 4145 subn-5,
1470 4080 1504 4126 slt'

342 4162 412 4210 robus
429 4162 640 4209 aestumatum
656 4161 754 4224 epistola
770 4163 853 4210 auidiis
871 4170 910 4210 est.
934 4163 1067 4212 Ediderout
1083 4165 1192 4215 Murteae
1208 4173 1230 4212 st
1241 4165 1342 4212 Dsrosd
1360 4161 1502 4212 doloroso.

344 4241 367 4286 d.
392 4242 470 4301 quiqui
486 4241 573 4302 soeipsa‘
585 4257 632 4302 pro
648 4243 687 4302 qui
703 4241 752 4289 cod
847 4259 866 4290 e.
891 4243 930 4304 qui
945 4243 1032 4304 ssrt'pea'
1044 4259 1092 4305 pro
1108 4249 1132 4292 ot
1147 4243 1197 4292 sod.

416 4346 440 4399 1.
460 4343 649 4400 Gebebardus.
703 4348 729 4400 2.
749 4345 790 4402 Cf.
802 4347 961 4403 Ekkobardi
974 4348 1152 4420 ebroulldi,
1164 4350 1237 4406 bion.
1245 4349 1334 4406 Germ.
1344 4347 1394 4405 SS.
1403 4347 1438 4404 VI
1449 4345 1500 4400 258.

344 4432 370 4486 3.
388 4431 492 4488 Romae
504 4432 598 4490 habito
610 4438 729 4490 exeunte
741 4451 778 4491 ru.
786 4435 886 4494 Martio
898 4452 923 4492 a
934 4437 1014 4494 1123.
1083 4438 1110 4493 4.
1128 4439 1177 4509 qui
1188 4437 1258 4495 obiit
1268 4437 1296 4495 d
1305 4437 1338 4495 ii
1347 4433 1500 4494 retunsa
