3142 4850
320 310 385 373 748
608 326 787 374 ιιιιιιιιοιιιιι
811 324 992 373 omnooos.
1028 326 1094 373 arn.
1110 326 1136 372 ιι
1160 324 1212 373 no

32 476 42 489 ¹
151 508 216 556 ante
234 502 302 556 11‘21
321 512 413 552 ormo
433 510 607 574 provocare
629 510 726 574 quom
747 489 864 552 ducam
885 490 943 566 ait,
967 490 1124 574 iaec-perti
1144 509 1208 551 noa
1229 510 1352 564 aarum
1379 512 1490 574 quom-

323 608 368 668 cis
402 617 475 669 cate
508 606 546 669 dc
572 605 622 669 bsh
649 604 825 690 triumphos
851 604 1061 668 bobaeimua.
1103 602 1260 684 Quocirca
1289 626 1357 668 meo
1385 608 1492 669 ιιιιίιιιο

321 720 488 785 canalium
513 723 643 785 incidit:
674 718 834 785 Ratbeaos
864 732 931 784 crte
959 719 1068 785 culiae
1098 722 1253 806 superori.
1295 720 1340 785 Et
1360 742 1400 785 aa
1422 724 1492 806 φάε

320 836 514 922 impossibile
535 837 593 901 boc
615 839 742 915 asama,
766 857 834 899 ecce
853 836 969 899 eodum
984 836 1029 900 ud
1042 836 1125 915 illoc,
1151 849 1181 901 ct
1193 838 1389 901 incruentam
1405 837 1493 901 uobis

320 954 359 1018 de
381 955 508 1019 cronno
531 954 696 1017 obtectam
717 952 902 1037 reportabo,
931 950 1002 1016 Deo
1026 952 1122 1016 micbc'
1141 964 1299 1037 praumato
1320 954 1492 1037 inpertiam

320 1066 384 1133 Sed
407 1066 481 1152 quid
504 1066 633 1134 multis?
665 1065 791 1132 Placuit
813 1065 884 1132 dnoi
908 1070 940 1132 et
962 1066 1158 1152 principibus
1181 1066 1329 1151 experiri,
1353 1067 1383 1132 si
1403 1065 1493 1134 oller»

320 1188 387 1248 tum
416 1180 532 1249 habere
566 1182 663 1249 verba
689 1181 776 1249 Petri
804 1185 930 1267 queant
1026 1180 1270 1268 Assumptisque
1297 1182 1375 1248 viris
1404 1183 1494 1267 quasi

320 1298 453 1382 triginta
478 1298 724 1382 robustissimis,
755 1297 829 1364 ficta
850 1296 1037 1365 necessitate
1060 1295 1172 1364 Peh'us
1196 1297 1235 1364 ad
1258 1317 1366 1381 ιιςιιιιι
1389 1304 1493 1365 trans

319 1414 401 1497 fugit
415 1410 663 1495 Ruthcnorum¹3
688 1433 833 1498 eumque,
857 1418 924 1479 arte
947 1414 1102 1479 sermonis
1125 1414 1385 1498 circumventum,
1411 1415 1494 1500 quod

319 1529 402 1596 malo
426 1529 465 1595 de
488 1529 567 1597 duce
592 1531 740 1613 sentiret,
770 1528 918 1595 estimare
941 1529 1025 1595 fecit
1060 1528 1104 1594 Et
1125 1550 1198 1615 rex,
1231 1550 1267 1597 eo
1291 1531 1377 1615 qnod
1399 1530 1493 1598 fidem

320 1644 450 1712 haberet
473 1645 604 1729 homini,
627 1666 720 1731 quem
742 1646 838 1711 etiam
857 1645 1044 1731 prudentem
1059 1647 1168 1730 sensit,
1191 1645 1231 1711 ad
1246 1646 1348 1712 multa
1362 1646 1493 1731 negocia

320 1781 379 1828 sua
401 1764 469 1828 cius
490 1760 707 1827 familiaritate
729 1780 805 1826 usus
830 1766 893 1843 est;
917 1782 1059 1847 sperans,
1083 1762 1165 1847 quod
1188 1762 1314 1829 mndem
1339 1782 1398 1848 per
1421 1782 1491 1829 eum

320 1878 359 1944 ds
381 1877 513 1943 Polonia
534 1882 602 1943 tota
625 1883 731 1963 posset
752 1878 958 1964 triumphare.
992 1877 1144 1944 AtPetro
1169 1878 1254 1944 alind
1276 1880 1395 1945 mentis
1415 1884 1489 1945 crat

319 1994 401 2060 Nam
425 2014 496 2059 oum
520 1993 571 2059 die
593 1993 727 2077 quadam
751 1992 843 2060 fictm
866 1994 1030 2077 transfflga
1052 1994 1214 2080 ipsiusque
1236 1995 1312 2061 socii
1332 2013 1405 2060 cum
1421 2014 1490 2077 rege

222 2129 227 2141 ¹
319 2110 353 2175 in
377 2110 460 2175 saltu
488 2128 651 2175 nemorum
674 2109 811 2176 uenandi
833 2111 938 2193 gratia
960 2116 1165 2196 vagarentur,
1194 2130 1267 2194 rex,
1295 2109 1395 2176 nichil
1418 2110 1489 2177 mali

319 2226 515 2311 suspicatus,
548 2226 711 2291 occasione
738 2226 875 2292 ferarum
905 2226 1028 2309 longius
1058 2247 1077 2292 a
1105 2226 1249 2293 menibus
1280 2226 1488 2305 abscesserat

320 2341 537 2426 elongatisqne
559 2339 640 2425 aliis,
664 2340 776 2408 Petrus
800 2362 870 2408 cnm
895 2344 961 2407 suis
983 2344 1067 2408 eirca
1082 2339 1171 2408 illum
1186 2350 1394 2409 remanserat
1425 2340 1489 2421 Qua

318 2460 418 2525 fretus
441 2459 671 2544 oportunitate,
702 2465 794 2545 capto
817 2480 905 2543 rege,
934 2460 1147 2543 incruentam,
1171 2465 1207 2526 ut
1228 2459 1391 2546 pollicitus
1415 2465 1487 2541 erat,

319 2575 359 2641 de
380 2574 534 2641 Ruthenis
557 2574 722 2640 victoriam
752 2575 878 2642 dominc
908 2595 965 2641 suo
994 2575 1065 2640 duci
1094 2577 1276 2662 reportarit
1312 2573 1487 2661 Mirnmqne

319 2691 425 2775 dictu,
455 2689 551 2758 effera
578 2710 655 2775 gons
683 2689 740 2756 illa
762 2689 821 2755 hoc
842 2691 926 2756 facto
949 2692 994 2756 ita
1017 2691 1155 2757 edomita
1178 2697 1241 2774 est,
1271 2697 1307 2758 nt
1329 2712 1486 2777 nunquam

320 2813 431 2892 postea
452 2807 578 2873 urente
606 2806 685 2872 duce
713 2825 772 2872 noc
801 2805 926 2891 quidem
956 2806 995 2872 de
1023 2805 1104 2872 bello
1135 2807 1316 2890 cogitarent
1410 2809 1487 2874 Nam

319 2942 377 3008 pro
401 2923 562 3008 ereptione
585 2923 635 2988 sni
657 2923 812 3007 tirannus,
837 2923 983 3007 quicquid
1007 2923 1163 2990 maiorum
1186 2943 1314 2989 suorum
1331 2924 1439 2990 studio
1454 2943 1487 2990 ac

319 3037 453 3106 solercia
474 3039 508 3104 iu
531 3037 686 3106 thesauris
709 3038 873 3105 collectum
897 3039 1013 3106 habere
1036 3044 1169 3126 poterat,
1193 3038 1269 3105 dare
1289 3045 1417 3106 coactns
1433 3047 1486 3124 est,

319 3174 430 3221 aurum
459 3159 491 3220 et
520 3160 686 3238 argentum
711 3161 744 3221 et
766 3175 888 3240 queque
916 3155 1058 3240 preciosa
1080 3156 1113 3220 in
1136 3155 1219 3222 raah
1243 3160 1276 3222 et
1297 3155 1439 3222 vestibus
1460 3162 1486 3222 ot

318 3270 416 3336 variis
445 3289 541 3356 opum
570 3271 733 3357 speciebus
762 3271 941 3355 quadrigis·
968 3276 1000 3337 et
1027 3270 1155 3338 camelis
1184 3271 1217 3338 ia
1240 3270 1405 3338 Poloniam
1437 3292 1487 3358 ap·

318 3386 534 3474 portantibus,
563 3387 609 3452 ita
635 3393 671 3453 ut
698 3386 854 3454 Ruthenia
877 3391 943 3453 tota
972 3386 1100 3453 insolita
1129 3392 1315 3474 paupertate
1343 3388 1486 3456 ecumbe

318 3509 427 3569 sceret.
519 3502 655 3585 Deinde,
686 3502 739 3568 ubi
767 3501 875 3568 federa
901 3521 1049 3569 mansure
1076 3503 1164 3588 pacis
1191 3504 1396 3571 iureiurando
1424 3511 1486 3570 mm

318 3639 374 3686 rex
399 3640 493 3704 quam
518 3619 685 3705 optimates
708 3617 924 3684 Rnthenorum
948 3619 1168 3703 solidaverant,
1192 3619 1293 3686 eciam
1316 3619 1377 3686 hoc
1399 3621 1486 3707 polli-

318 3736 382 3801 ceri
406 3734 467 3800 lide
489 3733 671 3800 firmissima
693 3734 795 3817 rogati
819 3741 902 3819 sunt,
927 3755 967 3802 nc
983 3734 1165 3802 Pomerunis
1181 3735 1265 3802 ultra
1279 3736 1385 3803 forent
1400 3737 1485 3803 auxi·

317 3850 370 3916 lio.
466 3850 584 3917 Contra
612 3849 682 3914 illos
711 3851 794 3916 enim
823 3851 899 3916 totis
928 3850 1046 3917 viribus
1069 3851 1133 3917 dux
1156 3871 1286 3918 manum
1308 3851 1416 3920 levare
1437 3873 1486 3918 co·

317 3968 439 4050 gitavit.

231 4092 298 4147 1121
408 4084 438 4157 b,
475 4081 533 4148 His
555 4081 700 4148 omnibns
724 4101 798 4165 ergo
827 4083 928 4169 ipsius
955 4083 994 4148 ad
1017 4089 1124 4150 votum
1148 4063 1347 4170 compositis,
1376 4082 1485 4152 Pome-

319 4199 441 4265 reniam
470 4197 638 4264 insultibus
666 4199 784 4265 crebris
813 4203 979 4265 concutere
1001 4203 1125 4267 vastare
1155 4220 1191 4268 ac
1219 4200 1365 4289 populari
1393 4202 1483 4288 cepit

391 4363 411 4395 a.
435 4348 560 4408 quadrigiis
576 4349 608 4405 N,
624 4349 741 4409 qnadrlgts
756 4347 809 4396 BR.

278 4517 284 4527 .
391 4444 415 4496 1.
434 4441 611 4498 Wolodarum
628 4444 780 4517 principem
798 4443 1000 4516 Halicnensem3
1018 4460 1046 4500 r.
1060 4445 1171 4516 ltoepetl
1188 4445 1201 4501 l
1220 4446 1282 4503 266.
