3142 4850
308 268 375 333 690
587 285 711 337 aecius
732 287 813 335 vrrs
837 287 993 335 amoris.
1029 288 1095 337 nra.
1111 289 1150 336 111
1172 285 1207 337 aa

210 458 282 514 1139
306 466 378 511 ram
399 469 421 509 a
445 450 562 513 acam
584 460 753 513 censeatur.
792 448 915 514 Praetet
937 448 1057 528 Decio,⁴
1073 462 1108 514 at
1129 468 1242 513 nomeu
1264 447 1322 511 doc
1343 446 1475 511 inemta-

200 531 291 577 ¹⁰¹¹⁶²⁹
308 562 368 627 tila
390 584 488 646 aeque
511 563 555 626 ad
570 562 671 643 fiaem
694 563 839 643 obuncat
865 544 1045 651 micaeque
1059 565 1159 645 fidem
1181 566 1212 627 ei
1232 577 1261 628 et
1275 564 1477 627 revecuriam

307 677 502 742 amantibus
529 700 597 763 pac
627 690 656 741 ct
683 678 854 743 benedictio
879 679 933 744 aa
952 687 990 744 'et
1013 683 1048 744 c'a
1072 694 1210 745 curnam
1232 703 1254 743 a
1276 678 1347 743 Deo
1370 699 1478 742 recca-

306 806 462 878 pensatas.
501 793 553 857 De
575 804 674 861 cetero
697 794 894 859 dilectionem
915 808 1051 861 cestram
1074 817 1144 859 cum
1161 796 1306 859 aniverso
1322 792 1400 858 ovili
1413 814 1479 856 meo

307 931 427 974 nemaeo
453 911 592 997 pastori,
630 912 687 993 qai
714 932 769 973 oca
798 910 896 975 miclcc'
925 914 1098 995 asaqaare
1118 912 1266 995 dipacati
1301 922 1360 989 eat,
1397 929 1480 972 com-

306 1026 428 1090 mendo.
475 1024 550 1110 Ipse
575 1046 632 1089 voe
658 1027 796 1109 ascyron
825 1026 922 1091 misdi
954 1029 1150 1111 recoaeiqnet
1180 1028 1216 1091 ia
1250 1027 1358 1109 requie
1384 1023 1481 1125 clari:

308 1142 382 1205 tatis
405 1151 514 1205 aerae.
560 1137 605 1203 Et
625 1138 701 1205 data
722 1158 818 1225 super
840 1158 894 1205 eos
916 1138 1133 1205 benedictione
1154 1158 1219 1205 non
1241 1140 1309 1205 sine
1330 1137 1481 1219 lacrimis,

308 1258 476 1339 paternum
498 1273 637 1321 amorem
656 1254 858 1337 testantibus,
882 1254 1002 1337 emisit3
1027 1260 1215 1341 sumptoque
1238 1253 1372 1321 misterii
1397 1251 1481 1318 salu·

307 1370 386 1435 taric
408 1369 540 1451 viatico,
569 1369 702 1455 pervigil
728 1370 980 1437 iactationibus
1003 1370 1194 1453 excubabat,
1222 1376 1258 1438 ut
1287 1368 1427 1456 pulsanti
1452 1374 1483 1434 et

307 1485 433 1551 vocami
455 1484 591 1551 Domino
614 1504 686 1553 cum
709 1484 907 1552 exultacione
930 1486 1078 1571 aperiret

397 1599 497 1665 Nocte
524 1619 615 1683 ergo,
647 1621 710 1685 qua
730 1601 888 1667 festivitas
916 1602 1017 1669 sancti
1040 1600 1131 1667 Pauli
1160 1600 1295 1687 apostoli
1318 1600 1481 1684 agebatur,

308 1717 341 1781 iu
363 1735 511 1802 supremo
534 1716 649 1801 spiritu
671 1717 861 1783 constitutus
885 1722 917 1783 et
939 1716 1003 1781 iam
1026 1734 1120 1783 carne
1142 1722 1359 1801 premortuus,
1390 1715 1482 1781 corde

308 1836 415 1897 umen
444 1837 476 1897 et
502 1830 749 1915 flagrantissima
770 1829 933 1897 voluntate
961 1831 1077 1897 divinis
1106 1830 1290 1897 intendebat
1318 1830 1481 1912 laudibus3

307 1947 355 2013 ita
376 1952 413 2011 ut
434 1946 556 2014 clericis
579 1946 767 2015 matutinale
789 1966 895 2013 coram
920 1966 956 2013 eo
980 1946 1116 2013 officiam
1141 1946 1397 2032 personantibus,
1419 1946 1481 2029 ille,

309 2061 440 2129 elevatis
462 2062 608 2129 manibus
631 2082 820 2147 sursumque
843 2061 941 2127 oculis
965 2061 1180 2129 desideranter
1201 2062 1274 2128 inde
1295 2064 1421 2145 erectis,
1445 2062 1482 2128 ad

309 2177 450 2261 singulas
483 2177 632 2245 lectiones
661 2198 737 2244 voce
766 2196 829 2262 qua
861 2183 986 2263 poterat
1014 2178 1084 2243 Deo
1111 2181 1234 2263 prasina
1266 2178 1481 2263 responderet

202 2310 292 2357 tanao
310 2291 424 2377 Sicqus
451 2294 522 2379 pius
551 2293 625 2363 Otto
652 2294 733 2360 ieria
761 2298 866 2376 sexta,
895 2292 974 2359 hora
1002 2292 1065 2359 diei
1093 2292 1213 2379 prima,
1243 2293 1394 2378 spiritum
1416 2293 1481 2359 Deo

309 2408 459 2492 reddens,
491 2408 591 2476 beatis
614 2408 741 2478 sedibus
764 2414 798 2476 et
818 2429 944 2495 semper
966 2408 1134 2476 karissimo
1157 2408 1284 2476 taudem
1310 2409 1481 2495 perfruitur

309 2523 443 2592 Christo.

480 2640 609 2708 Etiam
630 2641 717 2707 lama
738 2640 858 2723 volans,
882 2641 962 2706 muti
985 2641 1159 2726 prenuncia
1180 2639 1282 2708 luctus
1292 2637 1310 2725 ¹,

310 2775 374 2822 non
396 2755 499 2822 solum
523 2755 627 2822 vicina
649 2757 705 2822 scd
733 2762 767 2822 et
793 2756 964 2822 remotiora
986 2775 1108 2840 queque
1136 2757 1345 2839 monasteria,
1369 2757 1481 2840 iugiter

312 2872 352 2940 ab
375 2893 412 2938 eo
434 2873 621 2940 necessariis
642 2871 707 2937 vite
730 2870 929 2937 adminiculis
959 2877 1149 2954 sustentata,
1183 2871 1391 2938 inestimabili
1413 2893 1481 2958 per-

312 2988 390 3056 culit
415 2989 568 3056 mesticia
609 2986 675 3054 Nec
704 2987 861 3054 inmerito.
903 2986 1049 3054 Ostendit
1071 2987 1155 3052 enim
1178 2986 1335 3055 Dominus
1365 2987 1480 3076 populo

313 3124 369 3170 suo
392 3103 488 3187 dura,
520 3103 642 3188 potavit
669 3121 741 3169 eum
771 3103 845 3170 vino
874 3100 1142 3188 compunctionis²
1171 3109 1203 3170 et
1229 3104 1402 3171 inebriavit
1431 3103 1482 3170 ab·

313 3214 460 3302 sinthio⁸,
487 3237 559 3284 cum
589 3223 713 3304 patrem
736 3217 1063 3285 desiderantissimam
1084 3218 1227 3300 sustulit3
1261 3219 1350 3285 ouius
1375 3219 1481 3286 deicu-

312 3336 401 3400 sione
424 3339 457 3399 et
478 3333 722 3400 elemosinarum
738 3334 855 3400 virtute
877 3353 942 3420 pax
965 3333 1094 3400 ecclesie
1117 3337 1204 3400 tanto
1228 3339 1372 3420 tempore
1395 3335 1481 3400 nobi-

312 3448 386 3516 liter
411 3447 558 3532 florebat,
587 3449 645 3516 sab
674 3469 735 3532 quo
762 3450 936 3518 monastice
965 3447 1126 3532 religionis
1154 3449 1304 3534 perfectio
1332 3469 1417 3515 nova
1445 3449 1481 3515 de

313 3563 365 3629 dic
386 3564 420 3628 iu
443 3563 527 3628 diem
549 3564 744 3630 incrementa
767 3565 922 3650 capiebat
958 3563 994 3630 la
1016 3585 1077 3648 quo
1099 3563 1246 3649 deinceps
1259 3569 1394 3649 patrono
1418 3569 1481 3630 am

313 3679 447 3745 solidum
475 3679 537 3746 erit
563 3697 739 3766 pauperum
767 3677 886 3746 Christi
914 3677 1085 3746 solacium?
1120 3677 1180 3757 Qui
1207 3679 1276 3746 iuro
1304 3699 1377 3746 cutn
1407 3699 1481 3766 apo-

312 3796 393 3860 stolo
416 3795 536 3861 aiebat:
561 3796 640 3877 Quis
662 3797 851 3878 infirmatur,
876 3809 905 3862 et
927 3819 982 3882 epo
1005 3819 1069 3862 aaa
1091 3795 1254 3878 infimos?
1288 3795 1368 3877 Quis
1389 3819 1480 3862 scaa-

247 3897 252 3904 ’
312 3899 482 3991 dolantur,
506 3924 536 3978 ct
557 3933 612 3996 epo
635 3935 699 3977 aon
721 3906 835 3977 aror?‘
872 3910 949 3988 Quis
973 3911 1012 3977 ad
1035 3931 1106 3976 eum
1131 3910 1232 3977 tristis
1254 3911 1342 3978 veuit
1364 3917 1398 3978 et
1419 3930 1482 3976 nou

225 4043 228 4046 ·
312 4027 451 4109 gaudem
474 4025 646 4094 abscessit?
687 4025 762 4103 Quis
778 4045 870 4111 opem
895 4025 962 4094 eius
985 4026 1018 4092 in
1042 4023 1243 4100 tribulatione
1265 4045 1323 4092 sna
1345 4025 1482 4113 expeciit

313 4147 346 4207 et
366 4161 429 4207 non
451 4142 656 4228 impetravit?
688 4140 802 4207 Merito
817 4141 924 4226 itaque
946 4140 1116 4206 transitum
1139 4141 1205 4206 eius
1221 4141 1353 4208 ccclesia
1376 4139 1478 4223 flebat,

313 4255 352 4322 de
375 4257 464 4323 cuius
483 4258 549 4323 vita
569 4263 735 4344 tantopere
757 4255 923 4340 gaudebat.
960 4255 1022 4322 Sed
1044 4255 1121 4322 lidos
1145 4255 1384 4323 resurrectionis
1406 4255 1479 4323 llere

385 4388 410 4441 1.
420 4387 697 4458 Virg.rlen.Xl,139.
750 4387 917 4456 arecas
971 4388 997 4442 3.
1010 4385 1193 4456 Thraeci-istd.
1246 4387 1275 4442 4.
1290 4386 1478 4457 dcccliii.
