3142 4850
315 307 379 371 794
597 324 775 373 annnorum
797 324 979 373 nramcns
1014 325 1080 371 nm.
1096 325 1136 371 111
1157 324 1213 374 aa

217 500 285 583 list
315 484 377 551 Sed
412 484 487 569 quid
522 460 647 553 morer?
692 484 796 551 Affuit
823 484 962 571 Spiritus
990 486 1092 552 macti
1118 487 1223 569 gratia
1250 492 1283 552 et
1310 504 1484 552 sermomm

202 572 297 619 Μ
314 600 403 667 ducis
437 600 577 667 omnium
612 600 758 667 cordibus
794 600 889 667 altius
923 621 1018 686 quam
1051 602 1114 667 dici
1149 607 1244 688 queat
1275 600 1484 688 inplautavit;

314 738 485 804 omnesque
513 718 584 803 pari
610 723 683 783 voto
713 717 781 803 pari
809 736 964 783 consensu
990 716 1170 784 iaciendum
1197 718 1370 804 spondent,
1400 718 1486 802 quic·

314 834 391 920 quid
414 834 579 921 episcopus
603 832 758 899 suaderet.
795 832 895 916 lgitur
908 834 1073 899 omasionc
1093 834 1362 920 ipsiustomporis
1376 832 1486 899 dead

315 956 411 1017 ventu
427 950 564 1036 Spiritus
588 950 699 1031 sancti,
724 949 763 1015 de
778 950 964 1015 remissione
987 956 1198 1035 pcccatorum,
1221 950 1262 1016 de
1275 949 1373 1015 variis
1388 950 1485 1015 muis-

315 1070 435 1131 matom
458 1064 560 1148 donis,
584 1065 622 1130 de
646 1065 788 1131 bonitate
809 1071 843 1130 et
861 1064 1029 1131 clementia
1047 1066 1166 1149 diviua,
1190 1084 1334 1131 sermone
1348 1064 1486 1132 mirabili

314 1181 422 1267 presul
445 1200 498 1247 eos
522 1180 694 1264 alloquens,
719 1180 950 1263 euangelizarit
964 1180 1028 1246 illis
1043 1180 1157 1247 lesum.
1191 1180 1235 1247 Et
1249 1181 1402 1266 quosdam
1418 1181 1486 1265 qai-

315 1296 398 1380 dem,
421 1297 485 1363 iam
510 1296 627 1363 dudum
651 1296 840 1363 christianos
861 1297 918 1363 sed
940 1318 1048 1365 amore
1070 1298 1248 1383 paganismi
1264 1298 1368 1363 denuo
1382 1296 1486 1381 inqui-

314 1418 424 1497 natos,
457 1413 597 1499 presenti
626 1430 771 1478 nemone
799 1412 838 1478 ad
867 1414 1129 1499 conpunctionem
1158 1420 1192 1480 et
1217 1413 1355 1480 validam
1382 1414 1486 1479 cordis

315 1528 537 1596 contritionem
561 1526 728 1610 emollitos,
752 1546 823 1593 cnm
839 1548 954 1613 magno
976 1529 1080 1596 fructu
1102 1529 1323 1616 aspicientium
1346 1548 1486 1615 peruia·

315 1664 374 1711 nur
408 1644 643 1731 impositionem
677 1644 808 1711 ecclesie
834 1644 1063 1727 reconciliavit3
1099 1644 1178 1711 alios
1207 1652 1310 1711 antem
1340 1646 1485 1713 certatim

315 1780 385 1829 sese
408 1760 583 1844 offerentes,
608 1759 820 1826 cathezizatos
843 1780 880 1827 ac
901 1782 960 1848 pro
982 1768 1126 1847 tempore
1149 1762 1286 1828 breviter
1303 1762 1485 1845 instructos

146 1897 297 1944 datm-as
315 1877 499 1964 baptizavit
534 1876 577 1941 Et
600 1880 700 1941 totam
723 1875 810 1942 illam
835 1877 1042 1944 ebdomodam
1065 1877 1206 1945 doctrine
1228 1879 1392 1962 sacrisque
1413 1898 1486 1964 ope·

314 1993 402 2060 ribus
425 1992 565 2059 instabat
586 1991 702 2076 gaudio
725 1992 857 2076 ingenti,
881 1992 959 2059 adeo
981 1999 1018 2058 ut
1039 2012 1114 2060 vere
1129 1991 1268 2080 Spiritus
1290 1994 1395 2060 sancti
1417 2014 1486 2080 pre-

315 2110 451 2177 sentiam
473 2108 540 2175 illic
563 2107 673 2175 adesse
696 2108 872 2176 certissime
894 2115 1063 2176 constaret
1107 2108 1216 2193 ltaque
1237 2108 1408 2176 concilium
1428 2110 1488 2176 boe

315 2246 378 2292 non
402 2230 496 2292 antea
518 2225 655 2291 solutum
679 2231 743 2309 est,
767 2245 861 2310 quam
884 2226 1044 2311 principes
1066 2226 1129 2311 ipsi
1151 2231 1185 2291 et
1206 2245 1315 2291 omnes
1338 2227 1395 2310 qui
1417 2246 1487 2293 cmn

315 2342 361 2409 eis
384 2342 578 2409 advenerant
599 2340 750 2428 baptismi
774 2347 974 2407 sacramenta
994 2340 1217 2428 percepissent

147 2475 298 2535 perimam
405 2461 435 2524 4.
466 2457 564 2524 Porro
586 2459 672 2525 fama
694 2459 769 2525 lacti
793 2464 922 2544 repente
943 2458 977 2523 in
1000 2459 1179 2532 uuivemam
1202 2458 1401 2544 provinciam
1420 2459 1490 2525 vul-

315 2579 418 2660 gutur,
442 2574 534 2641 villas
558 2581 590 2641 et
604 2575 690 2641 vicos
713 2576 746 2640 iu
770 2574 876 2640 studia
897 2574 1024 2641 diversa
1045 2575 1262 2658 conscindens,
1286 2573 1359 2640 aliis
1382 2575 1489 2642 dicen·

315 2692 415 2759 tibus:
440 2693 676 2778 quaedamsed,
702 2690 772 2757 aliis
788 2696 892 2757 autem
909 2690 1101 2776 dicentibus:
1123 2695 1201 2778 quia
1215 2715 1297 2769 coru
1316 2693 1373 2757 red
1385 2696 1490 2779 magis

315 2811 452 2874 seductio
475 2823 636 2895 magnates
659 2809 876 2895 apprehendit.
924 2806 989 2892 lpsi
1012 2827 1085 2872 vero
1108 2807 1287 2874 sacerdotes
1310 2807 1490 2893 ydolorum,

315 2942 379 2989 non
401 2923 534 2990 minima
556 2943 652 2990 cause
674 2924 766 2989 buius
788 2923 977 2989 concisionis
986 2918 1003 3005 ¹,
1027 2929 1119 2989 erant
1139 2923 1278 3010 appositi
1292 2923 1350 3008 eis,
1374 2923 1491 3010 quibus

316 3039 512 3125 displicebat,
535 3040 619 3124 quod
641 3040 758 3106 lactum
781 3038 901 3121 fuerat3
924 3059 983 3105 sua
1003 3039 1153 3105 nimirum
1171 3038 1261 3105 lucra
1274 3045 1436 3106 cesmtum
1451 3041 1492 3107 iri

316 3175 379 3222 non
394 3157 586 3240 ignorantes,
603 3157 630 3222 si
646 3155 770 3222 cultura
784 3155 952 3221 demonum
967 3153 1034 3221 illic
1048 3153 1236 3222 aboleretur.
1267 3154 1369 3239 Unde,
1385 3157 1491 3223 modis

317 3272 460 3338 omnibns
483 3291 549 3338 rem
578 3271 744 3358 prepedire
765 3270 884 3354 moliti,
908 3271 996 3337 varia
1017 3270 1200 3337 calliditatis
1222 3291 1279 3338 sus
1301 3281 1493 3355 argumenta

316 3386 490 3454 visionibus
518 3387 671 3474 sompniis
699 3386 851 3474 prodigiis
881 3392 914 3454 et
934 3388 1031 3453 variis
1057 3386 1231 3454 terroribus
1258 3386 1491 3456 conduxerunt

316 3502 397 3582 Quin
425 3503 520 3570 etiam
550 3503 583 3569 in
606 3502 779 3586 Hologosta
805 3502 933 3570 civitate
956 3539 998 3548 —
1022 3523 1084 3588 quo
1107 3507 1183 3569 tanc
1205 3504 1349 3589 proxime
1371 3504 1494 3572 adren-

316 3626 406 3686 turus
434 3618 642 3686 nunciabatur
665 3619 832 3705 episcopus
856 3655 897 3664 -
921 3618 1083 3701 sacerdos,
1112 3619 1167 3703 qui
1189 3617 1255 3685 illic
1275 3619 1370 3705 ydolo
1392 3620 1494 3687 rniui·

317 3734 454 3818 strabat,
485 3739 637 3801 nocturno
664 3740 807 3821 tempore
829 3734 966 3801 vicinam
988 3734 1102 3800 silvam
1123 3735 1285 3817 ingressus
1307 3741 1340 3801 et
1362 3736 1396 3802 in
1421 3736 1494 3804 looo

317 3851 446 3918 ediciori
475 3869 564 3916 secus
589 3851 671 3916 viam
701 3851 783 3916 inter
810 3850 969 3917 condensa
995 3850 1145 3915 fruticum
1168 3850 1420 3920 sacerdotalibus
1446 3855 1496 3921 iu·

317 3967 411 4033 dutus
440 3966 580 4051 astabat,
610 3972 642 4033 et
670 3986 762 4032 manc
785 3986 909 4032 summo
932 3965 1090 4051 quondam
1113 3965 1264 4032 rusticum
1287 3965 1327 4033 de
1349 3989 1431 4036 rure
1455 3971 1496 4037 ad

316 4084 419 4150 torum
442 4081 637 4166 gradientem
662 4082 710 4147 his
734 4081 919 4167 alloquitur:
943 4083 1031 4148 Heres
1048 4095 1083 4148 ta
1097 4081 1201 4166 iuquit
1214 4085 1291 4149 done
1304 4086 1413 4152 doma
1451 4090 1498 4154 At

316 4198 370 4265 ille
392 4198 564 4283 respiciens
588 4198 620 4263 iu
644 4218 713 4265 eam
737 4204 876 4284 partem,
898 4196 982 4264 unde
1005 4216 1112 4266 vocem
1136 4199 1294 4284 audierat,
1316 4201 1406 4268 iuter
1431 4205 1499 4270 rir-

317 4314 405 4396 gulta
437 4333 605 4400 personam
640 4314 781 4381 candidis
815 4312 959 4380 indutam
985 4315 1130 4400 quamvis
1159 4315 1254 4382 dubia
1282 4315 1354 4384 lace
1383 4319 1498 4388 videm

389 4445 414 4499 1.
439 4441 480 4501 Ol.
499 4442 559 4500 Ebc
578 4444 660 4499 1118.
