3142 4850
305 293 370 360 632
601 309 723 358 nsoure
747 310 827 356 vrrr
848 309 1007 358 orrours.
1041 310 1107 356 orn.
1122 310 1149 355 11
1170 307 1189 358 a

218 487 287 542 1124
305 471 476 538 christiane
498 489 569 536 cum
593 469 778 554 propinquis
803 470 869 534 suis
891 468 1063 551 subiceret,
1091 467 1194 544 omnis
1219 466 1308 552 plebs
1329 465 1473 552 exemplo
1496 499 1499 503 >

304 587 371 652 eius
395 584 622 666 attraheretur,
646 588 712 649 toto
735 585 900 650 conamine
921 584 1131 649 rinocerotem
1154 582 1237 647 hunc
1259 582 1299 648 ad
1321 582 1474 646 mandam

303 701 336 766 in
370 720 445 782 agro
479 698 607 764 Domini
643 697 711 764 loro
746 698 970 785 predicationis
1005 693 1155 780 alligare¹
1193 696 1363 762 contendit
1414 695 1475 762 Sed

304 814 379 898 quia
400 813 497 878 durus
520 817 589 878 erat
611 832 669 878 nec
690 813 783 878 facile
798 813 972 895 constringi
994 817 1128 898 poterat,
1150 812 1288 897 primum
1310 809 1477 876 filiuseius

304 929 433 994 absente
463 933 553 1012 patre
577 925 649 994 fidei
672 927 878 994 sacramentis
901 926 1059 1008 iniciavit,
1088 930 1222 992 matrem
1251 945 1377 1011 quoqne
1406 945 1475 992 cum

303 1041 377 1109 filiis
400 1040 475 1106 ovili
492 1041 610 1108 Christi
634 1042 757 1110 adiecit
792 1041 861 1118 Quo
883 1042 1000 1124 audito,
1023 1041 1208 1106 Domizlaus
1231 1039 1478 1126 primoquidem

303 1157 442 1242 graviter
471 1156 670 1240 indignatus,
706 1156 789 1242 quod
817 1157 887 1222 sine
908 1156 1070 1222 voluntate
1104 1162 1137 1222 et
1164 1175 1294 1221 assumo
1323 1156 1394 1222 eius
1421 1155 1478 1222 hec

304 1279 375 1340 acta
398 1277 513 1356 essent,
538 1270 624 1338 velut
646 1270 727 1336 alter
743 1270 857 1337 Saulus
880 1259 1108 1358 persecutionis
1128 1270 1347 1337 eruditissime
1368 1275 1478 1336 auctor

303 1388 405 1454 lactus
429 1392 492 1468 est3
518 1388 563 1452 ita
585 1392 631 1469 ut,
655 1386 749 1452 minis
765 1392 798 1451 et
813 1386 985 1452 terrodbus
1002 1405 1039 1451 ac
1052 1386 1203 1452 conviciis
1225 1387 1312 1472 pium
1328 1385 1479 1453 Ottonem

304 1522 488 1586 aggressus,
517 1521 589 1567 cum
613 1502 788 1584 ignominia
809 1502 848 1567 de
871 1499 985 1566 finibus
1008 1499 1072 1566 illis
1096 1500 1259 1567 eliminare
1280 1506 1478 1586 temptasset

306 1615 368 1683 Sed
398 1616 540 1703 apostolo
563 1615 812 1682 Pomeranorum
841 1635 944 1698 genna
971 1616 1012 1680 ad
1041 1614 1143 1682 Deum
1173 1615 1319 1683 flectente
1347 1622 1382 1682 et
1408 1635 1479 1682 curn

304 1731 444 1798 lacrimis
474 1737 599 1814 orante,
631 1737 665 1797 ut
699 1731 752 1798 ubi
780 1730 975 1796 habundavit
1007 1731 1158 1816 iniquitas
1186 1731 1480 1817 superhabundaret

305 1845 437 1931 gratia',
461 1845 655 1930 Domizlaue,
678 1847 794 1912 timore
816 1845 911 1912 simul
934 1853 966 1912 et
980 1865 1087 1912 amore
1103 1845 1163 1913 Dei
1180 1851 1293 1930 tactus,
1315 1852 1479 1931 tamquam

306 1963 390 2030 etei
413 1983 551 2047 superna
574 1981 649 2028 voce
672 1962 844 2028 diceretur:
868 1963 1051 2042 Domizloe,
1077 1965 1155 2048 qaid
1176 1984 1225 2026 me
1242 1956 1480 2048 peraequata?

307 2079 382 2144 olim
405 2081 532 2164 quidun
554 2080 649 2144 debui
667 2081 799 2166 perdere
821 2092 860 2158 te,
884 2081 939 2142 aed
963 2078 1034 2142 Otto
1058 2100 1165 2142 amaa
1185 2099 1271 2142 meas
1294 2080 1402 2143 mavit
1420 2101 1478 2163 pro

306 2207 344 2274 te,
368 2198 500 2278 repente
523 2192 562 2257 de
585 2190 661 2277 lupo
684 2193 716 2258 in
741 2213 869 2276 sgnum,
892 2192 951 2257 hoc
973 2197 1022 2258 est
1043 2191 1083 2257 de
1099 2192 1194 2258 Saulo
1211 2197 1354 2257 mutatus
1377 2198 1428 2258 est
1447 2193 1479 2258 in

305 2306 455 2388 Paulum3
480 2311 512 2373 et
534 2312 619 2373 totus
642 2308 782 2374 lacrimis
805 2308 938 2389 infusus,
968 2307 1021 2393 pio
1044 2306 1152 2372 Ottoni
1176 2306 1288 2372 humili
1311 2307 1479 2391 adgenicu-

305 2421 423 2489 latione
458 2425 686 2508 prosternitur,
718 2422 946 2506 indulgentiam
976 2422 1016 2489 ab
1043 2442 1080 2489 eo
1110 2429 1143 2490 et
1174 2422 1278 2489 locum
1306 2424 1477 2509 penitentie

305 2538 462 2622 flagitans.
496 2538 603 2622 Aquo
618 2538 751 2621 benigne
774 2544 939 2625 susceptus
962 2543 995 2604 et
1017 2543 1151 2625 paterna
1173 2538 1393 2605 benedictione
1406 2558 1476 2605 con·

306 2654 442 2738 solatus,
475 2660 597 2721 secrete
619 2655 815 2721 confessione
838 2654 989 2721 innotuit:
1021 2673 1055 2719 se
1082 2653 1158 2719 olim
1181 2655 1213 2719 in
1239 2653 1383 2721 Saxonis
1403 2655 1476 2741 bap

306 2769 394 2835 darni
415 2770 550 2853 gratiam
579 2771 758 2856 percepisse
781 2770 851 2852 sed,
879 2771 1003 2837 astucia
1031 2769 1152 2836 iuimioi
1180 2775 1270 2835 tanta
1292 2770 1476 2836 diviciarum

305 2884 389 2951 mole
410 2886 445 2950 in
468 2885 632 2951 barbarice
653 2890 739 2951 terra
762 2884 823 2950 sibi
845 2884 1022 2967 accedente,
1045 2884 1139 2951 fidem
1155 2884 1274 2951 (ihr-isti
1296 2887 1381 2951 inter
1403 2886 1477 2973 ydo-

305 3000 404 3067 latrae
428 3020 554 3066 servare
576 3019 639 3065 non
663 2999 812 3085 potuisse.
847 3000 898 3065 Ex
912 3020 950 3065 eo
970 3001 1068 3084 igitur
1083 3000 1228 3067 abdicato
1250 3000 1380 3085 penitus
1394 3001 1476 3068 omni

306 3114 492 3198 gentilitatis
515 3133 636 3198 errore,
664 3114 753 3197 fidei,
782 3134 877 3199 quarn
901 3115 1145 3201 inpugnaverat,
1170 3115 1386 3183 validissimus
1407 3138 1477 3203 pro·

307 3236 463 3316 pugnator
485 3229 589 3295 factus
619 3236 682 3312 est,
711 3229 890 3315 mirumque
917 3231 950 3296 in
972 3230 1101 3297 modum
1131 3230 1386 3317 plusccrreotua
1408 3252 1478 3318 pro·

306 3345 383 3428 init,
414 3364 507 3429 quam
533 3364 642 3411 errans
670 3344 794 3411 leserat
837 3344 1015 3430 Statimque
1037 3347 1140 3413 omnis
1166 3345 1290 3412 familia
1311 3348 1381 3413 eius
1409 3367 1478 3414 cnm

306 3462 421 3545 gaudio
444 3481 524 3526 nove
551 3461 800 3544 regenerationis
829 3459 954 3527 lavacro
983 3461 1111 3547 pertusa
1133 3466 1197 3545 est,
1226 3461 1333 3527 anime
1361 3462 1480 3531 sdlieet

307 3574 379 3663 plus
403 3596 498 3661 quom
521 3576 707 3661 quingente;
738 3576 793 3641 sed
816 3583 849 3641 et
875 3576 1046 3662 propinqui
1068 3577 1136 3642 eius
1159 3582 1192 3642 et
1213 3578 1307 3642 amici
1330 3596 1404 3644 curn
1428 3580 1480 3645 do-

307 3692 445 3759 mesticis
462 3692 538 3774 suis,
562 3690 706 3776 exemplo
730 3692 797 3757 eius
820 3693 993 3777 provocati,
1015 3690 1110 3758 tidem
1124 3698 1329 3779 receperunt
1415 3694 1480 3761 Sie-

308 3826 369 3891 que
390 3806 510 3871 fectum
533 3812 590 3888 est,
620 3811 665 3888 ut,
694 3805 733 3873 de
756 3807 807 3873 die
829 3807 863 3872 in
886 3807 969 3873 dem
993 3813 1153 3874 crescente
1173 3827 1307 3875 numero
1328 3809 1479 3893 fidelium,

307 3927 376 3987 tota
397 3921 509 3993 civitas
532 3940 602 3986 oum
627 3920 790 3988 adiacente
811 3923 990 4008 provincia,
1013 3922 1130 4005 fugatis
1153 3923 1310 4009 ydolatrie
1331 3926 1478 4009 tenebris

308 4036 476 4122 splendore
498 4034 571 4102 fidei
599 4035 861 4103 illuminarentur.
907 4037 1027 4104 Mansit
1050 4039 1159 4122 itaque
1181 4038 1247 4105 illic
1273 4040 1347 4123 pius
1378 4041 1479 4127 predi·

309 4157 396 4217 catur
418 4172 475 4238 per
498 4151 667 4217 instantem
691 4150 837 4237 hiemem,
862 4153 1013 4239 baptismi
1034 4154 1171 4237 gratiam
1190 4153 1422 4223 confluentibus
1441 4155 1477 4222 ad

309 4284 343 4331 ee
377 4266 503 4352 populis
538 4266 683 4351 tradens,
719 4267 866 4335 ecclesias
899 4270 934 4333 in
968 4268 1047 4334 locis
1081 4270 1246 4355 oportunis
1279 4278 1476 4352 consuuene3

381 4396 406 4447 1.
427 4392 539 4465 lotae,
558 4397 601 4451 10.
708 4398 733 4452 2.
752 4396 870 4468 Romi,
888 4396 932 4454 20.
1040 4400 1065 4455 3.
1083 4399 1148 4455 Act
1163 4400 1247 4469 apt,
1263 4401 1292 4455 4.
