3142 4850
469 291 635 340 unnnnrer
656 291 783 339 oonux.
819 288 854 339 se
1184 275 1248 338 169

165 451 253 518 Siout
275 450 506 519 eeclesiastIoue
529 452 616 537 paeis
640 455 757 535 statne,
787 450 868 518 hone
889 471 927 517 ao
948 450 1120 518 salubriter
1142 451 1249 538 dispo·
1264 464 1417 521 ltebrose

81 569 166 651 situs,
194 587 345 651 magnum
373 567 465 634 nobis
493 568 609 650 ingerit
635 565 803 650 gaudium3
832 567 880 632 itu
906 585 1029 633 merore
1055 586 1120 632 uon
1148 586 1249 652 paruo

81 682 259 766 afficimur·,
286 685 314 748 si
337 683 462 769 quando
484 681 585 749 hostis
608 682 731 766 antiqui
752 681 874 748 invidia
896 681 1063 748 oonoordia
1085 681 1248 766 scinditur,

79 800 126 866 ius
146 799 243 885 perit,
265 799 376 882 fasque
398 798 549 882 nefasque
571 797 782 863 confunditur.

163 913 304 980 Litteras
331 913 579 980 reverentissimi
607 911 775 978 conhatris
797 910 899 977 nostri
922 911 1125 977 Trererensis
1147 911 1250 977 arehi-

81 1025 235 1114 apisoopi¹
257 1028 375 1113 aesopi,
399 1047 531 1112 quarum
555 1028 652 1094 series
675 1027 754 1093 mihi
776 1025 965 1092 notitioarit:
993 1045 1055 1111 que
1078 1032 1111 1093 et
1133 1030 1251 1111 quanta

80 1145 228 1230 ephoopi,
251 1142 379 1209 Urbano
403 1143 600 1226 adherentes,
622 1142 857 1223 machinentur;
880 1142 1007 1226 quantis
1029 1141 1126 1208 minis
1140 1147 1173 1207 et
1186 1146 1250 1207 tor-

80 1259 201 1324 rorihus
230 1263 263 1325 et
288 1258 485 1324 diversarum
513 1258 746 1344 oppositionum
774 1255 1019 1324 obheetionihus⁸
1043 1275 1251 1340 saeuamque

80 1372 182 1439 sedem
206 1374 384 1458 inquietare
400 1393 465 1438 non
480 1371 640 1454 desinant3
663 1379 788 1459 utqne⁶,
811 1371 908 1439 niehii
922 1371 1064 1455 languidi
1078 1373 1250 1458 patientes,
1306 1347 1312 1354 ’

81 1495 234 1555 conventu
255 1489 438 1572 frequenter
459 1493 566 1574 partas
589 1487 752 1568 roborent3
776 1487 828 1554 die
849 1493 1007 1572 nootuque
1022 1487 1120 1554 saeris
1136 1485 1251 1552 litteris

80 1624 139 1669 uon
162 1623 278 1690 parum
301 1604 460 1686 insudent,
485 1609 521 1668 ut
541 1603 688 1688 habeant,
712 1603 795 1670 uude
819 1623 890 1670 eum
914 1623 1034 1688 nosque
1049 1622 1122 1670 eum
1137 1621 1174 1669 eo
1189 1602 1251 1667 im·

81 1719 252 1804 pugneut⁴3
277 1719 448 1805 praecipue
469 1714 637 1784 hietensis¹
659 1714 834 1785 Tullensis⁸
856 1739 915 1784 nee
937 1738 1000 1784 non
1015 1712 1249 1784 Virdunensis‘.

81 1833 136 1899 Ei·
158 1835 290 1921 quippe,
312 1853 376 1900 nou
391 1835 584 1918 ignorantes,
607 1839 743 1919 quantae
758 1833 815 1900 sit‘
833 1833 1037 1900 temeritatis:
1060 1837 1172 1898 oontm
1185 1851 1252 1898 mo

81 1950 291 2035 tropolitanae
325 1950 408 2016 sedis
437 1951 486 2016 ius
515 1953 547 2016 et
575 1950 795 2016 austeritatem
822 1950 856 2014 in
884 1947 1069 2034 provinciali
1097 1947 1253 2014 kathedra

83 2086 270 2152 quemquam
287 2065 348 2131 sibi
364 2065 552 2152 episcopalis
569 2063 665 2131 offleii
681 2064 865 2148 dignitatem
880 2060 1061 2150 usurpare⁸‚
1077 2082 1150 2129 eum
1161 2082 1253 2149 prae·

82 2180 255 2267 sumptioni
282 2201 358 2246 snae
386 2187 565 2247 sauctorum
595 2185 722 2267 patrum
751 2180 878 2246 deereta
904 2179 1044 2246 sentiant
1064 2198 1252 2264 repugnare,

82 2301 200 2362 reatum
230 2316 322 2362 snum
345 2315 428 2362 nova
451 2296 585 2382 quadam
610 2315 646 2362 ae
669 2293 818 2362 simulata
839 2293 991 2378 religione
1014 2299 1164 2378 satagrrnt
1184 2291 1253 2381 pal·

83 2411 166 2479 liare.
202 2411 393 2478 Asserentes
417 2412 501 2478 onim
524 2432 558 2478 sa
581 2410 665 2478 solos
687 2412 786 2478 iustos
806 2410 951 2497 solosque
966 2430 1037 2476 enm
1053 2430 1109 2476 suo
1125 2409 1253 2476 Urbano

83 2528 251 2595 ratholioos
268 2528 444 2614 episcopos,
468 2533 598 2611 eeteros,
620 2547 722 2613 papae
738 2526 893 2594 Clementi
909 2526 1106 2609 adherentes,
1128 2545 1254 2592 exeom-

83 2644 259 2710 munieatus
287 2643 439 2711 habentes
469 2646 693 2730 aspernantur3
729 2662 899 2729 eorumque
928 2641 1050 2728 polluto
1078 2640 1254 2707 ministerio

84 2759 235 2846 templum
264 2758 326 2825 Dei
355 2758 531 2845 profanari,
566 2758 830 2825 christianitatem
858 2756 1055 2823 multimode·
1071 2756 1254 2841 parielitari,

84 2874 255 2959 divulgent
291 2873 344 2941 Ad
366 2874 454 2957 haee,
477 2873 665 2959 quibusdam
689 2873 813 2940 blandis
836 2879 869 2939 et
888 2872 1121 2958 superstitiosis
1136 2890 1255 2937 sermo·

85 2990 173 3057 nibus
197 2990 388 3056 semissium
413 3009 503 3056 aures
526 2988 773 3075 permulcentes,
800 2989 834 3054 iu
856 2989 963 3054 odium
987 2991 1020 3055 et
1041 2991 1256 3073 contemptum

84 3108 225 3173 omnium
239 3112 383 3172 nostrum
396 3082 504 3171 eorum
517 3104 639 3172 aninuos
651 3104 809 3171 concitare
824 3123 888 3170 non
899 3109 1032 3169 oessant
1099 3100 1257 3187 Respsotu

84 3226 187 3289 amen
211 3222 371 3288 fraternas
393 3221 521 3307 pietatis
546 3221 652 3286 aiunt:
676 3220 938 3307 metropolitanae
960 3217 1110 3285 eeclesiae
1125 3236 1256 3304 praesn-

5 3383 15 3412 .
84 3334 162 3403 lem‘
184 3340 222 3403 in
244 3336 495 3404 eommunionem
520 3335 600 3402 veile
620 3336 779 3421 suseipere
794 3336 904 3419 eique*
917 3335 1091 3421 primatum
1105 3352 1256 3417 recogno

85 3472 179 3538 suere,
205 3453 234 3519 si
257 3472 366 3519 eorum
390 3450 529 3517 consiliis
553 3451 681 3518 mndem
703 3450 780 3517 uelit
804 3450 1010 3535 aoqniaseero.

171 3568 292 3647 Quibus
317 3567 461 3635 omnibus
485 3586 548 3632 uon
571 3586 685 3654 perum
708 3566 876 3650 sollicitus,
899 3570 1005 3649 rogat:
1028 3570 1066 3631 ut
1086 3566 1257 3631 constituto

151 3831 172 3863 a
199 3813 353 3863 etdaimnrt'.
445 3814 468 3860 h.
492 3814 632 3861 dictionibus
647 3814 677 3861 B.
762 3826 782 3860 o.
806 3816 920 3873 utusque
937 3813 967 3859 Β.
1052 3812 1075 3858 d.
1098 3810 1257 3872 impumett'.

86 3910 105 3942 e
128 3896 166 3943 Ilii
179 3897 206 3943 V.
299 3895 315 3942 f.
339 3896 386 3943 utut
399 3893 463 3943 1⁷20.
557 3906 579 3951 g.
603 3893 708 3953 eique-
722 3906 884 3952 meoguosoere
900 3892 983 3939 euaB.

156 4038 181 4090 1.
202 4034 344 4105 Egilherti.
433 4036 458 4089 2.
478 4034 582 4103 Puppe.
672 4033 697 4087 3.
717 4030 794 4087 Pibo.
877 4032 904 4087 4„
921 4030 1062 4087 Rieherue.
1142 4030 1169 4085 h.
1188 4028 1259 4085 Nam

87 4122 179 4193 Poppo
199 4138 241 4193 ep.
254 4123 398 4179 Mattsmis
417 4139 441 4178 a.
456 4124 526 4177 1092
550 4126 579 4175 et
601 4120 733 4175 Rioherus
757 4134 801 4190 ep.
813 4119 995 4175 virdunensis
1013 4136 1037 4173 a
1052 4118 1121 4173 1093
1145 4132 1200 4173 nou
1223 4116 1259 4173 ah

87 4210 227 4280 hgilherto
250 4212 300 4267 sed
325 4210 361 4267 ab
379 4212 496 4281 lingone
514 4208 720 4281 archiepiscopo
739 4208 917 4279 Lugdunensi
940 4207 1092 4264 oonseerati
1110 4210 1196 4261 arant
1223 4206 1258 4262 V.

88 4298 214 4369 Hngonis
230 4300 307 4355 hier.
326 4299 418 4355 ehron.
438 4300 526 4365 (hieu.
542 4298 634 4354 Germ.
648 4296 697 4353 SS.
707 4298 774 4354 VIII
791 4299 861 4365 473)
885 4301 916 4353 et
931 4296 1072 4352 Laurentii
1094 4299 1174 4364 gesta
1195 4309 1258 4364 epp.

89 4386 203 4443 virdun.
221 4387 295 4455 (ibid.
309 4387 335 4442 X
350 4387 423 4455 497).
496 4389 521 4442 6.
540 4387 720 4457 Egilbartum.
