3142 4850
373 304 561 355 nemrouur
583 302 862 352 commonuero.
897 298 953 353 aa
1178 282 1242 349 497

86 468 114 529 at
137 484 173 528 er
201 464 385 531 infirmitate
414 464 527 550 capitia
556 461 724 529 iufirmitas
755 464 855 528 oritur
878 462 1054 529 eerdssima
1082 460 1243 528 membris.
1261 474 1414 530 rull-1024

87 578 164 645 Unde
186 586 320 663 egomet,
343 581 377 645 in
400 586 553 665 quantum
576 584 729 665 exparte
752 578 905 645 divinitus
928 596 1077 645 concessa
1095 578 1245 663 propriae

85 694 186 759 edotio
207 696 302 762 vitale
324 695 522 763 commodum
545 714 618 761 oum
641 693 836 760 orationibus
860 698 892 759 et
917 692 1096 759 elemosinis
1119 692 1244 776 roboro,

83 814 163 875 trum
186 829 309 897 quoquo
337 811 486 877 roborare
508 831 572 877 uon
595 830 698 891 oeas03
727 808 926 895 supplicans,
951 814 988 873 nt
1011 806 1049 873 ab
1071 808 1126 874 illo
1149 808 1245 875 robur

83 924 184 991 adutis
208 926 359 993 merearis
389 927 548 1012 accipere,
577 926 633 1011 qui
654 932 686 991 ta
709 924 751 989 ad
778 924 952 1006 regendum
979 924 1130 1010 populum
1153 942 1244 989 suum

82 1042 213 1121 gratuita
234 1042 352 1127 pietate
374 1041 563 1125 dignabatur
585 1040 702 1123 eligere
724 1044 757 1105 et
778 1038 863 1105 dona
885 1038 1134 1123 misericordiae,
1165 1058 1245 1124 quae

81 1154 235 1243 inceperat
255 1158 290 1223 in
312 1162 354 1240 te,
378 1156 624 1223 misericorditer
645 1156 715 1241 ipse
738 1153 889 1240 perficiat.

161 1272 263 1352 Quam
286 1272 390 1339 dulcia
417 1273 561 1339 lancibus
582 1272 662 1337 meis
685 1270 811 1355 eloquia
832 1275 903 1353 tua,
933 1270 1076 1337 domiuel
1111 1269 1244 1336 Verum·

79 1393 189 1473 umen,
213 1389 356 1474 quamvis
380 1390 445 1455 sint
467 1408 562 1475 super
584 1386 648 1453 mel
670 1391 703 1453 et
723 1386 897 1452 favumori
920 1405 989 1451 meo
1000 1382 1018 1469 ¹,
1040 1391 1147 1453 tamen
1169 1385 1246 1451 haee

78 1504 287 1571 moderamine
309 1504 451 1571 consulto
466 1523 630 1590 conpesce,
653 1502 754 1568 donec
773 1501 963 1567 concedente
978 1500 1046 1567 Deo
1062 1502 1165 1587 aptior
1181 1498 1245 1567 ool·

77 1617 220 1703 loquendi
236 1622 399 1704 contingat
414 1620 545 1686 occasio.
580 1618 710 1685 Interim
726 1623 834 1683 tumen
849 1619 882 1683 in
897 1616 957 1683 hao
971 1623 1061 1703 parte
1077 1616 1244 1683 moralium

77 1732 130 1801 liat
148 1736 225 1820 tibi,
252 1736 449 1819 dulcissime,
476 1736 567 1803 dulce
589 1734 797 1818 colloquium,
826 1738 862 1799 ut
883 1752 941 1819 per
963 1730 1160 1801 dulcedinem
1181 1731 1244 1799 leo

76 1848 166 1916 tionis
188 1853 345 1918 memoria
364 1850 422 1919 liat
443 1850 607 1917 dulcorata
628 1850 802 1935 scriptoris.
1191 1862 1194 1869 '

77 2060 110 2129 8.
137 2064 220 2131 Actu
242 2066 360 2151 cynoda'
379 2064 679 2150 Buheaberpeaaia·.

159 2196 197 2264 Iu
219 2197 347 2263 nomine
369 2202 498 2263 sauctae
520 2202 553 2263 et
574 2192 757 2261 individuae
778 2192 944 2258 trinitatis.
979 2191 1096 2258 Notum
1121 2192 1163 2257 sit
1178 2212 1244 2257 om·
1273 2204 1342 2257 1059

74 2310 163 2377 nibus
186 2317 253 2378 tam
276 2312 452 2398 praesentis
475 2311 589 2377 aetatis
612 2329 707 2394 quarn
730 2308 855 2375 loturae
879 2308 1083 2394 posteritatis,
1112 2306 1245 2391 qualiter

1262 2276 1317 2336 Apr.
1328 2278 1356 2322 lli

73 2445 128 2510 ogo
143 2426 340 2496 Guntlrarius
363 2429 491 2513 quinino
514 2425 784 2509 Bobenbergouais
802 2424 968 2511 episcopus
992 2430 1122 2510 propter
1138 2422 1245 2490 multi·

73 2542 165 2609 moda
187 2564 278 2611 meae
304 2545 473 2611 aecclesiae
496 2543 627 2627 negocia
650 2541 805 2628 synodum
829 2541 1047 2607 universorum
1071 2540 1149 2606 mihi
1172 2539 1245 2606 sub·

72 2656 223 2726 iectorum
248 2661 346 2726 tenui.

157 2775 241 2842 Erat
264 2777 346 2842 enim
371 2774 461 2862 plebs
484 2773 577 2841 huius
601 2771 769 2859 episcopii,
797 2777 907 2857 utpote
932 2791 971 2838 ex
993 2770 1134 2836 murima
1155 2775 1245 2856 parte

73 2886 268 2974 Solavonica,
291 2891 405 2958 ritibus
426 2890 590 2973 gentilium
614 2888 731 2971 dedita,
756 2878 927 2954 abhorrens
950 2886 1138 2970 areligione
1154 2885 1245 2952 chri-

73 3005 186 3090 stiana,
201 3012 269 3072 tam
285 3007 318 3073 iu
334 3013 540 3090 cognatarum
556 3004 697 3072 conubiis
714 3025 809 3088 quam
820 3005 852 3070 in
865 3003 1109 3070 decimationum
1121 3006 1245 3068 coutra-

73 3119 208 3189 diotione
238 3122 372 3190 decretis
401 3128 527 3208 patrum
562 3121 690 3187 omnino
723 3120 891 3186 contraria.
933 3119 1132 3206 Quapropter
1161 3137 1245 3183 com-

73 3238 158 3303 muni
182 3238 326 3303 omnium
349 3237 465 3304 iudicio
488 3235 707 3304 confirmatum
730 3242 789 3320 eat,
813 3240 858 3319 ut,
882 3235 935 3320 qui
955 3239 1067 3320 sponte
1087 3233 1246 3300 canonicis

73 3349 206 3419 decretio
230 3352 351 3420 nollent
370 3351 510 3436 ‚obedire
534 3351 798 3438 compellerentur
819 3352 956 3433 intrare;
982 3355 1013 3418 ct
1028 3351 1081 3435 qui
1097 3349 1246 3416 canonice

72 3463 174 3534 banno
198 3469 389 3535 constrictus
411 3489 474 3534 uon
497 3469 684 3552 decimaret,
710 3467 802 3534 bouis
826 3468 890 3532 suis
914 3487 933 3532 a
956 3465 1082 3533 domino
1111 3485 1168 3532 suo
1191 3463 1246 3532 ab·

72 3579 242 3666 dicaretur,
265 3584 365 3651 donec
387 3585 573 3671 resipiscere
595 3582 845 3669 compelleretur.

157 3698 245 3766 Huic
266 3699 386 3785 synodo
406 3700 609 3766 Eberhardus
633 3719 748 3783 comes,
770 3697 1042 3782 Wirzoburgonsis
1065 3695 1245 3778 advocatus,

72 3817 309 3900 superveniens,
321 3815 545 3883 decimationes
561 3815 712 3900 quasdam
728 3813 887 3880 novalium
904 3819 1083 3881 nostrorum
1101 3831 1157 3898 per
1172 3830 1245 3896 pro-

70 3927 266 3998 locatoremb
293 3951 384 3998 soum
407 3931 540 4018 Aepolin
571 3931 609 3998 de
638 3929 771 3997 Constat
793 3927 1049 4012 wirzeburgensi
1077 3925 1246 3994 aecclesiae

72 4046 294 4132 expostulavit
336 4045 399 4113 Sed
424 4067 495 4113 meo
519 4048 670 4114 advocato
693 4045 899 4112 Wolirammo
929 4065 986 4132 per
1014 4041 1244 4130 prolocutorem

140 4239 161 4271 a.
185 4223 312 4286 Duoripai
327 4239 356 4271 aa
371 4223 450 4271 codice
466 4223 583 4286 quondum
593 4222 762 4286 chderpcnai
775 4236 838 4269 nuso
852 4221 989 4268 dloaocenai
1005 4218 1076 4278 (Cina
1088 4217 1135 4277 60)
1152 4217 1245 4266 membr.

72 4315 131 4350 socc.
142 4303 183 4350 XI
190 4302 291 4365 sollo.
315 4304 398 4351 Edidit
413 4303 540 4350 Hanleim
559 4303 644 4350 Concil.
657 4303 733 4350 Gom.
746 4302 856 4350 111126.
949 4301 972 4348 b.
995 4299 1163 4361 prolocutorem
1180 4297 1229 4346 cod.

141 4409 168 4464 1.
187 4409 236 4464 Ps.
249 4410 308 4478 118,
328 4409 389 4464 103.

114 4503 196 4558 rurs,
212 4507 356 4552 nonaum
365 4507 394 4550 v.
999 4494 1035 4548 32
