3142 4850
288 308 354 374 628
565 326 688 374 saonis
710 329 791 374 vms
814 326 972 374 orionis.
1006 328 1072 374 urs.
1088 327 1115 374 n
1136 324 1191 375 ss

201 501 271 555 1124
288 505 428 551 amorem
452 485 614 552 celestium
641 485 765 551 facilius
796 485 977 552 attraheret
1016 484 1150 552 Barbari
1178 490 1283 550 autem
1306 484 1465 550 instinctu

288 601 409 666 inimici
432 606 464 666 et
487 600 657 666 satellitum
682 602 760 684 sius,
784 601 932 667 videlicet
952 602 1150 666 sacerdotum
1173 620 1313 682 suorum,
1338 598 1466 666 crudeli

288 715 407 800 impetu
432 735 527 801 snper
549 715 683 782 famulos
707 715 827 782 Christi
849 719 1021 800 irruentes,
1045 721 1180 782 mortem
1203 715 1249 782 eis
1269 715 1387 780 minari
1408 734 1468 780 oa-

288 835 411 916 perunt
446 829 513 908 Quo
529 832 607 914 viso,
632 831 695 898 dux
713 831 883 897 admodum
901 834 1107 898 contristatus
1128 851 1201 896 curn
1223 831 1289 897 suis
1311 831 1468 912 accurrit,

288 965 458 1029 eorumque
480 946 654 1012 defensioni
677 947 812 1012 viriliter
837 949 1002 1029 insistens,
1031 947 1199 1012 exterritos
1227 953 1260 1012 et
1287 965 1367 1030 psue
1394 944 1469 1011 ianr

223 1062 471 1147 indesperata
494 1081 556 1128 non
580 1063 710 1128 minime
733 1062 912 1129 consolatus
938 1070 996 1128 est
1088 1061 1152 1127 Sed
1179 1067 1212 1126 et
1237 1061 1357 1144 lagatos
1385 1080 1470 1126 suos

288 1177 341 1262 pio
359 1176 467 1243 Ottoni
491 1178 674 1260 assignavit,
698 1178 752 1262 qui
775 1197 832 1262 per
854 1178 1012 1244 desertum
1036 1197 1196 1260 magnum,
1219 1176 1302 1261 qued
1323 1175 1472 1241 inmine-

288 1291 358 1374 bat,
381 1293 563 1359 continuate
588 1299 707 1380 septem
733 1293 855 1359 dierum
878 1293 986 1379 spacio
1010 1312 1080 1358 eum
1104 1291 1361 1358 transduxerunt
1396 1289 1471 1356 Ubi

287 1407 407 1490 grarme
423 1415 647 1474 venenatorum
664 1408 848 1474 animalium
871 1407 1047 1494 periculum
1064 1407 1279 1487 incurrerunt,
1301 1406 1368 1487 sed,
1390 1405 1472 1473 Deo

288 1528 482 1608 protegente,
506 1522 587 1589 illesi
612 1529 788 1590 euaserunt
829 1523 873 1589 Et
894 1531 968 1609 post
988 1524 1047 1589 bec
1068 1523 1109 1588 ad
1132 1527 1275 1606 stagnum
1300 1522 1471 1606 quoddam

289 1643 414 1704 ventum
446 1643 509 1720 est,
540 1639 593 1704 ubi
622 1639 858 1705 occurrentibus
889 1639 950 1705 sibi
977 1638 1188 1720 Pomeranis·,
1217 1658 1350 1722 quorum
1373 1635 1473 1703 Dens

288 1753 383 1819 cerda
404 1754 563 1837 tetigerat,
588 1759 619 1819 et
634 1754 717 1820 ultro
737 1753 811 1820 fidei
834 1775 872 1820 ac
893 1754 1012 1820 lavacri
1034 1753 1183 1820 salutaris
1206 1754 1340 1837 manu
1363 1772 1474 1838 expe·

288 1869 443 1952 tentibus,
473 1867 552 1935 dens
581 1889 637 1954 pre
666 1870 781 1952 gaudio
811 1871 972 1956 primicias
1005 1871 1079 1935 novi
1107 1869 1211 1952 gregis
1240 1868 1316 1934 ovili
1339 1867 1474 1934 Christi

290 1985 412 2051 adiecit.
450 1984 561 2050 Altera
584 1984 634 2050 die
657 1985 706 2050 ad‘
721 1984 829 2050 villam
851 1987 1030 2070 proximam
1053 1985 1196 2067 divertit,
1224 1983 1330 2068 ibique
1351 1983 1475 2068 plnres

289 2100 425 2167 Domino
449 2106 637 2184 cooperante
661 2101 798 2166 secunde
819 2100 994 2167 nativitatis
1018 2106 1214 2167 sacramento
1236 2098 1389 2165 iniciavit

379 2217 410 2280 5.
448 2215 559 2280 Tereia
586 2215 637 2280 die
670 2215 709 2281 ad
739 2213 912 2281 Piriseum¹
941 2222 1081 2282 castrum
1110 2216 1247 2301 primum
1273 2213 1476 2282 Pomeranie

290 2331 385 2412 venit,
416 2330 480 2414 ubi,
504 2330 588 2398 cives
612 2330 679 2395 eius
703 2330 742 2395 ad
766 2330 860 2396 fidem
884 2331 1065 2415 exhortans,
1092 2330 1325 2415 quatuordecim
1350 2328 1477 2396 diebus

290 2447 388 2529 sedit3
417 2448 460 2512 eis
484 2448 633 2512 nimirum
657 2447 867 2513 abnuentibus
890 2454 923 2513 et
944 2468 1068 2513 serrum
1092 2445 1154 2513 Dei
1176 2447 1216 2512 ad
1239 2446 1301 2511 alia
1321 2446 1477 2529 migrare

288 2563 358 2629 loca
386 2563 573 2628 facientibus
602 2582 697 2648 seque
726 2582 840 2628 novam
875 2562 956 2628 bane
983 2562 1084 2646 legem
1115 2562 1183 2629 sine
1212 2561 1409 2648 primatum*
1441 2570 1480 2631 et

290 2680 443 2745 maiorum
461 2698 588 2743 suorum
602 2678 731 2744 consilio
749 2678 878 2761 aggredi
899 2698 963 2743 non
978 2698 1072 2763 posse
1086 2677 1284 2744 testantibus.
1306 2678 1479 2763 Tandem,

290 2796 344 2881 pio
373 2794 488 2859 Ottone
516 2794 650 2859 assiduis
680 2814 736 2879 pre
766 2793 943 2859 salvatione
972 2814 1079 2860 eorum
1109 2794 1254 2879 precibus
1280 2792 1480 2879 incubante,

291 2910 405 2996 spiritu
433 2908 492 2975 Dei
522 2908 575 2993 qui
604 2909 657 2975 ubi
686 2908 754 2974 vult
782 2906 900 2995 spirat²
929 2915 961 2973 et
988 2909 1039 2974 cui
1064 2908 1133 2974 vult
1160 2903 1343 2975 miseretur⁸
1370 2912 1481 2993 tacti,

291 3030 493 3091 assenserunt
521 3030 567 3107 et,
603 3026 675 3108 iugo
709 3023 782 3090 fidei
812 3024 894 3091 oolla
923 3025 1160 3107 submittentes,
1194 3024 1347 3111 baptizati
1376 3034 1481 3111 sunt

195 3148 198 3155 '
291 3146 445 3226 quotquot
467 3146 558 3206 erant
580 3140 773 3224 preordinati
797 3140 838 3205 ad
862 3140 958 3205 vitam
983 3144 1124 3205 eminam
1132 3134 1152 3203 ⁴.

184 3283 232 3329 rus.
244 3283 275 3329 24
379 3254 488 3339 ltaque
510 3256 543 3320 in
559 3254 725 3321 nativitate
741 3255 841 3321 sancti
857 3254 1004 3321 Iohannis
1025 3254 1162 3339 baptiste
1184 3254 1224 3320 ad
1239 3258 1381 3320 casbum
1401 3277 1485 3325 ma-

185 3369 190 3377 '
291 3386 386 3453 gnum
405 3367 535 3435 Gamin⁶
551 3371 681 3453 dictum,
705 3370 757 3437 ubi
774 3371 864 3436 sedes
880 3369 968 3436 ducis
983 3375 1041 3451 est,
1065 3370 1217 3455 pervenit
1246 3368 1304 3434 Ubi
1322 3370 1484 3440 multum

290 3490 416 3571 tempus
444 3486 476 3551 id
506 3490 554 3551 est
582 3485 816 3569 quatuordecim
846 3478 1035 3552 ebdomadas
1064 3485 1114 3551 rel
1143 3485 1277 3570 amplius
1303 3486 1485 3574 residens,

291 3599 438 3666 eeclesias
462 3600 500 3665 de
523 3600 620 3665 ramis
645 3601 803 3684 arborum,
826 3608 862 3666 ut
883 3600 1008 3666 novella
1029 3606 1105 3665 tunc
1126 3599 1283 3685 plantaeio
1301 3600 1485 3691 exigebat,

291 3716 482 3797 eonstmrit3
507 3722 539 3782 et
560 3716 629 3801 ipse
645 3716 771 3800 quidem
786 3718 933 3799 infantes,
956 3720 1176 3801 cooperatores
1190 3721 1294 3781 autem
1309 3716 1362 3781 sui
1382 3722 1487 3789 vim

292 3836 324 3897 et
351 3831 498 3896 mulieres
526 3832 566 3896 ad
589 3829 747 3897 Christum
772 3830 963 3898 conduentes
992 3830 1204 3917 baptizabant
1293 3830 1367 3896 lllic
1395 3856 1487 3922 ergo

291 3946 324 4011 in
347 3947 573 4013 catezizatione
594 3944 782 4029 requisitum
805 3953 855 4012 est
876 3966 896 4011 a
918 3946 1118 4029 mulieribus,
1142 3947 1224 4031 quod
1246 3945 1394 4013 infantes
1421 3972 1487 4019 ne-

291 4058 433 4128 cassent⁰
457 4096 498 4107 -·
520 4080 592 4127 nam
617 4060 803 4127 erudelitate
825 4061 979 4146 paganica
1001 4059 1122 4146 puellas
1144 4080 1271 4144 necare,
1300 4067 1335 4127 et
1356 4082 1486 4135 maras

364 4250 384 4284 a.
407 4238 610 4284 Pomsrananslbus
630 4235 652 4283 0.
746 4236 768 4282 b.
793 4238 892 4296 primatu
910 4236 934 4283 0.

364 4334 388 4385 1.
407 4332 509 4401 Pyritz.
600 4332 625 4385 2.
644 4330 701 4384 lob.
715 4332 741 4399 3,
759 4332 785 4385 8.
870 4332 896 4385 3.
914 4332 1031 4399 Rome,
1045 4331 1088 4387 18.
1170 4332 1196 4386 4.
1215 4330 1278 4386 Act
1294 4346 1340 4401 ap
1356 4336 1408 4405 13,
1429 4340 1483 4395 4&

293 4416 318 4470 5.
336 4418 473 4472 Kammin.
545 4420 570 4473 6.
590 4418 608 4472 i.
621 4434 644 4473 e.
658 4418 785 4474 mulieres
799 4418 983 4488 interrogatae
995 4424 1068 4488 sunt,
1086 4433 1152 4473 num
1169 4416 1288 4475 infantes
1305 4432 1482 4483 naama
