3142 4850
319 292 384 357 822
609 308 790 357 usseonnr
811 308 993 357 omnosos.
1028 308 1094 355 nra.
1110 308 1149 355 ιιι
1171 301 1208 354 so

232 485 300 541 1127
318 469 493 537 tinensibns
518 468 642 555 pnbhoe
664 469 827 535 adversari
849 474 1016 555 ceperuut;
1044 472 1079 533 et
1103 466 1207 553 primo
1229 465 1374 551 quidem·
1397 486 1496 533 auvos

319 586 445 652 illorum
462 605 481 651 a
496 584 656 651 littoribus
679 585 745 651 suis
769 590 886 667 arcent,
909 588 984 669 post
1005 584 1103 649 etism
1125 602 1164 650 ex
1184 583 1344 649 communi
1367 583 1496 651 decreto

319 702 425 767 hostes
449 719 503 767 eos
525 700 633 767 haberi
657 703 810 782 statuunt,
834 700 943 765 Ottoni
960 700 1108 787 episcopo
1123 698 1311 765 mandantes
1325 734 1370 745 —
1386 698 1497 766 andie-

319 821 392 883 rant
407 816 502 900 enim,
526 815 610 901 quod
631 815 685 881 illo
700 816 741 880 ad
765 815 990 901 predicandum
1006 816 1115 881 venire
1129 813 1225 881 vellet
1239 850 1281 859 -—
1297 834 1339 880 ne
1354 834 1497 899 unquam

319 921 397 999 lines
421 952 528 999 eorum
553 931 731 1015 attingeret
767 930 924 997 Dicebant
946 931 1041 1015 euim,
1065 930 1165 996 nichil
1186 949 1258 997 eum
1279 929 1367 1015 apud
1389 949 1426 996 se
1447 930 1497 995 in·

320 1053 486 1115 venturum
502 1047 565 1112 nisi
582 1047 710 1113 acerbas
734 1067 834 1133 penas
851 1052 883 1113 et
897 1052 1032 1113 mortem
1047 1047 1269 1113 certissimam.
1303 1044 1361 1111 Ille
1377 1049 1496 1129 autom,

320 1168 449 1249 accepta
470 1161 627 1245 legatione
649 1163 717 1246 tali,
741 1162 837 1229 tacite
859 1163 944 1247 apud
966 1183 1002 1228 se
1018 1162 1151 1244 exultat,
1174 1161 1315 1228 animum
1336 1167 1436 1247 parat
1456 1160 1496 1227 ad

320 1278 518 1363 martyrium,
543 1279 661 1361 cogitat
683 1284 715 1344 et
729 1277 872 1363 disponit
885 1279 1001 1361 omnia,
1024 1280 1142 1343 tractat
1158 1277 1252 1343 anxie
1274 1275 1362 1362 apud
1385 1297 1433 1359 so,
1454 1297 1496 1342 an

320 1392 433 1459 melius
461 1393 518 1459 sit:
555 1393 656 1459 solnm
686 1412 721 1459 so
749 1393 791 1459 ad
820 1392 884 1459 tale
914 1392 1093 1457 convivium
1125 1392 1174 1458 ire
1201 1413 1242 1457 an
1271 1411 1345 1458 cum
1375 1392 1495 1459 multia

321 1507 514 1575 Stetinenses
544 1513 650 1575 antem
675 1508 803 1593 quidam
827 1509 888 1575 viri
917 1508 993 1575 boui
1021 1514 1053 1573 et
1081 1507 1251 1593 prudentes
1278 1508 1313 1573 in
1340 1509 1497 1574 comitatu

321 1624 461 1710 episcopi
490 1629 582 1689 erant
609 1624 724 1709 lulius,
759 1625 850 1707 gnari
878 1623 1017 1689 locorum
1045 1624 1278 1708 provinciarum
1308 1627 1343 1689 et
1371 1644 1495 1689 suornm

321 1740 470 1825 cuiusque
492 1740 605 1824 gentis.
640 1740 706 1807 Hos
730 1760 804 1823 ergo
827 1740 995 1827 episcopus
1018 1737 1172 1826 paulatim
1193 1738 1496 1822 interrogationibus

320 1856 563 1943 pretemptabat,
588 1856 808 1941 antevolans,
832 1856 859 1921 si
882 1855 1039 1941 quomodo
1062 1875 1134 1922 enm
1156 1853 1232 1921 illuc
1253 1854 1431 1939 perducere
1446 1876 1496 1922 re·

320 1971 390 2037 lint.
425 1972 470 2037 At
491 1971 539 2037 illi
562 1972 601 2038 de
617 1972 737 2055 origine
752 1971 895 2039 Ruthene
917 1972 1030 2055 gentis,
1054 1971 1092 2037 de
1114 1970 1240 2037 feritate
1261 1971 1446 2037 animorum
1466 1979 1495 2038 el

320 2087 360 2154 de
387 2086 594 2154 instabilitate
622 2086 695 2153 fidei
724 2093 756 2154 et
787 2087 912 2155 bestiali
939 2108 1046 2153 eorum
1070 2087 1309 2153 conversatione
1335 2087 1495 2154 mmtsei

320 2208 496 2285 narrantes,
521 2204 617 2269 etiam
633 2203 701 2286 hoo,
726 2203 809 2287 quod
824 2202 1060 2288 archiepiscopo
1074 2201 1256 2269 Danoruml
1272 2202 1412 2270 subiecti
1429 2223 1496 2271 esse

321 2317 496 2402 debuerint,
519 2338 583 2383 non
606 2300 762 2385 tacebant.
840 2316 978 2403 Sperans
994 2336 1069 2401 ergo
1085 2318 1261 2403 episcopus,
1285 2323 1418 2401 gratum
1431 2319 1496 2385 iore

321 2433 379 2518 illi,
403 2434 431 2499 si
446 2434 587 2500 converti
602 2440 741 2519 possent,
765 2433 921 2519 simulque
936 2433 1111 2518 attendens,
1127 2454 1299 2517 congruum
1313 2454 1399 2519 esse,
1415 2435 1495 2521 quod

322 2549 389 2616 eius
413 2570 470 2635 per
484 2549 643 2616 licentiam
661 2570 698 2615 ac
713 2549 952 2636 permissionem
978 2550 1018 2616 ad
1040 2549 1267 2635 predicandum
1287 2551 1322 2615 in
1338 2550 1409 2616 eius
1425 2571 1495 2636 par·

320 2665 461 2732 rochiam
484 2665 624 2748 veniret,
647 2665 804 2749 lwannm,
829 2665 1039 2745 venerabilem
1062 2665 1289 2751 presbiterum,
1315 2664 1358 2732 de
1378 2665 1495 2734 latae

322 2801 378 2846 sno
401 2787 433 2846 et
456 2780 533 2846 alios
556 2781 688 2848 nuncios
711 2781 837 2865 navigio
861 2801 932 2846 cum
955 2781 1070 2848 litteris
1094 2787 1126 2847 et
1148 2780 1332 2847 muneribus
1355 2781 1414 2848 illo
1439 2800 1496 2868 pro

321 2896 449 2964 licentia
471 2896 596 2962 direxit

410 3011 676 3098 Arohiepisoopus
700 3032 773 3079 vero
802 3014 837 3078 in
859 3012 999 3078 maximo
1026 3011 1141 3094 gaudio
1169 3012 1347 3078 ethonore
1373 3011 1497 3097 legatos

323 3126 453 3212 accepit,
476 3127 672 3212 habitisque‘¹
690 3127 774 3214 apud
797 3149 832 3197 se
846 3128 948 3194 multa
961 3127 1166 3211 humanitate,
1189 3127 1329 3213 plurima
1343 3129 1385 3195 de
1400 3136 1496 3214 stato,

322 3242 361 3308 de
376 3243 519 3308 doctrina
542 3249 573 3309 et
588 3243 734 3328 operibus
750 3242 836 3310 besti
851 3243 976 3310 Ottonis
998 3241 1251 3329 percontabatur.
1285 3243 1368 3311 Erat
1391 3252 1497 3312 autem

322 3357 487 3424 virbonus
510 3362 542 3423 et
564 3357 709 3443 simplex,
734 3358 887 3424 bonarum
910 3378 1016 3425 rernm
1031 3356 1165 3443 cupidus
1182 3357 1318 3442 auditor,
1340 3381 1409 3426 non
1432 3381 1496 3428 me-

322 3471 437 3538 diocris
461 3473 591 3540 scientie
616 3491 652 3539 ae
669 3473 842 3558 religionis,
864 3474 898 3538 in
913 3473 1139 3540 exterioribus·
1155 3477 1260 3540 tamen
1277 3474 1424 3544 Solariee
1444 3499 1497 3544 rn-

323 3581 480 3656 stioitatis.
571 3587 654 3654 Nam
676 3593 709 3654 et
730 3589 873 3655 homines
897 3595 980 3656 terre
1002 3589 1088 3655 illins
1110 3588 1191 3656 tales
1205 3597 1288 3675 sunt
1312 3592 1409 3658 utin
1429 3613 1497 3659 ma

323 3705 410 3770 xima
432 3702 576 3770 ubertate
599 3709 692 3788 atque
715 3703 835 3770 divitiis
858 3704 996 3787 generali
1020 3705 1154 3790 qondam
1173 3705 1291 3772 duritia
1312 3727 1427 3774 omnes
1448 3711 1497 3776 in

323 3819 399 3886 culti
422 3818 588 3885 videantur
612 3824 644 3886 et
665 3823 814 3904 agrestes.
853 3818 955 3886 Urbes
981 3819 1027 3886 ibi
1056 3826 1089 3888 et
1116 3826 1221 3887 castra
1246 3822 1316 3888 sine
1343 3843 1438 3890 muro
1466 3831 1497 3891 et

324 3933 462 4001 turribus
485 3934 570 4016 ligno
594 3939 718 4001 tantum
741 3939 773 4001 et
793 3935 921 4002 fossatis
943 3936 1143 4018 muniuntur3
1169 3936 1298 4004 ecclesie
1322 3958 1360 4005 ac
1383 3940 1496 4006 domus

323 4048 476 4116 nobilium
499 4048 633 4116 humiles
657 4055 689 4116 et
711 4048 766 4116 vili
789 4057 936 4118 scemate.
971 4050 1085 4118 Studia
1105 4051 1267 4119 hominum
1289 4060 1347 4119 aut
1369 4059 1496 4122 venatio

323 4169 380 4234 aut
401 4165 534 4251 piscatio
558 4163 670 4232 estrei
692 4183 843 4252 pecorum
864 4171 1005 4252 pastura
1041 4167 1078 4233 ln
1100 4168 1150 4233 his
1173 4169 1290 4236 etenim
1312 4189 1426 4238 omues
1448 4171 1495 4236 di-

395 4357 416 4388 a.
441 4341 502 4401 qnod
519 4341 573 4398 NB,
590 4341 682 4400 quidem
698 4341 727 4387 R.
815 4342 838 4390 b.
861 4342 978 4390 Donomm
995 4343 1025 4389 N.
1110 4358 1131 4391 c.
1153 4344 1226 4392 latero
1242 4345 1273 4392 Ν.
1359 4347 1385 4394 d
1407 4346 1494 4395 mens

324 4432 368 4480 qne
383 4420 414 4466 Ν.
508 4434 528 4467 e.
553 4419 666 4467 extoribus
683 4421 714 4477 N,
731 4421 880 4475 exterioribus
896 4422 949 4470 BR.
