<?xml version="1.0" encoding="UTF-8"?>
<!DOCTYPE html PUBLIC "-//W3C//DTD XHTML 1.0 Transitional//EN"
    "http://www.w3.org/TR/xhtml1/DTD/xhtml1-transitional.dtd">
<html xmlns="http://www.w3.org/1999/xhtml" xml:lang="en" lang="en">
 <head>
  <title>
</title>
<meta http-equiv="Content-Type" content="text/html;charset=utf-8" />
  <meta name='ocr-system' content='tesseract 3.04.00' />
  <meta name='ocr-capabilities' content='ocr_page ocr_carea ocr_par ocr_line ocrx_word'/>
</head>
<body>
  <div class='ocr_page' id='page_1' title='image "./bibliothecareru06jaffgoog_0102.png"; bbox 0 0 3142 4850; ppageno 0'>
   <div class='ocr_carea' id='block_1_1' title="bbox 492 314 1272 382">
    <p class='ocr_par' dir='ltr' id='par_1_1' title="bbox 492 314 1272 382">
     <span class='ocr_line' id='line_1_1' title="bbox 492 314 1272 382; baseline 0.008 -6"><span class='ocrx_word' id='word_1_1' title='bbox 492 327 659 377; x_wconf 81' lang='lat' dir='ltr'>unnnnrcr</span> <span class='ocrx_word' id='word_1_2' title='bbox 679 328 807 378; x_wconf 83' lang='lat' dir='ltr'>eoonx.</span> <span class='ocrx_word' id='word_1_3' title='bbox 841 327 879 379; x_wconf 81' lang='lat' dir='ltr'>eo</span> <span class='ocrx_word' id='word_1_4' title='bbox 1228 314 1272 382; x_wconf 78' lang='lat' dir='ltr'>ee</span> 
     </span>
    </p>
   </div>
   <div class='ocr_carea' id='block_1_2' title="bbox 6 467 1385 3348">
    <p class='ocr_par' dir='ltr' id='par_1_2' title="bbox 6 441 1385 691">
     <span class='ocr_line' id='line_1_2' title="bbox 102 467 1376 578; baseline 0.009 -28.089"><span class='ocrx_word' id='word_1_5' title='bbox 102 484 231 551; x_wconf 86' lang='lat' dir='ltr'>uerenda</span> <span class='ocrx_word' id='word_1_6' title='bbox 253 489 356 570; x_wconf 81' lang='lat' dir='ltr'>peter,</span> <span class='ocrx_word' id='word_1_7' title='bbox 380 484 553 552; x_wconf 85' lang='lat' dir='ltr'>illustravit</span> <span class='ocrx_word' id='word_1_8' title='bbox 575 493 607 554; x_wconf 90' lang='lat' dir='ltr'>et</span> <span class='ocrx_word' id='word_1_9' title='bbox 629 489 769 553; x_wconf 83' lang='lat' dir='ltr'>ornavit·</span> <span class='ocrx_word' id='word_1_10' title='bbox 791 489 986 570; x_wconf 82' lang='lat' dir='ltr'>sacerdoci03</span> <span class='ocrx_word' id='word_1_11' title='bbox 1016 467 1128 557; x_wconf 87' lang='lat' dir='ltr'>humili</span> <span class='ocrx_word' id='word_1_12' title='bbox 1151 491 1273 578; x_wconf 88' lang='lat' dir='ltr'>suppli·</span> <span class='ocrx_word' id='word_1_13' title='bbox 1304 507 1376 562; x_wconf 74' lang='lat' dir='ltr'>nott</span> 
     </span>
     <span class='ocr_line' id='line_1_3' title="bbox 6 579 1385 691; baseline 0.007 -26"><span class='ocrx_word' id='word_1_14' title='bbox 6 622 7 651; x_wconf 66' lang='lat'>1</span> <span class='ocrx_word' id='word_1_15' title='bbox 102 604 168 666; x_wconf 82' lang='lat' dir='ltr'>eatn</span> <span class='ocrx_word' id='word_1_16' title='bbox 190 605 317 666; x_wconf 84' lang='lat' dir='ltr'>orantes</span> <span class='ocrx_word' id='word_1_17' title='bbox 331 605 365 666; x_wconf 90' lang='lat' dir='ltr'>et</span> <span class='ocrx_word' id='word_1_18' title='bbox 379 600 599 688; x_wconf 76' lang='lat' dir='ltr'>deprecantes:</span> <span class='ocrx_word' id='word_1_19' title='bbox 624 608 669 686; x_wconf 86' lang='lat' dir='ltr'>ut,</span> <span class='ocrx_word' id='word_1_20' title='bbox 693 605 747 688; x_wconf 91' lang='lat' dir='ltr'>qui</span> <span class='ocrx_word' id='word_1_21' title='bbox 768 603 949 690; x_wconf 69' lang='lat' dir='ltr'>primicias*</span> <span class='ocrx_word' id='word_1_22' title='bbox 965 605 1161 691; x_wconf 84' lang='lat' dir='ltr'>apostolatus</span> <span class='ocrx_word' id='word_1_23' title='bbox 1173 609 1273 675; x_wconf 72' lang='lat' dir='ltr'>reatu</span> <span class='ocrx_word' id='word_1_24' title='bbox 1290 579 1385 628; x_wconf 47' lang='grc' dir='ltr'>Μ’</span> 
     </span>
    </p>

    <p class='ocr_par' dir='ltr' id='par_1_3' title="bbox 6 713 1272 918">
     <span class='ocr_line' id='line_1_4' title="bbox 101 713 1272 810; baseline 0.009 -29"><span class='ocrx_word' id='word_1_25' title='bbox 101 715 237 802; x_wconf 82' lang='lat' dir='ltr'>pertudit</span> <span class='ocrx_word' id='word_1_26' title='bbox 251 715 320 783; x_wconf 89' lang='lat' dir='ltr'>oleo</span> <span class='ocrx_word' id='word_1_27' title='bbox 334 713 459 784; x_wconf 89' lang='lat' dir='ltr'>leticiae</span> <span class='ocrx_word' id='word_1_28' title='bbox 474 737 554 804; x_wconf 85' lang='lat' dir='ltr'>prae</span> <span class='ocrx_word' id='word_1_29' title='bbox 569 719 776 805; x_wconf 75' lang='lat' dir='ltr'>participibus</span> <span class='ocrx_word' id='word_1_30' title='bbox 792 720 906 786; x_wconf 73' lang='lat' dir='ltr'>veseis</span> <span class='ocrx_word' id='word_1_31' title='bbox 915 716 933 804; x_wconf 88' lang='lat'>¹,</span> <span class='ocrx_word' id='word_1_32' title='bbox 957 721 1094 803; x_wconf 79' lang='lat' dir='ltr'>gratiam</span> <span class='ocrx_word' id='word_1_33' title='bbox 1112 729 1145 789; x_wconf 89' lang='lat' dir='ltr'>et</span> <span class='ocrx_word' id='word_1_34' title='bbox 1161 743 1272 810; x_wconf 88' lang='lat' dir='ltr'>pacem</span> 
     </span>
     <span class='ocr_line' id='line_1_5' title="bbox 6 829 997 918; baseline 0.004 -21"><span class='ocrx_word' id='word_1_35' title='bbox 6 846 7 851; x_wconf 73' lang='grc'>’</span> <span class='ocrx_word' id='word_1_36' title='bbox 101 829 285 918; x_wconf 88' lang='lat' dir='ltr'>multiplicet</span> <span class='ocrx_word' id='word_1_37' title='bbox 306 831 457 900; x_wconf 85' lang='lat' dir='ltr'>eeclesiae</span> <span class='ocrx_word' id='word_1_38' title='bbox 480 845 572 900; x_wconf 86' lang='lat' dir='ltr'>auae·</span> <span class='ocrx_word' id='word_1_39' title='bbox 596 836 716 901; x_wconf 90' lang='lat' dir='ltr'>eunctis</span> <span class='ocrx_word' id='word_1_40' title='bbox 738 834 850 902; x_wconf 88' lang='lat' dir='ltr'>diebus</span> <span class='ocrx_word' id='word_1_41' title='bbox 872 836 997 904; x_wconf 75' lang='lat' dir='ltr'>vescia.</span> 
     </span>
    </p>

    <p class='ocr_par' dir='ltr' id='par_1_4' title="bbox 96 946 1271 1731">
     <span class='ocr_line' id='line_1_6' title="bbox 184 946 1270 1039; baseline 0.007 -28"><span class='ocrx_word' id='word_1_42' title='bbox 184 946 340 1032; x_wconf 85' lang='lat' dir='ltr'>Optamus</span> <span class='ocrx_word' id='word_1_43' title='bbox 364 951 469 1014; x_wconf 87' lang='lat' dir='ltr'>autem</span> <span class='ocrx_word' id='word_1_44' title='bbox 492 951 677 1035; x_wconf 88' lang='lat' dir='ltr'>promereri,</span> <span class='ocrx_word' id='word_1_45' title='bbox 701 957 736 1016; x_wconf 91' lang='lat' dir='ltr'>ut</span> <span class='ocrx_word' id='word_1_46' title='bbox 749 951 942 1038; x_wconf 76' lang='lat' dir='ltr'>peculiarem</span> <span class='ocrx_word' id='word_1_47' title='bbox 962 953 1099 1036; x_wconf 80' lang='lat' dir='ltr'>gratiam</span> <span class='ocrx_word' id='word_1_48' title='bbox 1114 953 1199 1039; x_wconf 89' lang='lat' dir='ltr'>apud</span> <span class='ocrx_word' id='word_1_49' title='bbox 1213 973 1270 1020; x_wconf 83' lang='lat' dir='ltr'>ros</span> 
     </span>
     <span class='ocr_line' id='line_1_7' title="bbox 100 1063 1271 1154; baseline 0.006 -25"><span class='ocrx_word' id='word_1_50' title='bbox 100 1063 309 1145; x_wconf 84' lang='lat' dir='ltr'>obtineamus3</span> <span class='ocrx_word' id='word_1_51' title='bbox 342 1067 374 1129; x_wconf 91' lang='lat' dir='ltr'>et</span> <span class='ocrx_word' id='word_1_52' title='bbox 402 1070 550 1131; x_wconf 78' lang='lat' dir='ltr'>cresim</span> <span class='ocrx_word' id='word_1_53' title='bbox 571 1067 762 1152; x_wconf 77' lang='lat' dir='ltr'>paternitate</span> <span class='ocrx_word' id='word_1_54' title='bbox 790 1066 960 1154; x_wconf 86' lang='lat' dir='ltr'>specialem</span> <span class='ocrx_word' id='word_1_55' title='bbox 988 1068 1080 1135; x_wconf 85' lang='lat' dir='ltr'>nobis</span> <span class='ocrx_word' id='word_1_56' title='bbox 1102 1069 1271 1154; x_wconf 85' lang='lat' dir='ltr'>provenire</span> 
     </span>
     <span class='ocr_line' id='line_1_8' title="bbox 99 1177 1270 1267; baseline 0.003 -21"><span class='ocrx_word' id='word_1_57' title='bbox 99 1177 312 1263; x_wconf 74' lang='lat' dir='ltr'>elemptim,</span> <span class='ocrx_word' id='word_1_58' title='bbox 347 1197 411 1246; x_wconf 91' lang='lat' dir='ltr'>non</span> <span class='ocrx_word' id='word_1_59' title='bbox 440 1179 541 1246; x_wconf 89' lang='lat' dir='ltr'>solnm</span> <span class='ocrx_word' id='word_1_60' title='bbox 571 1201 609 1246; x_wconf 87' lang='lat' dir='ltr'>ea</span> <span class='ocrx_word' id='word_1_61' title='bbox 636 1181 783 1265; x_wconf 75' lang='lat' dir='ltr'>cantate,</span> <span class='ocrx_word' id='word_1_62' title='bbox 818 1201 914 1267; x_wconf 86' lang='lat' dir='ltr'>quam</span> <span class='ocrx_word' id='word_1_63' title='bbox 948 1183 1120 1250; x_wconf 86' lang='lat' dir='ltr'>universali</span> <span class='ocrx_word' id='word_1_64' title='bbox 1148 1183 1270 1251; x_wconf 85' lang='lat' dir='ltr'>debetis</span> 
     </span>
     <span class='ocr_line' id='line_1_9' title="bbox 99 1295 1270 1385; baseline 0.005 -24"><span class='ocrx_word' id='word_1_65' title='bbox 99 1295 263 1378; x_wconf 72' lang='lat' dir='ltr'>aetenae,</span> <span class='ocrx_word' id='word_1_66' title='bbox 291 1295 349 1362; x_wconf 86' lang='lat' dir='ltr'>aed</span> <span class='ocrx_word' id='word_1_67' title='bbox 377 1295 473 1362; x_wconf 83' lang='lat' dir='ltr'>etiem</span> <span class='ocrx_word' id='word_1_68' title='bbox 496 1315 533 1363; x_wconf 90' lang='lat' dir='ltr'>eo</span> <span class='ocrx_word' id='word_1_69' title='bbox 555 1298 678 1381; x_wconf 71' lang='lat' dir='ltr'>gratim</span> <span class='ocrx_word' id='word_1_70' title='bbox 700 1297 883 1385; x_wconf 81' lang='lat' dir='ltr'>privilegio,</span> <span class='ocrx_word' id='word_1_71' title='bbox 906 1298 991 1383; x_wconf 91' lang='lat' dir='ltr'>quod</span> <span class='ocrx_word' id='word_1_72' title='bbox 1012 1319 1138 1385; x_wconf 85' lang='lat' dir='ltr'>semper</span> <span class='ocrx_word' id='word_1_73' title='bbox 1160 1307 1270 1368; x_wconf 85' lang='lat' dir='ltr'>sancte</span> 
     </span>
     <span class='ocr_line' id='line_1_10' title="bbox 98 1409 1270 1502; baseline 0.003 -24"><span class='ocrx_word' id='word_1_74' title='bbox 98 1411 185 1478; x_wconf 86' lang='lat' dir='ltr'>sedes</span> <span class='ocrx_word' id='word_1_75' title='bbox 209 1415 316 1478; x_wconf 81' lang='lat' dir='ltr'>vestra</span> <span class='ocrx_word' id='word_1_76' title='bbox 337 1409 541 1496; x_wconf 79' lang='lat' dir='ltr'>biognntinae</span> <span class='ocrx_word' id='word_1_77' title='bbox 567 1412 724 1501; x_wconf 90' lang='lat' dir='ltr'>impendit</span> <span class='ocrx_word' id='word_1_78' title='bbox 750 1413 901 1481; x_wconf 87' lang='lat' dir='ltr'>ecelesiae</span> <span class='ocrx_word' id='word_1_79' title='bbox 929 1418 967 1481; x_wconf 88' lang='lat' dir='ltr'>ut</span> <span class='ocrx_word' id='word_1_80' title='bbox 993 1415 1048 1500; x_wconf 84' lang='lat' dir='ltr'>pie</span> <span class='ocrx_word' id='word_1_81' title='bbox 1072 1418 1176 1482; x_wconf 83' lang='lat' dir='ltr'>mater</span> <span class='ocrx_word' id='word_1_82' title='bbox 1197 1435 1270 1502; x_wconf 88' lang='lat' dir='ltr'>ape·</span> 
     </span>
     <span class='ocr_line' id='line_1_11' title="bbox 98 1514 1269 1614; baseline 0.005 -22"><span class='ocrx_word' id='word_1_83' title='bbox 98 1525 167 1594; x_wconf 84' lang='lat' dir='ltr'>ciali</span> <span class='ocrx_word' id='word_1_84' title='bbox 188 1525 283 1592; x_wconf 84' lang='lat' dir='ltr'>tiliae.</span> <span class='ocrx_word' id='word_1_85' title='bbox 317 1525 387 1593; x_wconf 85' lang='lat' dir='ltr'>Hae</span> <span class='ocrx_word' id='word_1_86' title='bbox 408 1528 500 1610; x_wconf 72' lang='lat' dir='ltr'>erpod</span> <span class='ocrx_word' id='word_1_87' title='bbox 524 1529 598 1596; x_wconf 81' lang='lat' dir='ltr'>freti</span> <span class='ocrx_word' id='word_1_88' title='bbox 620 1530 733 1614; x_wconf 81' lang='lat' dir='ltr'>gratia,</span> <span class='ocrx_word' id='word_1_89' title='bbox 756 1531 791 1595; x_wconf 91' lang='lat' dir='ltr'>in</span> <span class='ocrx_word' id='word_1_90' title='bbox 813 1529 974 1614; x_wconf 89' lang='lat' dir='ltr'>omnibus,</span> <span class='ocrx_word' id='word_1_91' title='bbox 998 1514 1079 1614; x_wconf 67' lang='lat' dir='ltr'>puae</span> <span class='ocrx_word' id='word_1_92' title='bbox 1100 1530 1192 1598; x_wconf 88' lang='lat' dir='ltr'>nobis</span> <span class='ocrx_word' id='word_1_93' title='bbox 1214 1531 1269 1598; x_wconf 90' lang='lat' dir='ltr'>ob-</span> 
     </span>
     <span class='ocr_line' id='line_1_12' title="bbox 96 1641 1269 1731; baseline 0.003 -22"><span class='ocrx_word' id='word_1_94' title='bbox 96 1645 193 1726; x_wconf 80' lang='lat' dir='ltr'>vient,</span> <span class='ocrx_word' id='word_1_95' title='bbox 216 1641 258 1708; x_wconf 88' lang='lat' dir='ltr'>ed</span> <span class='ocrx_word' id='word_1_96' title='bbox 272 1651 346 1708; x_wconf 86' lang='lat' dir='ltr'>vos·</span> <span class='ocrx_word' id='word_1_97' title='bbox 368 1645 575 1726; x_wconf 82' lang='lat' dir='ltr'>recurrimns3</span> <span class='ocrx_word' id='word_1_98' title='bbox 600 1649 632 1711; x_wconf 93' lang='lat' dir='ltr'>et</span> <span class='ocrx_word' id='word_1_99' title='bbox 646 1645 796 1731; x_wconf 89' lang='lat' dir='ltr'>quiequid</span> <span class='ocrx_word' id='word_1_100' title='bbox 810 1645 901 1712; x_wconf 89' lang='lat' dir='ltr'>nobis</span> <span class='ocrx_word' id='word_1_101' title='bbox 921 1645 1117 1729; x_wconf 83' lang='lat' dir='ltr'>adversatur,</span> <span class='ocrx_word' id='word_1_102' title='bbox 1140 1646 1182 1713; x_wconf 87' lang='lat' dir='ltr'>ed</span> <span class='ocrx_word' id='word_1_103' title='bbox 1196 1656 1269 1714; x_wconf 84' lang='lat' dir='ltr'>roa·</span> 
     </span>
    </p>

    <p class='ocr_par' dir='ltr' id='par_1_5' title="bbox 6 1757 1269 3348">
     <span class='ocr_line' id='line_1_13' title="bbox 6 1757 724 1846; baseline 0.007 -25"><span class='ocrx_word' id='word_1_104' title='bbox 6 1795 7 1806; x_wconf 27' lang='grc' dir='ltr'><strong>κ</strong></span> <span class='ocrx_word' id='word_1_105' title='bbox 97 1757 181 1826; x_wconf 82' lang='lat' dir='ltr'>velut</span> <span class='ocrx_word' id='word_1_106' title='bbox 202 1757 347 1825; x_wconf 89' lang='lat' dir='ltr'>membra</span> <span class='ocrx_word' id='word_1_107' title='bbox 368 1758 409 1824; x_wconf 87' lang='lat' dir='ltr'>ad</span> <span class='ocrx_word' id='word_1_108' title='bbox 431 1766 527 1846; x_wconf 91' lang='lat' dir='ltr'>caput</span> <span class='ocrx_word' id='word_1_109' title='bbox 547 1759 724 1828; x_wconf 84' lang='lat' dir='ltr'>referimus.</span> 
     </span>
     <span class='ocr_line' id='line_1_14' title="bbox 182 1872 1269 1961; baseline 0.005 -22"><span class='ocrx_word' id='word_1_110' title='bbox 182 1872 275 1940; x_wconf 85' lang='lat' dir='ltr'>Unde</span> <span class='ocrx_word' id='word_1_111' title='bbox 298 1873 459 1942; x_wconf 88' lang='lat' dir='ltr'>humiliter</span> <span class='ocrx_word' id='word_1_112' title='bbox 481 1873 670 1943; x_wconf 87' lang='lat' dir='ltr'>inclinamus</span> <span class='ocrx_word' id='word_1_113' title='bbox 686 1882 811 1943; x_wconf 84' lang='lat' dir='ltr'>restrae</span> <span class='ocrx_word' id='word_1_114' title='bbox 828 1876 1000 1959; x_wconf 87' lang='lat' dir='ltr'>sanctitati,</span> <span class='ocrx_word' id='word_1_115' title='bbox 1024 1876 1109 1961; x_wconf 92' lang='lat' dir='ltr'>quod</span> <span class='ocrx_word' id='word_1_116' title='bbox 1130 1876 1189 1943; x_wconf 83' lang='lat' dir='ltr'>sub</span> <span class='ocrx_word' id='word_1_117' title='bbox 1213 1896 1269 1944; x_wconf 86' lang='lat' dir='ltr'>an·</span> 
     </span>
     <span class='ocr_line' id='line_1_15' title="bbox 6 1991 1268 2078; baseline 0.006 -28"><span class='ocrx_word' id='word_1_118' title='bbox 6 2045 7 2050; x_wconf 75' lang='grc'>,</span> <span class='ocrx_word' id='word_1_119' title='bbox 95 1996 250 2058; x_wconf 76' lang='lat' dir='ltr'>teeeawre</span> <span class='ocrx_word' id='word_1_120' title='bbox 277 1995 383 2056; x_wconf 85' lang='lat' dir='ltr'>restro</span> <span class='ocrx_word' id='word_1_121' title='bbox 411 1991 483 2077; x_wconf 88' lang='lat' dir='ltr'>piae</span> <span class='ocrx_word' id='word_1_122' title='bbox 511 1992 740 2058; x_wconf 87' lang='lat' dir='ltr'>recordationis</span> <span class='ocrx_word' id='word_1_123' title='bbox 769 2011 855 2078; x_wconf 90' lang='lat' dir='ltr'>papa</span> <span class='ocrx_word' id='word_1_124' title='bbox 882 1991 1092 2073; x_wconf 77' lang='lat' dir='ltr'>Atlexandro)</span> <span class='ocrx_word' id='word_1_125' title='bbox 1126 1993 1268 2078; x_wconf 76' lang='lat' dir='ltr'>contigit,</span> 
     </span>
     <span class='ocr_line' id='line_1_16' title="bbox 6 2079 1269 2196; baseline 0.003 -25"><span class='ocrx_word' id='word_1_126' title='bbox 6 2079 7 2096; x_wconf 36' lang='lat'>¹</span> <span class='ocrx_word' id='word_1_127' title='bbox 94 2123 167 2189; x_wconf 85' lang='lat' dir='ltr'>noa,</span> <span class='ocrx_word' id='word_1_128' title='bbox 196 2113 235 2172; x_wconf 92' lang='lat' dir='ltr'>nt</span> <span class='ocrx_word' id='word_1_129' title='bbox 256 2103 344 2172; x_wconf 77' lang='lat' dir='ltr'>salve</span> <span class='ocrx_word' id='word_1_130' title='bbox 372 2108 550 2174; x_wconf 79' lang='lat' dir='ltr'>reuerentia</span> <span class='ocrx_word' id='word_1_131' title='bbox 578 2107 775 2191; x_wconf 82' lang='lat' dir='ltr'>dixerimue‘,</span> <span class='ocrx_word' id='word_1_132' title='bbox 803 2107 921 2174; x_wconf 88' lang='lat' dir='ltr'>iniuste</span> <span class='ocrx_word' id='word_1_133' title='bbox 950 2106 1177 2194; x_wconf 88' lang='lat' dir='ltr'>praeiudicium</span> <span class='ocrx_word' id='word_1_134' title='bbox 1200 2109 1269 2196; x_wconf 83' lang='lat' dir='ltr'>peti</span> 
     </span>
     <span class='ocr_line' id='line_1_17' title="bbox 6 2221 1269 2307; baseline 0.002 -20"><span class='ocrx_word' id='word_1_135' title='bbox 6 2249 7 2300; x_wconf 61' lang='grc' dir='ltr'><strong>ς</strong></span> <span class='ocrx_word' id='word_1_136' title='bbox 94 2228 125 2288; x_wconf 90' lang='lat' dir='ltr'>et</span> <span class='ocrx_word' id='word_1_137' title='bbox 146 2221 354 2288; x_wconf 72' lang='lat' dir='ltr'>inclementer</span> <span class='ocrx_word' id='word_1_138' title='bbox 382 2222 564 2289; x_wconf 82' lang='lat' dir='ltr'>deturbatos</span> <span class='ocrx_word' id='word_1_139' title='bbox 592 2243 662 2290; x_wconf 89' lang='lat' dir='ltr'>esse</span> <span class='ocrx_word' id='word_1_140' title='bbox 685 2223 724 2288; x_wconf 87' lang='lat' dir='ltr'>ab</span> <span class='ocrx_word' id='word_1_141' title='bbox 747 2241 785 2289; x_wconf 91' lang='lat' dir='ltr'>eo</span> <span class='ocrx_word' id='word_1_142' title='bbox 807 2223 893 2307; x_wconf 89' lang='lat' dir='ltr'>iure,</span> <span class='ocrx_word' id='word_1_143' title='bbox 921 2223 1005 2307; x_wconf 87' lang='lat' dir='ltr'>qnod</span> <span class='ocrx_word' id='word_1_144' title='bbox 1027 2225 1110 2290; x_wconf 83' lang='lat' dir='ltr'>aceri</span> <span class='ocrx_word' id='word_1_145' title='bbox 1133 2241 1269 2290; x_wconf 86' lang='lat' dir='ltr'>canones</span> 
     </span>
     <span class='ocr_line' id='line_1_18' title="bbox 6 2336 1268 2424; baseline 0.002 -22"><span class='ocrx_word' id='word_1_146' title='bbox 6 2383 7 2386; x_wconf 63' lang='lat'>,</span> <span class='ocrx_word' id='word_1_147' title='bbox 96 2341 127 2403; x_wconf 90' lang='lat' dir='ltr'>et</span> <span class='ocrx_word' id='word_1_148' title='bbox 146 2343 276 2424; x_wconf 88' lang='lat' dir='ltr'>patrum</span> <span class='ocrx_word' id='word_1_149' title='bbox 305 2338 385 2404; x_wconf 87' lang='lat' dir='ltr'>scita</span> <span class='ocrx_word' id='word_1_150' title='bbox 412 2337 664 2424; x_wconf 74' lang='lat' dir='ltr'>metropolitanis</span> <span class='ocrx_word' id='word_1_151' title='bbox 692 2339 803 2405; x_wconf 90' lang='lat' dir='ltr'>iubent</span> <span class='ocrx_word' id='word_1_152' title='bbox 825 2339 956 2405; x_wconf 79' lang='lat' dir='ltr'>serrari.</span> <span class='ocrx_word' id='word_1_153' title='bbox 999 2336 1143 2424; x_wconf 90' lang='lat' dir='ltr'>Denique</span> <span class='ocrx_word' id='word_1_154' title='bbox 1166 2338 1268 2406; x_wconf 89' lang='lat' dir='ltr'>eidem</span> 
     </span>
     <span class='ocr_line' id='line_1_19' title="bbox 6 2454 1269 2543; baseline -0.002 -18"><span class='ocrx_word' id='word_1_155' title='bbox 6 2522 7 2525; x_wconf 74' lang='grc'>,</span> <span class='ocrx_word' id='word_1_156' title='bbox 94 2454 293 2521; x_wconf 85' lang='lat' dir='ltr'>sanctissimo</span> <span class='ocrx_word' id='word_1_157' title='bbox 315 2455 400 2540; x_wconf 85' lang='lat' dir='ltr'>patri</span> <span class='ocrx_word' id='word_1_158' title='bbox 424 2454 463 2521; x_wconf 93' lang='lat' dir='ltr'>de</span> <span class='ocrx_word' id='word_1_159' title='bbox 484 2454 582 2521; x_wconf 83' lang='lat' dir='ltr'>tratre</span> <span class='ocrx_word' id='word_1_160' title='bbox 611 2459 644 2521; x_wconf 89' lang='lat' dir='ltr'>et</span> <span class='ocrx_word' id='word_1_161' title='bbox 665 2454 864 2539; x_wconf 78' lang='lat' dir='ltr'>suffraganeo</span> <span class='ocrx_word' id='word_1_162' title='bbox 891 2461 1001 2522; x_wconf 90' lang='lat' dir='ltr'>nostro</span> <span class='ocrx_word' id='word_1_163' title='bbox 1022 2454 1175 2539; x_wconf 81' lang='lat' dir='ltr'>Pragensi</span> <span class='ocrx_word' id='word_1_164' title='bbox 1201 2456 1269 2543; x_wconf 91' lang='lat' dir='ltr'>epi·</span> 
     </span>
     <span class='ocr_line' id='line_1_20' title="bbox 94 2564 1268 2656; baseline 0.003 -20"><span class='ocrx_word' id='word_1_165' title='bbox 94 2564 207 2656; x_wconf 80' lang='lat' dir='ltr'>scopo&#39;</span> <span class='ocrx_word' id='word_1_166' title='bbox 234 2568 365 2635; x_wconf 75' lang='lat' dir='ltr'>sinistm</span> <span class='ocrx_word' id='word_1_167' title='bbox 392 2568 545 2637; x_wconf 76' lang='lat' dir='ltr'>relatione</span> <span class='ocrx_word' id='word_1_168' title='bbox 573 2576 755 2655; x_wconf 74' lang='lat' dir='ltr'>suggestum</span> <span class='ocrx_word' id='word_1_169' title='bbox 785 2576 835 2637; x_wconf 87' lang='lat' dir='ltr'>eat</span> <span class='ocrx_word' id='word_1_170' title='bbox 863 2575 910 2655; x_wconf 91' lang='lat' dir='ltr'>et,</span> <span class='ocrx_word' id='word_1_171' title='bbox 938 2590 990 2637; x_wconf 89' lang='lat' dir='ltr'>me</span> <span class='ocrx_word' id='word_1_172' title='bbox 1017 2571 1199 2655; x_wconf 80' lang='lat' dir='ltr'>ignorante,</span> <span class='ocrx_word' id='word_1_173' title='bbox 1228 2572 1268 2639; x_wconf 87' lang='lat' dir='ltr'>ab</span> 
     </span>
     <span class='ocr_line' id='line_1_21' title="bbox 6 2683 1269 2771; baseline 0.002 -20"><span class='ocrx_word' id='word_1_174' title='bbox 6 2734 7 2767; x_wconf 62' lang='lat'>,</span> <span class='ocrx_word' id='word_1_175' title='bbox 93 2683 230 2752; x_wconf 86' lang='lat' dir='ltr'>inimicis</span> <span class='ocrx_word' id='word_1_176' title='bbox 253 2684 339 2771; x_wconf 89' lang='lat' dir='ltr'>apud</span> <span class='ocrx_word' id='word_1_177' title='bbox 361 2703 432 2749; x_wconf 92' lang='lat' dir='ltr'>eum</span> <span class='ocrx_word' id='word_1_178' title='bbox 456 2690 620 2752; x_wconf 76' lang='lat' dir='ltr'>amusatns</span> <span class='ocrx_word' id='word_1_179' title='bbox 644 2692 700 2753; x_wconf 87' lang='lat' dir='ltr'>est</span> <span class='ocrx_word' id='word_1_180' title='bbox 735 2684 827 2753; x_wconf 89' lang='lat' dir='ltr'>Unde</span> <span class='ocrx_word' id='word_1_181' title='bbox 854 2691 887 2752; x_wconf 89' lang='lat' dir='ltr'>et</span> <span class='ocrx_word' id='word_1_182' title='bbox 909 2686 1078 2753; x_wconf 77' lang='lat' dir='ltr'>haetenus·</span> <span class='ocrx_word' id='word_1_183' title='bbox 1104 2687 1269 2753; x_wconf 88' lang='lat' dir='ltr'>insolitum</span> 
     </span>
     <span class='ocr_line' id='line_1_22' title="bbox 93 2800 1268 2890; baseline 0.003 -24"><span class='ocrx_word' id='word_1_184' title='bbox 93 2801 150 2868; x_wconf 73' lang='lat' dir='ltr'>ab*</span> <span class='ocrx_word' id='word_1_185' title='bbox 173 2820 211 2868; x_wconf 89' lang='lat' dir='ltr'>eo</span> <span class='ocrx_word' id='word_1_186' title='bbox 227 2800 308 2867; x_wconf 81' lang='lat' dir='ltr'>exiit</span> <span class='ocrx_word' id='word_1_187' title='bbox 322 2800 469 2884; x_wconf 88' lang='lat' dir='ltr'>edictum,</span> <span class='ocrx_word' id='word_1_188' title='bbox 492 2808 528 2867; x_wconf 91' lang='lat' dir='ltr'>ut</span> <span class='ocrx_word' id='word_1_189' title='bbox 543 2801 676 2869; x_wconf 89' lang='lat' dir='ltr'>eundem</span> <span class='ocrx_word' id='word_1_190' title='bbox 691 2802 823 2869; x_wconf 70' lang='lat' dir='ltr'>datram</span> <span class='ocrx_word' id='word_1_191' title='bbox 843 2809 877 2870; x_wconf 90' lang='lat' dir='ltr'>et</span> <span class='ocrx_word' id='word_1_192' title='bbox 890 2804 1110 2890; x_wconf 87' lang='lat' dir='ltr'>coepiscopum</span> <span class='ocrx_word' id='word_1_193' title='bbox 1124 2806 1268 2869; x_wconf 88' lang='lat' dir='ltr'>nostrum</span> 
     </span>
     <span class='ocr_line' id='line_1_23' title="bbox 6 2916 1269 3004; baseline 0.002 -21"><span class='ocrx_word' id='word_1_194' title='bbox 6 2916 7 2919; x_wconf 72' lang='grc'>’</span> <span class='ocrx_word' id='word_1_195' title='bbox 96 2950 135 2963; x_wconf 93' lang='lat'><em>-</em></span> <span class='ocrx_word' id='word_1_196' title='bbox 158 2936 218 2983; x_wconf 90' lang='lat' dir='ltr'>nee</span> <span class='ocrx_word' id='word_1_197' title='bbox 240 2916 325 2982; x_wconf 89' lang='lat' dir='ltr'>inter</span> <span class='ocrx_word' id='word_1_198' title='bbox 346 2916 460 2983; x_wconf 76' lang='lat' dir='ltr'>batres</span> <span class='ocrx_word' id='word_1_199' title='bbox 484 2936 557 2983; x_wconf 88' lang='lat' dir='ltr'>suos</span> <span class='ocrx_word' id='word_1_200' title='bbox 571 2918 733 2985; x_wconf 77' lang='lat' dir='ltr'>canonice*</span> <span class='ocrx_word' id='word_1_201' title='bbox 755 2918 846 3004; x_wconf 87' lang='lat' dir='ltr'>prius</span> <span class='ocrx_word' id='word_1_202' title='bbox 867 2918 1020 3002; x_wconf 85' lang='lat' dir='ltr'>anditum,</span> <span class='ocrx_word' id='word_1_203' title='bbox 1042 2937 1102 2984; x_wconf 90' lang='lat' dir='ltr'>nee</span> <span class='ocrx_word' id='word_1_204' title='bbox 1119 2917 1269 2985; x_wconf 87' lang='lat' dir='ltr'>canonice</span> 
     </span>
     <span class='ocr_line' id='line_1_24' title="bbox 6 3032 1268 3131; baseline 0.001 -32"><span class='ocrx_word' id='word_1_205' title='bbox 6 3072 7 3131; x_wconf 70' lang='lat'>3</span> <span class='ocrx_word' id='word_1_206' title='bbox 94 3032 133 3099; x_wconf 85' lang='lat' dir='ltr'>ad</span> <span class='ocrx_word' id='word_1_207' title='bbox 154 3052 190 3099; x_wconf 86' lang='lat' dir='ltr'>ao</span> <span class='ocrx_word' id='word_1_208' title='bbox 206 3036 362 3115; x_wconf 82' lang='lat' dir='ltr'>vocatum,</span> <span class='ocrx_word' id='word_1_209' title='bbox 386 3050 444 3098; x_wconf 89' lang='lat' dir='ltr'>nec</span> <span class='ocrx_word' id='word_1_210' title='bbox 458 3032 690 3101; x_wconf 88' lang='lat' dir='ltr'>inobedientiae</span> <span class='ocrx_word' id='word_1_211' title='bbox 705 3034 801 3120; x_wconf 89' lang='lat' dir='ltr'>culpa</span> <span class='ocrx_word' id='word_1_212' title='bbox 814 3034 998 3101; x_wconf 88' lang='lat' dir='ltr'>denotatum</span> <span class='ocrx_word' id='word_1_213' title='bbox 1021 3068 1063 3079; x_wconf 91' lang='lat'>—</span> <span class='ocrx_word' id='word_1_214' title='bbox 1086 3053 1151 3100; x_wconf 92' lang='lat' dir='ltr'>non</span> <span class='ocrx_word' id='word_1_215' title='bbox 1165 3032 1268 3100; x_wconf 90' lang='lat' dir='ltr'>solum</span> 
     </span>
     <span class='ocr_line' id='line_1_25' title="bbox 93 3146 1268 3233; baseline 0 -18"><span class='ocrx_word' id='word_1_216' title='bbox 93 3147 132 3215; x_wconf 82' lang='lat' dir='ltr'>ab</span> <span class='ocrx_word' id='word_1_217' title='bbox 159 3146 265 3214; x_wconf 86' lang='lat' dir='ltr'>officio</span> <span class='ocrx_word' id='word_1_218' title='bbox 294 3166 352 3213; x_wconf 88' lang='lat' dir='ltr'>suo</span> <span class='ocrx_word' id='word_1_219' title='bbox 380 3146 597 3233; x_wconf 62' lang='lat' dir='ltr'>suspenderit*</span> <span class='ocrx_word' id='word_1_220' title='bbox 626 3149 681 3217; x_wconf 89' lang='lat' dir='ltr'>sed</span> <span class='ocrx_word' id='word_1_221' title='bbox 710 3150 807 3217; x_wconf 77' lang='lat' dir='ltr'>obem</span> <span class='ocrx_word' id='word_1_222' title='bbox 834 3148 929 3217; x_wconf 88' lang='lat' dir='ltr'>rebus</span> <span class='ocrx_word' id='word_1_223' title='bbox 956 3155 989 3216; x_wconf 92' lang='lat' dir='ltr'>et</span> <span class='ocrx_word' id='word_1_224' title='bbox 1010 3147 1164 3217; x_wconf 87' lang='lat' dir='ltr'>reditibus</span> <span class='ocrx_word' id='word_1_225' title='bbox 1191 3168 1268 3216; x_wconf 87' lang='lat' dir='ltr'>auae</span> 
     </span>
     <span class='ocr_line' id='line_1_26' title="bbox 6 3256 1268 3348; baseline 0.001 -18"><span class='ocrx_word' id='word_1_226' title='bbox 6 3256 7 3321; x_wconf 68' lang='lat' dir='ltr'>i</span> <span class='ocrx_word' id='word_1_227' title='bbox 93 3263 243 3331; x_wconf 85' lang='lat' dir='ltr'>eeclesiae</span> <span class='ocrx_word' id='word_1_228' title='bbox 265 3263 394 3329; x_wconf 92' lang='lat' dir='ltr'>omnino</span> <span class='ocrx_word' id='word_1_229' title='bbox 416 3262 601 3348; x_wconf 81' lang='lat' dir='ltr'>spoliaverit</span> <span class='ocrx_word' id='word_1_230' title='bbox 623 3271 656 3330; x_wconf 90' lang='lat' dir='ltr'>ct</span> <span class='ocrx_word' id='word_1_231' title='bbox 670 3266 872 3347; x_wconf 81' lang='lat' dir='ltr'>exabnserit3</span> <span class='ocrx_word' id='word_1_232' title='bbox 896 3266 943 3331; x_wconf 89' lang='lat' dir='ltr'>ita</span> <span class='ocrx_word' id='word_1_233' title='bbox 964 3270 1000 3332; x_wconf 92' lang='lat' dir='ltr'>ut</span> <span class='ocrx_word' id='word_1_234' title='bbox 1019 3264 1126 3330; x_wconf 87' lang='lat' dir='ltr'>missis</span> <span class='ocrx_word' id='word_1_235' title='bbox 1147 3264 1268 3331; x_wconf 83' lang='lat' dir='ltr'>nuntiis</span> 
     </span>
    </p>
   </div>
   <div class='ocr_carea' id='block_1_3' title="bbox 91 3378 1268 3467">
    <p class='ocr_par' dir='ltr' id='par_1_6' title="bbox 91 3378 1268 3467">
     <span class='ocr_line' id='line_1_27' title="bbox 91 3378 1268 3467; baseline 0 -21"><span class='ocrx_word' id='word_1_236' title='bbox 91 3380 217 3465; x_wconf 85' lang='lat' dir='ltr'>publice</span> <span class='ocrx_word' id='word_1_237' title='bbox 241 3380 386 3447; x_wconf 78' lang='lat' dir='ltr'>nunciati</span> <span class='ocrx_word' id='word_1_238' title='bbox 408 3378 520 3447; x_wconf 83' lang='lat' dir='ltr'>iecerit</span> <span class='ocrx_word' id='word_1_239' title='bbox 541 3379 694 3447; x_wconf 82' lang='lat' dir='ltr'>in¹clero</span> <span class='ocrx_word' id='word_1_240' title='bbox 717 3387 750 3447; x_wconf 91' lang='lat' dir='ltr'>et</span> <span class='ocrx_word' id='word_1_241' title='bbox 772 3380 905 3467; x_wconf 90' lang='lat' dir='ltr'>populo,</span> <span class='ocrx_word' id='word_1_242' title='bbox 929 3384 979 3465; x_wconf 93' lang='lat' dir='ltr'>ut,</span> <span class='ocrx_word' id='word_1_243' title='bbox 1003 3400 1075 3447; x_wconf 90' lang='lat' dir='ltr'>eum</span> <span class='ocrx_word' id='word_1_244' title='bbox 1098 3381 1189 3466; x_wconf 85' lang='lat' dir='ltr'>qusai</span> <span class='ocrx_word' id='word_1_245' title='bbox 1212 3399 1268 3448; x_wconf 84' lang='lat' dir='ltr'>ex·</span> 
     </span>
    </p>
   </div>
   <div class='ocr_carea' id='block_1_4' title="bbox 6 3482 1268 3939">
    <p class='ocr_par' dir='ltr' id='par_1_7' title="bbox 6 3482 1267 3582">
     <span class='ocr_line' id='line_1_28' title="bbox 6 3482 1267 3582; baseline -0.001 -20"><span class='ocrx_word' id='word_1_246' title='bbox 6 3482 7 3505; x_wconf 20' lang='lat' dir='ltr'>i</span> <span class='ocrx_word' id='word_1_247' title='bbox 91 3496 360 3562; x_wconf 85' lang='lat' dir='ltr'>communicatum</span> <span class='ocrx_word' id='word_1_248' title='bbox 382 3494 544 3579; x_wconf 83' lang='lat' dir='ltr'>habentes,</span> <span class='ocrx_word' id='word_1_249' title='bbox 567 3495 674 3579; x_wconf 90' lang='lat' dir='ltr'>nichil,</span> <span class='ocrx_word' id='word_1_250' title='bbox 698 3495 781 3581; x_wconf 89' lang='lat' dir='ltr'>qnod</span> <span class='ocrx_word' id='word_1_251' title='bbox 804 3495 946 3582; x_wconf 88' lang='lat' dir='ltr'>episcopi</span> <span class='ocrx_word' id='word_1_252' title='bbox 968 3502 1067 3579; x_wconf 88' lang='lat' dir='ltr'>esset,</span> <span class='ocrx_word' id='word_1_253' title='bbox 1096 3496 1146 3563; x_wconf 86' lang='lat' dir='ltr'>vel</span> <span class='ocrx_word' id='word_1_254' title='bbox 1172 3515 1267 3581; x_wconf 87' lang='lat' dir='ltr'>quae·</span> 
     </span>
    </p>

    <p class='ocr_par' dir='ltr' id='par_1_8' title="bbox 6 3610 1268 3939">
     <span class='ocr_line' id='line_1_29' title="bbox 90 3610 1268 3697; baseline 0 -18"><span class='ocrx_word' id='word_1_255' title='bbox 90 3618 200 3679; x_wconf 85' lang='lat' dir='ltr'>rorent</span> <span class='ocrx_word' id='word_1_256' title='bbox 226 3610 278 3677; x_wconf 84' lang='lat' dir='ltr'>vel</span> <span class='ocrx_word' id='word_1_257' title='bbox 307 3610 486 3696; x_wconf 82' lang='lat' dir='ltr'>acciperent</span> <span class='ocrx_word' id='word_1_258' title='bbox 514 3610 553 3677; x_wconf 88' lang='lat' dir='ltr'>ab</span> <span class='ocrx_word' id='word_1_259' title='bbox 587 3631 634 3678; x_wconf 86' lang='lat' dir='ltr'>eo.</span> <span class='ocrx_word' id='word_1_260' title='bbox 725 3610 816 3689; x_wconf 86' lang='lat' dir='ltr'>Quod</span> <span class='ocrx_word' id='word_1_261' title='bbox 847 3612 966 3677; x_wconf 82' lang='lat' dir='ltr'>fectum</span> <span class='ocrx_word' id='word_1_262' title='bbox 1000 3612 1028 3677; x_wconf 90' lang='lat' dir='ltr'>si</span> <span class='ocrx_word' id='word_1_263' title='bbox 1062 3610 1268 3697; x_wconf 87' lang='lat' dir='ltr'>apostolieum</span> 
     </span>
     <span class='ocr_line' id='line_1_30' title="bbox 6 3725 1268 3811; baseline -0.003 -14"><span class='ocrx_word' id='word_1_264' title='bbox 6 3786 7 3797; x_wconf 70' lang='grc'>,</span> <span class='ocrx_word' id='word_1_265' title='bbox 90 3729 202 3797; x_wconf 88' lang='lat' dir='ltr'>deceat</span> <span class='ocrx_word' id='word_1_266' title='bbox 215 3725 502 3810; x_wconf 85' lang='lat' dir='ltr'>mansuetudinem,</span> <span class='ocrx_word' id='word_1_267' title='bbox 518 3726 755 3794; x_wconf 83' lang='lat' dir='ltr'>aidecreterum</span> <span class='ocrx_word' id='word_1_268' title='bbox 771 3731 877 3795; x_wconf 84' lang='lat' dir='ltr'>servet</span> <span class='ocrx_word' id='word_1_269' title='bbox 887 3728 1116 3811; x_wconf 84' lang='lat' dir='ltr'>auctoritatem,</span> <span class='ocrx_word' id='word_1_270' title='bbox 1128 3732 1268 3794; x_wconf 77' lang='lat' dir='ltr'>vmtrem</span> 
     </span>
     <span class='ocr_line' id='line_1_31' title="bbox 6 3841 1267 3939; baseline 0 -30"><span class='ocrx_word' id='word_1_271' title='bbox 6 3929 7 3939; x_wconf 9' lang='grc' dir='ltr'>ἵ</span> <span class='ocrx_word' id='word_1_272' title='bbox 90 3862 153 3911; x_wconf 93' lang='lat' dir='ltr'>non</span> <span class='ocrx_word' id='word_1_273' title='bbox 183 3845 337 3931; x_wconf 85' lang='lat' dir='ltr'>praeterit</span> <span class='ocrx_word' id='word_1_274' title='bbox 364 3844 576 3910; x_wconf 87' lang='lat' dir='ltr'>sanctitatem.</span> <span class='ocrx_word' id='word_1_275' title='bbox 615 3841 757 3909; x_wconf 67' lang='lat' dir='ltr'>Debuitnn</span> <span class='ocrx_word' id='word_1_276' title='bbox 785 3861 923 3927; x_wconf 87' lang='lat' dir='ltr'>namque</span> <span class='ocrx_word' id='word_1_277' title='bbox 949 3843 1041 3910; x_wconf 85' lang='lat' dir='ltr'>iuxta</span> <span class='ocrx_word' id='word_1_278' title='bbox 1062 3843 1190 3910; x_wconf 70' lang='lat' dir='ltr'>demeti</span> <span class='ocrx_word' id='word_1_279' title='bbox 1214 3862 1267 3909; x_wconf 86' lang='lat' dir='ltr'>cc·</span> 
     </span>
    </p>
   </div>
   <div class='ocr_carea' id='block_1_5' title="bbox 6 4009 1267 4299">
    <p class='ocr_par' dir='ltr' id='par_1_9' title="bbox 159 4009 1266 4068">
     <span class='ocr_line' id='line_1_32' title="bbox 159 4009 1266 4068; baseline -0.001 -8"><span class='ocrx_word' id='word_1_280' title='bbox 159 4028 182 4059; x_wconf 84' lang='grc' dir='ltr'>ι.</span> <span class='ocrx_word' id='word_1_281' title='bbox 206 4012 320 4059; x_wconf 81' lang='lat' dir='ltr'>ordinarit</span> <span class='ocrx_word' id='word_1_282' title='bbox 340 4010 368 4057; x_wconf 84' lang='lat' dir='ltr'>G.</span> <span class='ocrx_word' id='word_1_283' title='bbox 445 4011 467 4057; x_wconf 94' lang='lat' dir='ltr'>b.</span> <span class='ocrx_word' id='word_1_284' title='bbox 491 4010 589 4057; x_wconf 80' lang='lat' dir='ltr'>miticies</span> <span class='ocrx_word' id='word_1_285' title='bbox 610 4009 636 4057; x_wconf 84' lang='lat' dir='ltr'>G.</span> <span class='ocrx_word' id='word_1_286' title='bbox 719 4024 739 4057; x_wconf 90' lang='lat' dir='ltr'>c.</span> <span class='ocrx_word' id='word_1_287' title='bbox 763 4024 818 4057; x_wconf 73' lang='lat' dir='ltr'>anm</span> <span class='ocrx_word' id='word_1_288' title='bbox 835 4011 923 4059; x_wconf 85' lang='lat' dir='ltr'>eunctis</span> <span class='ocrx_word' id='word_1_289' title='bbox 939 4026 981 4058; x_wconf 74' lang='lat' dir='ltr'>eoa</span> <span class='ocrx_word' id='word_1_290' title='bbox 996 4010 1022 4058; x_wconf 84' lang='lat' dir='ltr'>G.</span> <span class='ocrx_word' id='word_1_291' title='bbox 1100 4010 1123 4057; x_wconf 89' lang='lat' dir='ltr'>d.</span> <span class='ocrx_word' id='word_1_292' title='bbox 1149 4010 1219 4068; x_wconf 74' lang='lat' dir='ltr'>igitur</span> <span class='ocrx_word' id='word_1_293' title='bbox 1239 4009 1266 4060; x_wconf 83' lang='lat' dir='ltr'>G.</span> 
     </span>
    </p>

    <p class='ocr_par' dir='ltr' id='par_1_10' title="bbox 90 4089 1267 4149">
     <span class='ocr_line' id='line_1_33' title="bbox 90 4089 1267 4149; baseline -0.005 -10"><span class='ocrx_word' id='word_1_294' title='bbox 90 4106 110 4139; x_wconf 82' lang='lat' dir='ltr'>e.</span> <span class='ocrx_word' id='word_1_295' title='bbox 133 4092 165 4139; x_wconf 80' lang='lat' dir='ltr'>ad</span> <span class='ocrx_word' id='word_1_296' title='bbox 181 4105 223 4139; x_wconf 82' lang='lat' dir='ltr'>rea</span> <span class='ocrx_word' id='word_1_297' title='bbox 238 4106 283 4139; x_wconf 75' lang='lat' dir='ltr'>ona</span> <span class='ocrx_word' id='word_1_298' title='bbox 297 4090 324 4137; x_wconf 83' lang='lat' dir='ltr'>G.</span> <span class='ocrx_word' id='word_1_299' title='bbox 402 4090 418 4137; x_wconf 90' lang='lat' dir='ltr'>l.</span> <span class='ocrx_word' id='word_1_300' title='bbox 443 4089 566 4137; x_wconf 82' lang='lat' dir='ltr'>dixerimus</span> <span class='ocrx_word' id='word_1_301' title='bbox 586 4090 613 4137; x_wconf 84' lang='lat' dir='ltr'>G.</span> <span class='ocrx_word' id='word_1_302' title='bbox 686 4104 708 4149; x_wconf 75' lang='lat' dir='ltr'>g.</span> <span class='ocrx_word' id='word_1_303' title='bbox 732 4092 827 4139; x_wconf 62' lang='lat' dir='ltr'>umbus</span> <span class='ocrx_word' id='word_1_304' title='bbox 847 4090 874 4138; x_wconf 78' lang='lat' dir='ltr'>G.</span> <span class='ocrx_word' id='word_1_305' title='bbox 944 4090 968 4137; x_wconf 90' lang='lat' dir='ltr'>b.</span> <span class='ocrx_word' id='word_1_306' title='bbox 992 4106 1020 4138; x_wconf 86' lang='lat' dir='ltr'>ex</span> <span class='ocrx_word' id='word_1_307' title='bbox 1039 4090 1066 4137; x_wconf 87' lang='lat' dir='ltr'>G.</span> <span class='ocrx_word' id='word_1_308' title='bbox 1144 4091 1159 4137; x_wconf 81' lang='lat' dir='ltr'>&#39;u</span> <span class='ocrx_word' id='word_1_309' title='bbox 1183 4089 1267 4139; x_wconf 65' lang='lat' dir='ltr'>aad.</span> 
     </span>
    </p>

    <p class='ocr_par' dir='ltr' id='par_1_11' title="bbox 6 4170 1267 4299">
     <span class='ocr_line' id='line_1_34' title="bbox 6 4170 1267 4241; baseline 0.002 -24"><span class='ocrx_word' id='word_1_310' title='bbox 6 4196 7 4241; x_wconf 46' lang='lat' dir='ltr'>p</span> <span class='ocrx_word' id='word_1_311' title='bbox 90 4171 112 4217; x_wconf 84' lang='lat' dir='ltr'>k.</span> <span class='ocrx_word' id='word_1_312' title='bbox 136 4172 260 4232; x_wconf 72' lang='lat' dir='ltr'>suspendit</span> <span class='ocrx_word' id='word_1_313' title='bbox 273 4194 298 4203; x_wconf 91' lang='lat'>-</span> <span class='ocrx_word' id='word_1_314' title='bbox 312 4170 421 4230; x_wconf 81' lang='lat' dir='ltr'>spoliarit</span> <span class='ocrx_word' id='word_1_315' title='bbox 436 4172 459 4217; x_wconf 88' lang='lat' dir='ltr'>ct</span> <span class='ocrx_word' id='word_1_316' title='bbox 475 4170 571 4218; x_wconf 80' lang='lat' dir='ltr'>extrusit</span> <span class='ocrx_word' id='word_1_317' title='bbox 586 4170 613 4216; x_wconf 81' lang='lat' dir='ltr'>d.</span> <span class='ocrx_word' id='word_1_318' title='bbox 675 4170 690 4216; x_wconf 89' lang='lat' dir='ltr'>l.</span> <span class='ocrx_word' id='word_1_319' title='bbox 713 4184 755 4216; x_wconf 84' lang='lat' dir='ltr'>orn.</span> <span class='ocrx_word' id='word_1_320' title='bbox 769 4170 796 4217; x_wconf 77' lang='lat' dir='ltr'>d.</span> <span class='ocrx_word' id='word_1_321' title='bbox 858 4184 888 4217; x_wconf 87' lang='lat' dir='ltr'>nn.</span> <span class='ocrx_word' id='word_1_322' title='bbox 911 4170 997 4217; x_wconf 87' lang='lat' dir='ltr'>Debuit</span> <span class='ocrx_word' id='word_1_323' title='bbox 1012 4194 1035 4202; x_wconf 93' lang='lat'>-</span> <span class='ocrx_word' id='word_1_324' title='bbox 1050 4170 1079 4217; x_wconf 80' lang='lat' dir='ltr'>cd</span> <span class='ocrx_word' id='word_1_325' title='bbox 1095 4170 1267 4219; x_wconf 85' lang='lat' dir='ltr'>internicionem</span> 
     </span>
     <span class='ocr_line' id='line_1_35' title="bbox 6 4245 431 4299; baseline 0 -2"><span class='ocrx_word' id='word_1_326' title='bbox 6 4245 7 4265; x_wconf 65' lang='lat'>¹</span> <span class='ocrx_word' id='word_1_327' title='bbox 90 4250 113 4297; x_wconf 94' lang='lat' dir='ltr'>in</span> <span class='ocrx_word' id='word_1_328' title='bbox 127 4264 173 4299; x_wconf 86' lang='lat' dir='ltr'>nos</span> <span class='ocrx_word' id='word_1_329' title='bbox 189 4250 333 4299; x_wconf 71' lang='lat' dir='ltr'>demericaet</span> <span class='ocrx_word' id='word_1_330' title='bbox 348 4264 391 4299; x_wconf 81' lang='lat' dir='ltr'>em.</span> <span class='ocrx_word' id='word_1_331' title='bbox 404 4248 431 4297; x_wconf 78' lang='lat' dir='ltr'>G.</span> 
     </span>
    </p>
   </div>
   <div class='ocr_carea' id='block_1_6' title="bbox 6 4342 1267 4517">
    <p class='ocr_par' dir='ltr' id='par_1_12' title="bbox 6 4342 1267 4517">
     <span class='ocr_line' id='line_1_36' title="bbox 163 4342 1267 4425; baseline 0 -24"><span class='ocrx_word' id='word_1_332' title='bbox 163 4348 188 4401; x_wconf 91' lang='lat'>1.</span> <span class='ocrx_word' id='word_1_333' title='bbox 206 4344 291 4401; x_wconf 86' lang='lat' dir='ltr'>liebr.</span> <span class='ocrx_word' id='word_1_334' title='bbox 305 4347 330 4414; x_wconf 88' lang='lat'>1,</span> <span class='ocrx_word' id='word_1_335' title='bbox 349 4346 380 4399; x_wconf 83' lang='lat'>9:</span> <span class='ocrx_word' id='word_1_336' title='bbox 405 4344 505 4414; x_wconf 80' lang='lat' dir='ltr'>,unxit</span> <span class='ocrx_word' id='word_1_337' title='bbox 527 4348 556 4399; x_wconf 86' lang='lat' dir='ltr'>te</span> <span class='ocrx_word' id='word_1_338' title='bbox 573 4342 649 4399; x_wconf 90' lang='lat' dir='ltr'>Deus</span> <span class='ocrx_word' id='word_1_339' title='bbox 670 4374 701 4383; x_wconf 91' lang='lat'>-</span> <span class='ocrx_word' id='word_1_340' title='bbox 721 4344 782 4425; x_wconf 79' lang='lat' dir='ltr'>oleo</span> <span class='ocrx_word' id='word_1_341' title='bbox 804 4346 980 4402; x_wconf 80' lang='lat' dir='ltr'>exultationis</span> <span class='ocrx_word' id='word_1_342' title='bbox 1001 4360 1068 4415; x_wconf 86' lang='lat' dir='ltr'>prae</span> <span class='ocrx_word' id='word_1_343' title='bbox 1088 4344 1267 4415; x_wconf 80' lang='lat' dir='ltr'>participibus</span> 
     </span>
     <span class='ocr_line' id='line_1_37' title="bbox 6 4432 449 4517; baseline -0.005 -28"><span class='ocrx_word' id='word_1_344' title='bbox 6 4464 7 4517; x_wconf 58' lang='lat' dir='ltr'>j</span> <span class='ocrx_word' id='word_1_345' title='bbox 92 4432 174 4489; x_wconf 78' lang='lat' dir='ltr'>tuis“.</span> <span class='ocrx_word' id='word_1_346' title='bbox 265 4436 291 4489; x_wconf 76' lang='lat'>2.</span> <span class='ocrx_word' id='word_1_347' title='bbox 310 4433 449 4489; x_wconf 91' lang='lat' dir='ltr'>leremiro.</span> 
     </span>
    </p>
   </div>
   <div class='ocr_carea' id='block_1_7' title="bbox 0 0 1576 4850">
    <p class='ocr_par' dir='ltr' id='par_1_13' title="bbox 0 0 1576 4850">
     <span class='ocr_line' id='line_1_38' title="bbox 0 0 1576 4850; baseline 0 4"><span class='ocrx_word' id='word_1_348' title='bbox 0 0 1576 4850; x_wconf 95' lang='lat' dir='ltr'> </span> 
     </span>
    </p>
   </div>
  </div>
 </body>
</html>
