3142 4850
309 297 375 365 672
560 314 684 365 meurs
705 318 786 365 vrrs
809 316 966 366 omerus.
1000 316 1066 365 urs.
1082 316 1123 365 nr
1146 316 1186 367 14.
1201 314 1233 367 rs

220 490 290 547 liat
307 476 476 543 ieetieusm
491 476 648 561 quandam
671 476 883 563 precingeret
918 475 1046 543 Etcum
1064 477 1128 543 iam
1151 480 1274 562 portam
1299 472 1405 557 egredi
1426 492 1477 540 co·

308 596 453 675 emetur,
477 590 590 659 meilis
611 588 730 658 Christi
751 590 928 658 Barthrada
951 596 983 659 et
1001 586 1234 658 weudelmut⁸¹
1255 610 1327 659 cum
1350 588 1478 674 reliquis

309 728 368 794 per
382 707 563 774 vestimenti
580 706 722 774 fimbrias
736 726 809 775 eum
825 726 939 792 magne
963 726 1033 773 cum
1057 708 1176 792 gemitu
1197 704 1403 773 retrahebant
1422 724 1482 793 nee

307 821 482 890 ullomodo
504 827 629 909 portam
644 824 732 890 exire
745 823 901 891 sinebant.
937 822 1025 901 Quod
1044 842 1115 890 eum
1131 821 1369 909 expergefaetus
1384 820 1481 886 Adsi-

308 938 416 1005 berte⁰
437 939 603 1023 interpreti
626 938 797 1023 retulisset,
821 938 875 1006 ille
892 938 1092 1005 manifestam
1114 939 1279 1024 respondit
1301 956 1371 1003 esse
1385 936 1482 1001 risio-

309 1074 400 1134 uem3
422 1072 481 1121 nee
504 1054 589 1120 aliud
611 1074 811 1141 praesagere,
835 1054 895 1121 uisi
920 1054 1003 1139 qued
1026 1072 1141 1140 sponse
1159 1052 1287 1137 Christi,
1312 1051 1427 1137 quibus
1449 1052 1483 1117 in

309 1167 563 1253 Bubeubsrgensi
590 1167 659 1235 lece
686 1176 829 1255 preerat,
857 1170 994 1237 assiduis
1022 1169 1106 1257 apud
1128 1168 1230 1235 Deum
1258 1166 1407 1253 precibus
1430 1166 1483 1233 ob-

309 1284 490 1368 tinuissent,
513 1304 554 1351 ne
569 1284 738 1370 Ucraues⁶,
761 1285 816 1354 ubi
835 1291 921 1353 certa
941 1304 1027 1351 mers
1049 1286 1080 1352 ei
1102 1284 1286 1367 inminebat,
1310 1286 1484 1369 expeteret,

311 1398 366 1466 sed
401 1400 506 1486 petius
540 1400 685 1467 alumnas
716 1422 791 1467 suas
820 1402 887 1467 vita
918 1402 1033 1467 comite
1067 1419 1136 1466 cum
1172 1400 1286 1482 gaudio
1320 1398 1506 1493 reviserat·

311 1513 558 1590 Seruusautsm
580 1514 641 1581 Dei
663 1514 849 1583 Uednlrieus
872 1516 958 1583 nulle
983 1516 1074 1584 modo
1102 1516 1141 1582 eb
1164 1514 1197 1581 id
1221 1536 1240 1580 a
1261 1514 1345 1581 beno
1368 1532 1484 1601 prepe-

311 1630 373 1696 site
387 1631 530 1697 reuocari
544 1631 713 1697 consensit
749 1630 813 1699 Sed
828 1652 921 1699 mane
937 1634 1031 1715 iacto,
1055 1632 1109 1717 pie
1125 1630 1234 1697 Otteni
1256 1650 1371 1717 puram
1388 1648 1484 1712 meus

312 1746 556 1830 cenfessionem,
586 1747 719 1813 arduum
749 1747 841 1815 huius
873 1748 1097 1834 predicationis
1125 1748 1186 1813 iter
1209 1746 1241 1812 in
1264 1745 1485 1813 remissionem

312 1867 512 1949 peecatorum
536 1882 663 1929 suerum
680 1861 779 1930 alseri
793 1864 960 1931 devotione
974 1864 1121 1950 suscepit.
1156 1860 1292 1948 Moxque
1314 1861 1392 1929 navi
1415 1880 1485 1957 cunr

312 1977 482 2044 comitibus
503 1979 569 2043 suis
596 1984 628 2044 et
650 1979 824 2065 interprete
846 1977 982 2064 quodam
1004 1978 1206 2061 Polemonos,
1234 1977 1385 2060 religiose
1409 1976 1485 2059 vire,

312 2093 490 2179 impositus,
519 2094 640 2160 eunetis
662 2094 692 2161 ei
715 2114 867 2181 prospera
888 2094 1147 2203 imprecantibus,
1173 2092 1233 2159 Dei
1255 2093 1316 2159 riri
1340 2092 1486 2159 benedic·

313 2208 400 2274 tiene
413 2209 565 2292 munitus,
588 2210 748 2292 navigium
764 2215 813 2276 est
829 2230 1004 2294 aggressus.
1095 2210 1174 2275 Tum
1191 2228 1265 2275 vcro
1288 2228 1408 2291 magna
1429 2207 1487 2275 eali

313 2323 467 2390 serenitas
490 2329 522 2390 et
542 2324 641 2391 maris
663 2326 877 2411 tanquillitas
893 2326 1060 2393 arridebat
1097 2322 1158 2391 Sed
1181 2324 1236 2391 ubi
1258 2323 1386 2408 lougius
1403 2324 1486 2389 alit·

313 2446 383 2506 tere
411 2445 461 2507 est
486 2444 641 2524 remotus,
671 2442 775 2509 subite
803 2441 949 2510 ductibus
973 2447 1066 2508 rente
1089 2441 1283 2508 validissimo
1310 2440 1486 2523 concitatis,

314 2561 488 2642 tempestas
507 2575 571 2622 nen
591 2557 715 2623 medica
735 2558 884 2641 ingruere
901 2558 1001 2644 eepit3
1026 2567 1101 2642 que⁸
1125 2557 1192 2624 sine
1214 2575 1304 2622 mers
1327 2561 1485 2643 arreptam

313 2691 427 2738 narem
449 2671 561 2754 littori,
585 2672 668 2757 qued
691 2673 872 2759 reliqueret,
896 2673 1020 2760 appulit
1035 2691 1221 2757 servumque
1237 2671 1356 2738 Christi
1372 2669 1487 2738 Cedal-

314 2787 415 2854 rieum
438 2786 506 2853 lece
528 2807 586 2853 sue
604 2788 753 2855 restituit
822 2789 889 2867 Qus
911 2789 1060 2855 nimirum
1077 2794 1259 2875 tempestas,
1283 2793 1407 2874 septem
1422 2788 1487 2853 dis-

316 2901 375 2970 bus
396 2904 553 2969 continuis
576 2904 657 2970 mari
679 2903 847 2989 inminens,
871 2925 996 2972 emnem
1019 2903 1222 2991 profectionis
1242 2903 1336 2970 buius
1351 2903 1487 2970 cassavit

315 3017 532 3085 intentionem.

408 3133 459 3200 lb.
494 3134 667 3220 Apostolus
688 3139 795 3202 autern
819 3134 1081 3218 Pemersnerurh,
1105 3134 1300 3202 veluntatem
1323 3134 1385 3201 Dei
1415 3155 1487 3220 pru·

317 3248 428 3316 denter
449 3249 484 3314 in
506 3250 565 3316 hee
577 3249 781 3316 considerans
805 3269 863 3318 uec
878 3249 1033 3318 Ueranes‘
1053 3251 1148 3319 rerbe
1172 3250 1283 3317 salutis
1306 3249 1419 3332 dignes
1443 3251 1488 3314 iu-

317 3364 437 3449 dicans,
461 3366 501 3431 ad
519 3365 724 3449 Stetinenses,
747 3366 802 3449 qui
825 3386 844 3431 a
865 3363 937 3450 fide,
960 3371 996 3432 ut
1018 3363 1132 3452 supra²
1155 3365 1304 3449 diximus,
1329 3369 1488 3452 apostata-

318 3486 440 3563 reraut,
463 3481 524 3548 iter
538 3501 630 3548 snum
646 3480 778 3562 direxit3
802 3481 877 3548 lieet
891 3481 983 3548 multi
997 3481 1105 3548 fideles
1120 3481 1238 3548 Christi
1263 3486 1294 3547 et
1315 3479 1488 3546 familiares

318 3596 369 3661 sui
384 3616 457 3662 eum
472 3596 531 3662 ab‘
544 3596 604 3663 hee
626 3597 788 3683 preposite
812 3603 1005 3664 revocarent.
1040 3597 1121 3664 Nam
1144 3595 1309 3682 pontifices
1324 3595 1489 3681 ydolorum

318 3709 442 3798 plebem
465 3718 642 3799 apostatam
667 3713 701 3778 in
721 3731 830 3778 necem
851 3714 919 3780 eins
941 3713 1133 3779 unanimiter
1148 3713 1392 3778 cendtareraut
1428 3711 1490 3778 Sed

317 3827 404 3913 ipse,
432 3826 570 3892 martirii
592 3826 706 3894 ardere
726 3825 865 3910 flagrans
887 3827 1071 3914 nullumque
1094 3847 1223 3894 suerum
1250 3827 1310 3894 hee
1333 3847 1413 3914 opus
1436 3847 1489 3910 ag-

318 3942 408 4026 gredi
429 3961 613 4028 presumere
634 3961 782 4027 eernens,
806 3944 942 4028 quodam
965 3944 1032 4028 die,
1060 3948 1180 4010 secreto
1203 3942 1342 4009 collectis
1365 3941 1491 4030 pontifi-

319 4057 440 4124 calibus
463 4057 587 4124 exuviis
608 4057 751 4143 celioque
776 4058 939 4146 inpositis,
969 4059 1055 4126 selus
1082 4059 1155 4125 illeh
1180 4058 1309 4125 tendere
1336 4059 1421 4144 cepit
1449 4067 1489 4141 et

390 4195 410 4228 a
433 4182 563 4241 pertingere
575 4180 599 4229 C.
673 4181 696 4228 b.
711 4181 909 4230 wsonslnmuto.
979 4196 999 4229 e.
1020 4181 1139 4230 adalberti
1152 4181 1176 4229 C.
1249 4182 1272 4228 d.
1295 4182 1330 4228 sie
1345 4182 1434 4242 scripsi
1444 4196 1491 4244 pn

319 4273 416 4308 nmsuos
430 4258 461 4317 0,·
474 4275 496 4307 s.
507 4274 582 4320 aspro
593 4277 618 4323 p.
628 4261 675 4336 631
686 4274 738 4308 raa
817 4277 836 4309 s.
859 4275 904 4323 qus
916 4259 941 4309 C.
1019 4261 1035 4309 l.
1056 4273 1153 4309 nmanea
1167 4259 1197 4318 C,·
1212 4259 1244 4323 es.
1255 4275 1330 4322 aspre
1341 4275 1366 4322 p.
1376 4263 1423 4308 eu
1439 4275 1489 4308 sss.

320 4353 343 4398 g.
367 4341 397 4386 sd
415 4339 439 4387 C.
547 4340 571 4387 h.
595 4341 625 4387 sd
639 4341 741 4389 limares
756 4341 786 4388 Ε.

392 4417 418 4472 1.
435 4417 471 4473 V.
489 4431 574 4486 snpra
590 4434 618 4486 p.
630 4416 692 4473 623.
800 4419 826 4473 2.
848 4434 875 4488 p.
889 4419 941 4474 651
959 4419 1002 4487 (L.
1014 4419 1055 4474 ill
1073 4433 1097 4474 e.
1108 4420 1145 4486 1).
