3142 4850
455 353 620 404 nascerer
642 355 769 404 eonsx.
808 353 861 406 ree
1179 341 1244 406 341

86 511 232 578 dedictac
261 511 373 578 saltem
401 517 505 578 metus
533 513 698 580 inhiberet
790 513 854 582 Sed
879 513 963 581 hune
989 515 1126 600 elipeum
1154 516 1246 584 ferti·
1263 531 1415 590 leet-lete

85 626 192 694 tudinis
208 647 227 692 a
242 626 311 694 Dee
334 629 540 695 coustitutum
554 629 740 714 negligendo
764 633 797 696 et
813 628 1047 698 dehonestando
1062 629 1137 696 dum
1153 637 1245 700 extra
1353 659 1370 697 ι

85 742 202 810 medum
226 747 392 825 arguentes
416 748 616 828 exasperant,
640 764 735 812 unum
757 743 934 830 periculum
948 749 983 812 et
996 745 1168 830 dampnum
1188 767 1245 830 ag·

82 863 222 940 gnratur
244 859 393 924 emnium.
428 857 472 926 Et
494 859 569 942 quid
592 859 727 926 mirum?
765 859 859 944 Nam,
881 860 965 928 ende
986 860 1123 928 tructam
1145 862 1246 930 bonae

82 972 271 1040 discretionis
302 979 334 1040 et
361 972 472 1040 salutis
500 973 632 1042 eeclesia
660 974 764 1058 legere
791 975 906 1043 merite
933 974 1057 1059 debuit,
1084 976 1131 1042 nil
1158 976 1245 1044 aliud

81 1107 166 1171 quam
197 1107 290 1154 sucus
318 1087 551 1156 indiscretionis
580 1095 612 1156 et
640 1089 831 1175 perdicionis
859 1089 974 1171 eiduit;
1009 1096 1042 1157 et
1069 1090 1153 1158 unde
1182 1091 1245 1160 sibi

81 1201 188 1270 benum
211 1205 299 1289 pacis
322 1203 491 1290 procedere
506 1204 666 1290 sperabat,
689 1223 753 1272 nen
768 1203 854 1272 aliud
870 1225 965 1290 quam
979 1205 1051 1272 iens
1067 1205 1244 1274 discerdiae

79 1315 229 1386 emanat“.

160 1432 320 1517 „Constat
348 1453 423 1516 erge
453 1453 493 1500 ex
528 1434 806 1520 praecedentibus,
837 1433 921 1519 qued
949 1435 1056 1520 inique
1083 1441 1117 1503 ct
1143 1436 1243 1522 impie

78 1547 320 1617 Hildebrandus·
343 1549 424 1632 egit,
454 1567 542 1632 eum,
565 1551 631 1616 irae
654 1556 687 1618 et
709 1549 951 1618 inimiciciarum
972 1550 1094 1636 impetu
1117 1550 1241 1635 dectus,

76 1663 246 1732 Romanurn
275 1665 450 1751 principem
480 1665 576 1733 verbe
605 1666 742 1734 iniustas
773 1666 1123 1750 excommunicationis,
1153 1667 1243 1734 nulle

76 1781 225 1848 maiorum
249 1781 455 1867 praecedente
478 1781 633 1866 exemplo,
658 1801 848 1867 exasperare
869 1780 1121 1866 praesumpsit“.

159 1895 246 1979 „Sed
271 1895 356 1962 idem
377 1894 611 1963 Hildebrandus
638 1897 671 1964 in
699 1897 835 1982 quadam
857 1915 916 1962 aaa
937 1893 1099 1980 epistela¹‚
1126 1898 1244 1981 quiea

74 2009 218 2077 Romanis
247 2009 446 2098 pontificibus
476 2011 654 2097 exemplum
685 2011 864 2078 huiusmodi
892 2030 1017 2078 sumere
1044 2029 1110 2078 neu
1132 2011 1242 2096 valuit,

74 2125 274 2192 Ambrosium
296 2125 563 2194 Mediolanensem
586 2128 769 2213 episcopum
785 2125 995 2192 Theodosium
1017 2126 1243 2212 imperatorem

75 2241 359 2308 excommunicasse
379 2242 570 2324 introduxit3
599 2248 635 2308 ut
657 2261 697 2309 ex
720 2241 794 2324 hee,
823 2240 907 2325 qued
928 2240 1116 2308 Ambrosius
1138 2242 1243 2308 cuiue·

74 2355 141 2425 dem
164 2357 350 2444 metropolis
374 2359 541 2446 episcopus
562 2359 691 2441 fecerat,
718 2356 779 2422 sibi
802 2355 915 2422 maiori
937 2361 970 2422 et
991 2354 1078 2425 uelut
1098 2355 1241 2425 Bemaue

74 2472 210 2557 pontifici
234 2472 355 2539 licitum
380 2494 449 2541 asse
477 2474 635 2560 preberet.
679 2472 741 2539 Sed
770 2473 845 2557 quia
873 2470 1052 2557 exemplum
1081 2473 1242 2540 mendatio

74 2589 208 2675 eorrupit
232 2594 264 2655 et
286 2588 542 2655 inconvenienter
564 2589 599 2654 in
621 2608 710 2655 suam
735 2587 1040 2671 argumentationem
1058 2589 1242 2674 assumpsit,

74 2702 154 2769 nulla
175 2724 217 2771 ex
234 2704 293 2771 hee
307 2704 467 2771 euidentia
491 2703 722 2789 probabilitatis
744 2702 943 2789 propesitum
958 2722 1035 2769 suae
1055 2702 1241 2771 intentionis

72 2816 214 2886 firmavit
318 2818 512 2887 Theodosius
546 2818 646 2901 enim,
680 2818 786 2885 furere
820 2817 1046 2901 indignationis
1079 2836 1241 2902 mensus,

73 2940 187 3020 septem
211 2934 302 3001 milia
324 2934 498 3017 hominum,
527 2934 613 3001 nulle
637 2934 845 3019 praecedente
865 2933 993 3016 iudicio,
1020 2932 1242 3001 Thessalonice

74 3048 159 3116 iussit
180 3050 293 3117 occidi
329 3048 420 3117 lianc
443 3054 548 3116 autem
571 3048 694 3117 cladem
716 3048 885 3132 gemitibus
908 3047 1033 3134 plenam
1051 3046 1241 3115 Ambrosias

73 3164 214 3249 audiens,
247 3184 317 3231 eum
346 3166 494 3251 prinecps
517 3163 730 3231 Mediolanum
754 3164 892 3231 uenisset
914 3169 947 3229 et
969 3162 1185 3249 sollempniter
1206 3163 1242 3231 in

73 3298 190 3347 eaerum
215 3279 371 3365 templum
393 3280 513 3347 intrare
536 3278 702 3363 uoluisset,
728 3298 768 3345 ne
791 3279 927 3346 secunde
950 3282 1078 3364 peccate
1101 3278 1241 3364 priorem

73 3396 247 3479 nequiciam
270 3400 416 3479 augeret,
445 3412 611 3461 occurrens
635 3395 664 3459 ei
686 3394 764 3461 ieris
788 3393 829 3461 ad
850 3395 963 3461 ianuas
985 3392 1070 3460 dulci
1092 3397 1126 3459 et
1151 3395 1241 3461 suavi

74 3511 306 3595 ammonitione,
328 3512 384 3597 pia
407 3515 438 3577 st
460 3509 579 3577 salubri
602 3510 807 3595 persuasione
829 3528 849 3575 a
871 3509 954 3575 sacri
975 3508 1094 3575 liminis
1115 3509 1241 3577 incessu

75 3644 139 3690 cum
161 3626 339 3712 prohibuit;
363 3624 483 3692 nehem
507 3630 694 3711 potestatem
719 3622 839 3707 ligandi
861 3624 923 3690 sibi
946 3628 1131 3707 arroganter
1149 3625 1240 3691 attri-

73 3738 176 3825 buens,
206 3742 265 3809 sed
287 3740 449 3808 humiliter
472 3740 595 3811 diesne:
627 3741 761 3828 Seeca'pe
783 3744 956 3827 imperator
976 3741 1149 3821 emendam
1177 3762 1239 3827 pue

75 3868 100 3921 tc
119 3860 265 3923 minae
295 3862 434 3923 emerium
461 3858 587 3943 lebavitr
618 3871 663 3923 eet
690 3860 774 3922 enim
794 3858 953 3921 medicina
977 3858 1122 3921 maceres
1150 3857 1239 3921 saei·

75 3970 167 4037 aerb’.
261 3972 520 4040 lncenuenienter
542 3992 618 4055 erge
640 3976 673 4038 et
685 3970 842 4037 fallaciter
859 3968 1090 4037 Hildebrandus
1106 3970 1146 4035 ab
1161 3969 1240 4035 Am·

75 4084 172 4155 bresie
186 4087 370 4175 exemplum
385 4087 491 4155 duxit:
511 4092 546 4153 ut
557 4086 733 4155 Romanum
747 4086 924 4173 principem
938 4084 1239 4165 excommunicarem

140 4270 161 4302 a.
183 4254 355 4317 Hildepraudus
370 4254 394 4303 V.

140 4362 165 4415 L
182 4360 288 4431 scripta
298 4360 344 4416 die
357 4360 391 4415 15
402 4358 574 4430 hisrt10813
592 4355 1086 4428 comarumcomarum
1151 4356 1178 4412 i.
1196 4355 1240 4411 En

77 4442 133 4503 bist.
145 4449 207 4520 trip.
221 4450 255 4505 L.
268 4448 307 4505 IX
325 4464 349 4505 e.
362 4449 406 4520 30,
425 4447 582 4505 cassiodori
598 4462 662 4518 epp.
674 4447 707 4502 T.
720 4446 734 4501 1
750 4446 814 4502 343.
