3142 4850
384 358 564 405 nnanonnr
586 358 769 408 nrmoone.
804 360 899 407 mni
924 356 955 409 ιτ
1193 342 1258 407 715

93 519 215 605 eopiosa
237 516 420 603 prediorum
444 517 614 585 donatione
640 519 680 585 ab
706 520 777 605 ipro
799 520 956 606 primum,
987 518 1100 585 deinde
1124 518 1163 585 ab
1188 518 1258 585 aliis

93 633 232 699 tidelibuo
247 633 357 699 ditata.
450 632 594 699 Secunda
609 640 658 700 aet
672 636 705 701 in
720 634 790 701 loeo
804 633 1068 718 Babenberganei,
1083 634 1117 699 in
1133 633 1258 701 domate

93 749 191 815 tancti
212 746 397 815 Michahelie
426 748 505 830 nita,
534 748 592 814 snb
620 749 796 834 patrocinio
825 755 933 817 sanata
954 748 1042 816 Fidis
1066 749 1197 831 virginis
1227 753 1259 815 et

93 864 238 931 martiris.
284 862 392 929 Primo
420 863 502 929 hano
530 864 822 929 sanctimonialium·
839 884 907 931 esse
931 865 1044 945 volnit3
1074 864 1129 930 sed
1153 864 1258 931 altiori

94 980 220 1046 oonsilio
249 985 370 1063 septem
399 978 561 1044 monachis
584 999 654 1044 earn
677 979 815 1045 institnit
839 986 871 1047 et
898 1000 968 1046 cum
993 980 1138 1047 omnibus
1161 980 1258 1067 parti-

92 1096 204 1162 naatiio
227 1096 294 1161 ania
316 1098 426 1160 eanoto
448 1092 616 1159 Miehaheli
638 1094 845 1176 consignavit
936 1095 1044 1162 Tertia
1070 1101 1118 1161 ent
1140 1092 1258 1161 Rotha¹

92 1210 147 1277 rub
169 1209 346 1297 patrocinio
369 1210 470 1275 naneti
486 1207 611 1291 Georgii
627 1210 769 1275 martiris
791 1211 824 1275 in
848 1212 1007 1295 episcopio
1023 1210 1258 1296 Harbipolenni3

93 1332 203 1409 quarta
225 1331 275 1391 eat
297 1325 439 1391 Vtzzara
466 1324 500 1389 in
529 1324 638 1389 eodem
662 1326 839 1411 epiaoopio,
869 1328 900 1391 in
929 1326 1046 1391 honore
1069 1331 1177 1392 sanate
1198 1325 1259 1392 Dei
1363 1418 1364 1421 Ἴ

93 1441 250 1522 genitrioia
272 1439 384 1523 Maria,
407 1439 447 1504 de
469 1438 580 1505 ordine
602 1439 873 1525 Norpertinorum.
916 1440 977 1507 Sed
1000 1440 1129 1507 alteriue
1152 1441 1259 1506 fecun-

93 1554 172 1621 ditas
201 1554 293 1621 alteri
315 1554 390 1621 feeit
417 1554 628 1621 sterilitatem.
668 1554 770 1622 Rotha
792 1556 895 1639 enim,
923 1557 957 1621 in
987 1576 1044 1621 sna
1072 1576 1259 1641 permanant

91 1670 257 1754 tenuitate,
288 1668 464 1756 proficienti
489 1669 625 1736 Vezzere
654 1677 816 1756 tamquam
846 1671 968 1737 meliori
997 1671 1036 1736 ad
1060 1671 1259 1737 serviendum

91 1784 216 1851 subdita
238 1791 295 1851 ost.
337 1785 405 1851 Hoo
426 1791 533 1851 temen
555 1786 734 1868 otiandum,
762 1788 845 1871 qnod
868 1786 1034 1873 episeopus
1056 1786 1190 1853 Rothnrn
1220 1786 1260 1854 ab

91 1900 235 1983 Agnetha
256 1900 399 1986 palatina
421 1907 454 1968 et
476 1882 544 1967 eins
566 1921 674 1968 aororo
690 1902 866 1968 Adalheida
889 1922 960 1968 onm
984 1904 1148 1986 sexaginta
1171 1922 1259 1969 man·

91 2016 133 2080 rin
156 2015 286 2082 eoo-lenio
302 2016 555 2099 Babenbergenei
572 2018 720 2083 donatam
736 2020 900 2105 ennoepit3·
914 2019 1168 2085 eironmiaoontia
1186 2038 1259 2084 vero

91 2130 189 2199 eidem
215 2131 293 2197 aella
321 2133 404 2199 bono
425 2133 504 2199 emit
525 2132 668 2198 ducentis
691 2134 857 2217 sexaginta
879 2134 1016 2219 quinquo
1039 2135 1165 2217 mareis,
1189 2153 1267 2200 oum·

90 2247 350 2314 ministerialibus
372 2246 547 2325 seilicetat
570 2249 665 2331 agris,
689 2247 778 2314 silvie
801 2255 834 2315 et
856 2251 965 2335 pratis,
989 2252 1115 2337 panonia
1138 2269 1176 2317 ao
1193 2270 1261 2315 mo·

90 2362 243 2448 lendium,
271 2369 304 2430 et
326 2384 397 2430 curn
421 2364 509 2430 omni
536 2363 674 2430 utilitate
697 2383 733 2431 aa
755 2366 839 2449 iure,
870 2385 931 2451 quo
955 2366 1065 2434 Chuno
1089 2366 1153 2432 dux
1175 2366 1261 2433 idom

90 2479 235 2564 predium
257 2480 399 2546 noscitur
421 2479 578 2545 habnieeo.
614 2479 784 2546 Vezzeram
808 2487 913 2548 antam
937 2481 1134 2549 Gothboldns
1157 2502 1261 2548 eomer

90 2595 236 2662 edificare
257 2595 475 2674 inchoaveram
508 2615 602 2678 qnam
631 2595 797 2682 episeopus
820 2596 859 2663 ab
883 2617 920 2662 eo
948 2598 1009 2662 eibi
1033 2597 1140 2663 datam
1163 2599 1262 2664 eunoi-

89 2711 198 2796 piena,
230 2712 295 2777 onie
318 2731 389 2778 anm
418 2711 577 2796 promovit
605 2711 755 2795 inpensis.
854 2711 970 2790 Quinta
993 2713 1022 2778 ei
1044 2712 1124 2779 aella
1144 2713 1206 2779 tuit
1228 2714 1261 2778 in

90 2828 251 2914 epiaoopio
266 2826 487 2912 Herbipoienai
503 2823 790 2893 Nithardeehuaon'
807 2827 841 2892 in
858 2847 938 2913 pago
955 2816 1110 2894 Tullefolt
1202 2829 1262 2894 At·

90 2962 150 3027 que
172 2946 211 3027 si,
235 2943 319 3028 quod
336 2961 445 3008 vorum
468 2947 526 3025 oet,
548 2942 642 3008 fateri
664 2941 769 3025 lineat,
793 2946 914 3009 textam
937 2943 985 3008 illi
1005 2939 1262 3010 Tuokelnhuaen⁸

89 3057 122 3124 in
145 3059 276 3125 eodem·
300 3059 461 3145 episcopio
491 3077 701 3124 annumerare
723 3058 882 3124 debemus.
924 3058 1024 3125 Huius
1054 3060 1137 3126 onim
1161 3065 1262 3125 struo-

88 3178 190 3257 tores,
220 3174 297 3240 dum
321 3175 389 3240 eius
412 3174 603 3260 promotioni
627 3174 731 3238 minus
760 3173 955 3257 sufficerent,
985 3175 1119 3242 seientes
1142 3176 1263 3261 episeo-

89 3309 164 3375 pum
193 3289 307 3356 talium
338 3309 444 3354 rorum
471 3289 755 3373 studiosissimum,
783 3295 821 3356 ut
847 3291 913 3356 eine
942 3291 1149 3377 opitulatione
1175 3290 1263 3358 loeus

89 3409 340 3489 promoveretur,
371 3405 473 3489 ipsine
507 3405 590 3471 huno
618 3404 710 3471 titulo
738 3405 953 3492 neoripaerunt
982 3412 1092 3492 atque,
1127 3412 1163 3473 ut
1191 3427 1263 3472 enm

87 3519 345 3604 Babanborgensi
368 3520 498 3588 eeoleeie
521 3521 607 3586 omni
629 3521 699 3586 iure
720 3519 894 3604 firmarent,
918 3540 1022 3588 eornm
1039 3523 1159 3589 idoneis
1174 3523 1263 3589 testi-

88 3635 146 3702 bue
174 3637 402 3722 promiserunt
442 3635 511 3704 Hao
537 3638 634 3721 igitur
656 3635 836 3703 eonditione
866 3637 967 3704 multa
989 3638 1089 3704 eidem
1113 3638 1181 3704 loeo
1203 3639 1264 3704 im-

88 3753 209 3837 pendit
300 3751 367 3817 Hao
390 3752 430 3818 de
452 3751 540 3818 collis
563 3758 595 3818 et
617 3752 817 3818 monasteriis
840 3753 908 3818 eius
923 3753 1008 3820 diota
1023 3753 1079 3820 tibi
1096 3752 1262 3820 suffitiant.

179 3868 272 3933 Turn
295 3887 380 3950 ego:
404 3867 560 3935 Distineta
583 3868 741 3952 inquam
765 3873 860 3952 atqua
884 3869 1040 3936 sncoinoto
1063 3871 1141 3936 satia
1164 3889 1200 3935 an
1216 3868 1264 3933 di·

89 3983 226 4064 garristi.
267 3983 311 4049 Et
338 4003 397 4066 ego
426 3983 453 4049 si
482 3983 562 4050 beno
584 3983 763 4066 numeravi,
794 3983 905 4066 viginti
933 4004 1029 4050 unum
1054 3984 1203 4051 oellarum
1233 3989 1264 4050 et

161 4193 182 4224 a.
208 4178 274 4224 edem
292 4177 323 4234 N,
340 4179 420 4225 eodem
438 4177 485 4225 CB.

163 4283 187 4336 1.
207 4280 361 4336 tidnohrot.
442 4285 467 4338 2.
486 4282 745 4338 Neidhardehaueen
761 4295 848 4352 prope
860 4283 960 4336 Kalten
973 4281 1129 4362 Nordheim‚
1148 4281 1265 4336 aFuldn

89 4369 161 4425 inter
179 4371 384 4441 septentriones
402 4376 431 4425 at
448 4371 590 4426 orientem.
697 4371 723 4426 3.
742 4369 966 4440 Tdokeihaunen,
989 4370 1025 4426 nb
1042 4368 1206 4426 Ooheanfurt
1229 4369 1264 4424 od

92 4459 275 4515 decidentem.
