3142 4850
324 284 389 348 634
579 299 702 350 nsosrs
725 302 806 355 vrrs
829 300 986 351 ornosrs.
1021 303 1087 350 ers.
1102 304 1130 350 u
1154 301 1194 351 ιι.
1208 299 1241 350 rs

235 460 432 548 1124pu1um
456 461 667 544 congregavit.
708 460 917 547 Computatus
945 465 995 528 est
1017 465 1121 528 autem
1143 481 1294 530 numerus
1315 461 1487 550 baptisate·

322 596 393 641 rum
416 575 470 642 illo
494 581 635 660 tempore
659 575 771 658 viginti
793 575 856 642 duo
878 575 969 642 milia
991 581 1023 642 et
1044 583 1170 642 eentum
1185 577 1415 662 quinquaginta
1435 599 1487 645 sex

322 691 481 771 homiues,
511 710 589 775 quos
612 695 702 776 pater
725 697 869 774 sendus,
897 711 955 776 pro
978 692 1157 774 ignorantia
1177 693 1328 759 creatoris
1352 699 1385 758 et
1406 693 1488 760 oultu

323 807 369 872 rei
402 805 595 872 insensibilis
629 809 829 890 temperatos
858 806 1008 872 iumentis
1044 806 1267 891 insipientibus
1294 812 1327 874 et
1355 807 1488 876 similes‘

322 920 422 986 foetos
450 920 515 986 illis
526 916 542 1004 ¹,
574 921 613 986 ad
639 924 759 986 neotum
789 921 950 987 tramitem
979 921 1129 1006 perduxit
1156 927 1190 987 et
1216 922 1405 990 rationabile
1426 922 1489 990 Deo

322 1035 394 1102 rivo
418 1035 602 1120 obsequium
625 1030 791 1102 exbibere²
813 1035 947 1102 edocuit
986 1035 1116 1122 Absque
1137 1037 1254 1102 notieia
1274 1038 1392 1132 etenim
1408 1057 1489 1105 eres·

322 1150 401 1216 toris
424 1151 474 1216 sui
496 1151 599 1218 omnis
622 1150 715 1218 homo
738 1170 835 1238 peens
857 1155 914 1217 est
1343 1139 1349 1147 ’

414 1267 464 1330 12.
499 1266 603 1351 Opere
636 1267 776 1350 predium
812 1272 861 1332 est
889 1271 1012 1348 subm,
1046 1266 1119 1351 ipsa
1145 1266 1241 1332 etism
1269 1266 1489 1351 predicationis

322 1381 391 1447 eius
412 1380 575 1467 temporab
598 1380 649 1447 bie
665 1381 703 1447 ob
727 1380 876 1448 notioiam
900 1387 1097 1466 posterorum
1121 1385 1282 1465 annomre,
1304 1402 1346 1448 ne
1361 1382 1415 1448 rel
1435 1383 1490 1449 boe

323 1496 448 1563 eurioso
463 1495 545 1563 desit
566 1496 685 1562 tentori.
720 1496 792 1562 Non
807 1497 891 1562 enim
916 1497 1006 1582 parri
1029 1495 1213 1582 pendendus
1229 1503 1279 1562 est
1300 1496 1375 1563 talis
1390 1497 1490 1564 femor

324 1612 440 1678 amoris
463 1610 581 1677 Christi
604 1616 636 1677 et
659 1631 739 1696 pene
761 1612 905 1678 inaudita
926 1612 975 1678 his
998 1611 1193 1697 temporibus
1215 1612 1332 1678 mentis
1349 1613 1419 1678 eius
1440 1612 1489 1678 de

323 1727 424 1807 votio;
453 1745 524 1792 eum
548 1726 602 1792 alii
630 1725 794 1812 pontifiees
823 1729 925 1810 magis
946 1728 1076 1795 urbibus
1106 1733 1139 1794 et
1164 1727 1303 1794 castellis
1326 1747 1423 1813 quem
1445 1747 1490 1795 ee-

323 1841 427 1910 clesiis
450 1840 500 1909 vel
522 1861 697 1928 pauperum
714 1841 832 1908 Christi
847 1843 1014 1910 domiciliis
1028 1841 1211 1910 sditieandis
1225 1842 1387 1926 insistant,
1409 1843 1489 1930 pius-

324 1967 401 2042 que‘
424 1959 513 2041 segni
540 1959 608 2024 osio
637 1963 762 2042 torpere
786 1977 879 2042 quum
909 1964 1047 2025 remotos
1070 1958 1274 2025 barbarorum
1296 1957 1378 2026 fines
1399 1979 1488 2026 enas

323 2073 480 2157 gelizandi
502 2073 610 2157 grauia
633 2073 720 2138 adire
743 2079 899 2157 satagent
939 2074 1023 2142 Huio
1049 2077 1154 2140 summ
1182 2093 1272 2141 servo
1295 2074 1357 2140 Dei
1380 2075 1489 2142 beatis

324 2188 406 2254 simo
429 2187 522 2271 longe
544 2189 607 2256 elia
629 2208 719 2256 mens
734 2195 812 2256 erat
847 2189 1016 2272 Nunquam
1037 2188 1093 2256 ille
1106 2190 1338 2256 municionibus
1355 2191 1405 2257 rei
1419 2191 1489 2257 oiri

324 2301 442 2370 tatibus
465 2305 647 2370 extruendis
671 2325 801 2390 operam
822 2304 920 2387 dedit
943 2305 1051 2372 dicens
1066 2325 1137 2371 eum
1161 2304 1320 2390 apostolo:
1343 2307 1423 2372 Non
1438 2307 1489 2371 tu·

324 2420 429 2485 demae
451 2421 502 2485 bie
523 2434 696 2487 sequentem
713 2427 879 2502 antaeo,
902 2424 958 2486 sed
969 2421 1122 2507 feturam
1143 2415 1362 2507 inquirimus³.
1397 2420 1490 2487 Pone

325 2534 469 2601 basilicas
493 2533 617 2601 Christe
641 2535 792 2603 dicandas
819 2535 1022 2620 fideliumque
1043 2534 1139 2601 sellas
1161 2541 1194 2601 et
1215 2536 1386 2622 hospitalia
1407 2542 1492 2604 tanta

325 2650 490 2717 devotione
513 2656 544 2717 et
565 2650 755 2717 liberalitate
778 2652 942 2717 annuatim
962 2650 1139 2735 adflebat,
1160 2657 1198 2717 ut
1211 2652 1333 2718 emetis
1356 2672 1414 2739 pro
1437 2653 1492 2718 hoe

278 2776 280 2781 '
324 2766 447 2851 stupori
463 2771 546 2831 esset
560 2771 594 2831 et
608 2767 830 2833 ammirationi
897 2767 942 2833 Et
955 2786 1027 2835 enm
1042 2766 1142 2833 nimia
1155 2766 1214 2833 hee
1229 2767 1328 2832 divini
1343 2767 1492 2835 enltusiu

325 2880 504 2947 Teutouieis
534 2882 676 2967 partibus
700 2882 864 2967 oeeupatio
890 2882 983 2949 facile
1005 2903 1078 2949 eum
1100 2882 1140 2949 ab
1169 2882 1269 2947 ardua
1289 2881 1385 2948 buius
1406 2902 1492 2968 pere-

324 2996 511 3080 grinationis
534 2997 665 3079 angaria
687 2997 898 3064 exeussbiiem
920 2996 1054 3063 reddere
1075 2996 1204 3080 raderet,
1230 3018 1295 3063 neu
1317 3002 1427 3063 nmen
1448 2998 1493 3063 bis

324 3116 505 3195 contentus,
533 3111 732 3178 latitudinem
761 3118 870 3178 sanate
892 3113 1050 3195 earitatis,
1080 3132 1141 3197 que
1168 3113 1203 3177 in
1230 3112 1417 3179 cordesius
1438 3112 1495 3181 dii·

324 3228 396 3293 fusa
426 3247 483 3313 per
507 3227 661 3313 Spiritum
690 3233 832 3293 sanetum
860 3226 1032 3311 flagrabat,
1062 3228 1159 3295 etism
1188 3228 1230 3294 sd
1251 3228 1494 3295 remotissimam

325 3341 572 3409 Pomerenorum
595 3348 720 3425 gentem
743 3343 913 3409 extendere
940 3344 1078 3423 eurarit3
1105 3348 1143 3407 ut
1168 3341 1235 3408 iidie
1259 3342 1415 3429 populum
1444 3344 1495 3410 ad-

326 3458 505 3543 quisitionis
530 3463 562 3524 et
584 3457 665 3523 filios
688 3455 749 3523 Dei
771 3478 830 3543 per
852 3458 1049 3541 euangelium
1073 3463 1254 3541 generaret,
1283 3458 1399 3542 quibus
1428 3479 1495 3525 eum

194 3566 195 3569 ’
325 3572 423 3639 Paulo
451 3571 700 3656 gratulabundus
728 3572 833 3640 disere
866 3580 989 3660 posset:
1025 3576 1094 3656 Qae
1126 3588 1171 3640 eat
1200 3586 1312 3640 metra
1338 3598 1413 3663 spes
1445 3589 1497 3643 aas

325 3692 479 3775 paediam
507 3702 563 3755 aut
591 3710 708 3755 eorem
736 3688 857 3775 plotae?
889 3690 1007 3756 Nonae
1031 3713 1087 3755 voe
1115 3702 1187 3756 sate
1208 3693 1373 3757 domatum
1397 3692 1496 3758 rm

328 3794 491 3871 ceream
513 3808 583 3870 aas
612 3808 647 3870 ira
675 3806 811 3871 adventu
832 3806 919 3870 eius?
958 3806 1019 3871 Vos
1047 3809 1130 3872 enim
1157 3809 1229 3872 erae
1254 3807 1364 3893 pieria
1392 3821 1496 3875 matra

198 3950 209 3971 ·
328 3934 357 3987 et
385 3916 554 4007 perradians⁴
576 3942 614 3985 ac
636 3920 835 4005 Quaestum
862 3922 1058 4007 apostolatus
1080 3917 1167 3986 mett
1257 3920 1357 3989 Cuius
1384 3923 1496 3989 felicis

401 4128 421 4160 e.
446 4112 569 4160 similisC.
662 4113 684 4159 b.
709 4113 853 4173 temporet'.
947 4128 966 4160 o.
990 4114 1110 4174 plusquam
1129 4114 1152 4161 C.

400 4218 424 4271 1.
442 4216 487 4271 Ps.
501 4217 544 4285 48,
560 4216 605 4270 13:
626 4222 816 4286 „comparatus
834 4224 877 4273 est
894 4218 1024 4273 iumentis
1039 4217 1230 4289 insipientibus
1249 4222 1278 4273 et
1295 4218 1394 4275 similis
1411 4217 1494 4274 fastus

329 4308 373 4359 est
390 4304 473 4359 roim.
572 4306 790 4376 2.Rom.12,1.
889 4308 914 4361 3.
934 4304 1017 4362 Hebr.
1031 4306 1130 4377 13‚14.
1231 4308 1259 4364 4.
1279 4306 1442 4378 libeant,
1454 4306 1491 4362 19.

330 4390 606 4464 arcessenda.
