3142 4850
492 330 539 376 ux
560 328 728 378 mamonis
750 330 855 379 nmmo
1197 314 1263 381 539

99 489 139 553 tio
155 486 251 571 facta
273 501 328 568 cst,
351 488 576 555 Bnrclsardnm
599 490 635 557 S.
651 490 820 557 Michaelis
841 487 1062 570 monaclnm¹3
1087 515 1144 559 nec
1164 494 1263 560 mnlto

96 617 173 688 post,
197 625 268 668 cnm
284 604 401 669 libonem
422 627 455 669 se
476 608 575 671 inuito
598 606 738 671 celeriter
757 608 979 694 pernnlpatnm
1001 630 1065 675 esse
1086 613 1261 697 reperisset,

98 720 159 782 iam
178 722 250 805 ipso
273 741 358 785 anno
376 715 484 788 1135¹
507 722 637 786 maciem
658 743 740 787 noco
761 724 866 788 stadio
888 727 1071 791 retractavit
1091 747 1262 813 mapnope-

96 854 187 919 reque
207 828 369 900 aduneiffl.
406 834 472 903 Sed
494 858 599 901 omnes
620 836 697 902 illae
717 858 824 902 rernm
841 838 1133 925 chronolopicornm
1154 844 1262 927 inqui-

96 951 218 1015 sitiones
235 950 474 1032 Hes'rnonianae,
499 952 578 1017 lenes
600 965 630 1018 et
649 953 862 1039 perinfinnoe,
885 956 1050 1041 inquibus
1071 978 1135 1021 non
1154 959 1264 1041 potins

96 1086 166 1130 vera
188 1069 320 1133 scs'ents'a
342 1081 388 1133 est
410 1090 506 1154 qnam
526 1072 636 1155 inepta
656 1090 859 1134 numeroram
882 1070 974 1151 lusio,
998 1070 1096 1156 plane
1117 1072 1200 1137 nilsil
1220 1072 1265 1137 ad

96 1202 202 1246 serram
222 1194 364 1247 noemam
386 1186 566 1265 minnan,
595 1188 662 1249 neci
687 1186 803 1249 ieiunis
826 1188 892 1251 ensis
919 1186 1022 1272 paleis
1045 1186 1159 1253 Heimo
1183 1186 1264 1253 bella

94 1318 195 1381 prona
210 1300 366 1383 quaedam
380 1301 425 1364 ad
439 1300 604 1366 lsc'storiam
618 1304 792 1387 spectantia
806 1303 1032 1368 immiscuisset.
1062 1303 1116 1367 Ee
1128 1302 1263 1388 propia·

95 1412 229 1477 donibus
252 1418 335 1478 enim
349 1416 486 1480 elnonem
501 1420 606 1502 operis
623 1418 806 1497 editionum,
831 1438 927 1503 qnam
945 1420 1053 1504 viperis
1075 1430 1141 1483 tum
1158 1418 1265 1503 fuerit

94 1528 291 1615 Bansberpae
317 1533 449 1616 apitatm
477 1534 669 1613 studiomsm,
700 1532 838 1619 intellipi
862 1545 971 1618 potest.
1011 1532 1110 1598 liber
1132 1545 1264 1620 qnartns

95 1644 239 1710 editionis
262 1649 464 1731 posteriores,
493 1648 550 1713 ubi
569 1652 797 1734 imperatorum
819 1650 902 1714 ratio
925 1648 1071 1729 labetur,
1101 1650 1140 1714 de
1162 1648 1264 1714 Hein-

93 1761 158 1826 rico
176 1760 213 1825 ΙΙ
226 1762 382 1827 nonnulla
403 1766 438 1828 in
460 1787 494 1829 se
509 1767 654 1845 coannet,
679 1786 761 1850 qnae
774 1764 983 1831 Adalbertnm
1004 1767 1040 1829 in
1061 1766 1159 1830 uitam
1181 1768 1264 1831 eins·

94 1877 163 1940 darn
181 1880 385 1964 imperatorie
401 1880 446 1943 ad
458 1880 586 1945 verbnm
602 1879 800 1946 transtulisse
814 1881 963 1945 aidanus.
993 1879 1157 1967 Lepnntnr
1173 1872 1266 1947 iteam

93 1994 128 2056 in
150 1996 261 2079 quinto
282 1998 468 2081 posteriores
491 1998 637 2062 editionis
661 1996 741 2062 libro
764 1996 809 2061 ad
828 1996 990 2083 pontefices
1007 1996 1169 2062 Romanos
1189 2018 1264 2083 per-

94 2110 218 2191 tinente,
243 2131 325 2196 qaue
339 2113 514 2193 amendant,
538 2112 721 2178 Bardinnm
736 2114 925 2198 antipapam
946 2112 1044 2199 panlo
1060 2112 1144 2199 plns,
1170 2132 1266 2199 qnam

93 2228 254 2312 smpicari
274 2226 389 2309 solent,
413 2230 503 2315 apncl
526 2226 701 2295 Germanos
723 2221 886 2293 valuisse⁴.
921 2227 1083 2294 Adiuncit
1102 2240 1266 2315 praeterea

92 2340 206 2408 Heimo
231 2346 324 2430 operi
344 2344 448 2430 cyclos
474 2344 639 2432 paschales
666 2344 706 2409 ab
731 2356 802 2409 orta
823 2345 938 2408 mnndi
960 2365 1060 2432 mque
1081 2345 1125 2409 acl
1147 2366 1267 2410 annam

93 2458 180 2525 1595
201 2481 397 2545 propressos,
420 2463 612 2548 inquorum
632 2461 830 2547 marpinibns
853 2461 958 2526 breves
979 2464 1146 2526 memorias
1169 2461 1266 2528 collo·

93 2577 190 2656 card,
219 2575 279 2640 nli
305 2578 399 2642 etiam
424 2590 497 2663 post
525 2579 591 2643 eins
619 2577 737 2644 obitam
758 2599 780 2642 a
802 2575 1086 2663 Bamberpensibns
1111 2578 1267 2644 nonnulla

93 2693 245 2778 apposita
258 2704 333 2757 snnt
351 2693 396 2758 ad
411 2694 638 2760 annnm1179
659 2715 758 2779 usqne
778 2695 980 2780 pertinentia.
1014 2693 1068 2758 De
1081 2696 1148 2759 cita
1163 2706 1267 2760 antem

92 2809 246 2894 mipram't
267 2807 381 2873 Heimo
410 2809 462 2873 die
488 2807 531 2874 31
557 2808 636 2875 Iulii
660 2833 691 2874 a.
707 2805 822 2875 1139‘.
864 2806 959 2874 Garine
987 2821 1115 2875 mmtnn
1141 2810 1266 2895 fratres

94 2921 130 2990 S.
146 2923 259 2990 lacobi
276 2937 372 3010 prata
393 2925 610 2990 recordatione
630 2924 910 3012 prosequebantnr,
932 2935 1101 3012 propterea
1116 2925 1203 3012 qnod
1217 2947 1271 3023 ec·¹

164 3195 191 3251 1.
210 3193 247 3251 V.
266 3192 337 3250 inira
353 3193 488 3265 praefatio
505 3195 604 3266 prioris
615 3194 752 3251 editionis.
836 3195 862 3251 2.
881 3193 1032 3266 Utramque
1049 3193 1111 3251 libri
1127 3195 1267 3252 tractatio·

93 3298 153 3340 uem
173 3285 333 3340 ennolion
350 3282 452 3340 iactam
470 3299 542 3354 esse,
560 3285 653 3340 multis
670 3284 738 3340 locis
755 3288 879 3355 apparet.
906 3282 983 3340 Edl
1003 3299 1063 3354 cap.
1076 3285 1102 3354 3,
1121 3282 1195 3340 ed.2
1212 3283 1268 3340 L.1

93 3385 117 3427 e.
129 3374 160 3430 3:
180 3374 233 3444 ,In
250 3388 324 3429 anno
340 3373 466 3444 Domini,
490 3387 553 3428 cum
571 3374 625 3428 ista
643 3373 801 3442 scribimus,
825 3373 963 3443 praesenti
983 3373 1052 3430 1135
1070 3376 1136 3430 sunt
1153 3377 1268 3444 epactae

93 3461 233 3532 quatuor“
253 3467 321 3533 cet.;
344 3459 380 3516 ei.
399 3462 592 3532 euprepii?
611 3478 638 3517 n.
648 3463 676 3517 4.
708 3461 740 3516 In
758 3461 843 3516 solius
861 3460 988 3516 editionis
1005 3461 1165 3532 posterioris
1183 3463 1215 3516 L.
1227 3461 1268 3518 IV

93 3551 146 3605 οἳ,
163 3551 285 3620 legimus
303 3549 387 3606 haee:
407 3549 533 3620 ,Etenim
551 3550 575 3605 si
593 3549 629 3605 ab
646 3549 700 3605 hoc
716 3549 830 3604 instanti
843 3564 924 3618 anno,
943 3549 989 3618 qui
1002 3555 1046 3605 est
1057 3565 1146 3606 annus
1159 3549 1268 3606 Domini

94 3639 171 3711 1135,
191 3637 387 3709 romagnanum
406 3642 459 3693 oet.
532 3640 558 3694 3.
572 3639 608 3695 V.
621 3637 755 3710 praefatio
773 3637 934 3709 posterioris
946 3637 1083 3694 editionis.
1154 3640 1181 3694 4.
1199 3639 1268 3694 Bur·

93 3727 149 3783 dini
172 3743 244 3785 vero
266 3742 321 3783 non
340 3741 358 3782 a
374 3725 626 3796 Bambergensibus
648 3727 736 3783 solum
758 3726 809 3782 sed
833 3726 916 3781 etiam
940 3725 975 3782 ab
995 3725 1217 3796 Angustensibus
1239 3730 1269 3782 et

93 3814 353 3886 0suabrugensibus
371 3816 504 3872 rationem
522 3815 643 3870 habitum
661 3830 731 3884 esse,
751 3813 993 3870 animadvertimus
1011 3830 1046 3870 ex
1060 3814 1193 3884 Eginonis
1211 3815 1268 3884 epi·

93 3906 164 3961 stols
181 3906 268 3972 (idon.
277 3903 370 3960 Germ.
383 3903 432 3959 SS.
442 3903 496 3959 ΧΠ
507 3904 572 3971 446)
590 3909 619 3959 et
636 3919 671 3960 ex
684 3903 803 3959 Udalriei
821 3903 882 3958 cod.
895 3919 921 3958 n.
936 3904 989 3959 190
1007 3919 1091 3975 supra
1107 3919 1136 3973 p.
1149 3903 1202 3958 328
1221 3901 1267 3968 (ci.

93 4007 120 4064 p.
133 3995 187 4050 329
205 4011 235 4049 ιι.
248 3995 285 4060 6).
365 3993 391 4048 5.
414 3993 495 4048 Diem
514 3996 544 4048 et
560 4008 660 4048 annum
679 3993 800 4063 reperies
817 3989 889 4046 infra
907 3991 942 4047 ad
957 3993 1039 4063 11393
1058 3991 1175 4047 eundem
1195 3991 1268 4047 diem

92 4081 121 4136 in
137 4081 298 4152 necrologio
311 4081 338 4137 S.
347 4081 497 4136 Michaelis.
524 4081 557 4136 In
568 4081 725 4151 necrologio
743 4085 836 4136 autem
849 4079 877 4136 S.
887 4079 981 4136 iacobi
998 4095 1070 4136 saec.
1080 4080 1147 4137 XVI
1166 4079 1268 4150 sciipto

94 4169 239 4226 Haimonis
256 4186 330 4226 mors
346 4184 491 4241 perperam
510 4169 546 4224 ad
558 4171 575 4224 3
587 4170 648 4225 Kal.
661 4169 734 4240 Aug.
747 4169 808 4238 (lut.
818 4169 864 4236 30)
883 4165 999 4224 refertur
1015 4168 1067 4224 hoc
1079 4167 1175 4224 modo:
1196 4169 1268 4239 ,An-

94 4259 263 4315 nirersarius
280 4259 434 4330 Haymonis
451 4257 605 4329 presbyteri
624 4258 749 4315 canonici
766 4257 882 4313 ecclesie
900 4260 1008 4328 nostre,
1028 4257 1075 4327 qui
1093 4257 1208 4313 multum
1226 4272 1268 4313 or·

94 4347 172 4403 navit
189 4353 222 4404 et
239 4348 346 4404 dotavit
362 4348 507 4403 ecclesiam
525 4352 647 4403 nostram
665 4347 741 4404 tibris
759 4346 839 4403 bonis
857 4350 886 4402 et
897 4346 984 4403 sacris
995 4345 1153 4419 vestibus“;
1169 4363 1197 4404 v.
1210 4345 1268 4404 Sle

94 4433 193 4494 bentm
210 4436 322 4494 Berietn
339 4435 390 4493 des
406 4435 502 4494 histor.
511 4435 627 4496 Vereins
644 4451 680 4494 nu
697 4435 837 4508 Bsmberg
853 4451 881 4509 p.
893 4435 955 4493 225.
