3142 4850
319 275 386 341 402
706 290 872 340 uonunrcr
894 291 1021 340 ooosx.
1057 287 1111 340 sco

197 467 266 521 1127
320 451 437 533 lemna,
461 450 712 536 obstupescimus
735 451 842 533 valde,
867 451 1023 535 quomodo
1046 450 1204 515 hominem
1228 449 1316 515 illum
1340 448 1476 513 domnum
1560 491 1562 542 ,

165 542 219 600 ¹³⁰⁸*
235 539 300 585 Μ’
320 561 567 648 Gebehurdum·,
593 577 686 650 quem
707 565 850 632 Romana
868 566 1005 632 ecclesia
1026 560 1237 650 dampnavit¹,
1261 583 1354 648 quem
1377 569 1479 629 metro
1560 553 1562 642 l

316 680 479 765 politanus
508 677 632 746 noster’
659 699 730 746 cnm
761 681 1006 766 archiepiscopis
1035 686 1068 746 et
1095 679 1253 766 episcopis
1280 679 1391 744 multis
1417 698 1480 744 con·
1560 651 1562 718 ἶ

317 802 487 880 sequenter
510 797 549 862 ab
573 795 706 862 ccclesia
728 797 948 879 sequestravit,
973 817 1028 861 vos
1049 797 1084 862 in
1100 795 1255 861 catholice
1274 783 1481 869 communione

320 911 484 996 recepistis
508 917 555 994 et,
583 913 611 976 si
634 931 706 976 cum
729 912 833 994 gretia
856 915 963 977 vestra
990 913 1053 976 dici
1082 915 1202 997 potest,
1230 911 1323 993 quasi
1351 909 1391 974 ad
1418 927 1482 974 con·
1560 965 1562 1016 i

319 1031 474 1112 temptum
490 1026 631 1092 Romane
653 1027 749 1092 immo
773 1027 874 1092 tocius
894 1025 1054 1108 ecclesiae,
1076 1027 1158 1091 sicut
1173 1026 1325 1110 seriptum
1343 1033 1402 1106 est,
1423 1044 1483 1089 ror·

318 1161 383 1206 una
405 1143 563 1226 portatori
579 1136 737 1206 dedistis⁸.
822 1141 905 1210 Hae·
925 1147 1030 1207 antem
1054 1161 1090 1207 co
1108 1141 1208 1224 magis
1224 1141 1388 1222 miramur,
1410 1138 1484 1222 qnod
1560 1129 1562 1218 l

318 1256 517 1342 praepositus
535 1263 637 1322 vester
654 1257 788 1322 domnus
802 1256 1030 1336 Etherhardnsl
1055 1275 1206 1342 praesens
1225 1255 1310 1341 apud
1332 1274 1392 1320 nos
1414 1259 1483 1336 crat
1560 1229 1562 1288 ²

320 1371 445 1455 qnando
462 1371 594 1444 domnus
612 1371 867 1457 archiepiscopus
883 1370 1008 1457 publice
1022 1373 1054 1436 in
1072 1371 1196 1457 pulpito
1209 1376 1318 1435 nostro
1334 1370 1485 1436 nuntiavit

320 1486 404 1552 clero
434 1492 467 1552 et
493 1484 627 1572 populo:
657 1487 812 1571 quomodo
836 1487 950 1570 qoihns
978 1488 1018 1553 de
1044 1488 1148 1552 causis
1170 1505 1273 1570 quove
1298 1485 1411 1550 ordine
1431 1483 1484 1550 Ro-
1560 1579 1562 1582 Α

320 1621 416 1668 mena
447 1601 578 1668 ecclesia
607 1621 678 1668 eum
707 1622 726 1668 a
754 1604 974 1667 communione
1005 1601 1156 1668 ecclesiae
1185 1602 1429 1684 sequestrasset,
1459 1607 1487 1665 ct

319 1717 476 1802 quomodo
510 1717 710 1802 postmodum
741 1717 875 1782 domnos
902 1716 1103 1783 Gerhardns⁰
1132 1715 1301 1781 cardinalis
1329 1735 1395 1779 uno
1421 1733 1484 1780 cnm
1560 1677 1562 1782 l

320 1833 390 1918 ipso
418 1838 451 1898 st
484 1851 554 1897 cum
584 1837 651 1898 tota
679 1833 814 1898 ecclesia
838 1833 956 1898 ibidem
986 1835 1176 1915 congregate
1206 1831 1239 1896 in
1268 1830 1485 1913 Argentinensi

321 1948 467 2031 ecclesia,
491 1953 657 2033 praesente
680 1948 797 2014 domno
819 1948 921 2031 rogel,
948 1947 1136 2014 molentium
1160 1946 1486 2012 excommunicationis

319 2064 355 2128 in
378 2083 452 2128 eom·
477 2063 717 2148 promulgasset
809 2063 917 2147 Neque
945 2062 1028 2129 enim
1052 2083 1109 2147 per
1131 2061 1193 2128 Dei
1215 2062 1352 2144 gratiam
1374 2062 1424 2126 its
1442 2062 1486 2126 io·

322 2197 397 2263 opes
420 2179 552 2244 rationis
575 2179 640 2244 vel·
665 2179 871 2244 humanitatis
894 2199 1012 2261 snmus,
1036 2183 1073 2242 ut
1093 2178 1240 2260 cuiquam
1264 2184 1416 2260 vestrum,
1438 2177 1486 2261 qni

322 2312 397 2358 sane
426 2293 546 2378 sepiat,
573 2293 607 2358 in
636 2295 797 2379 praesenti
818 2295 944 2376 negotio
973 2294 1069 2358 nimis
1098 2293 1287 2377 praecipites
1311 2293 1413 2359 videri
1440 2293 1488 2358 de-

321 2409 467 2490 heomns3
491 2428 560 2474 curn
585 2410 704 2495 ntique,
728 2411 755 2477 si
778 2415 885 2497 partes
908 2407 1049 2475 eiusdem
1071 2411 1189 2493 negotii
1210 2430 1268 2496 per
1283 2409 1392 2474 omnia
1407 2406 1489 2474 vobis

321 2532 426 2591 essent
448 2526 608 2609 cognitae,
639 2530 790 2610 quantum
819 2524 858 2590 de
881 2530 987 2590 vestra
1009 2526 1140 2591 caritate
1168 2532 1201 2591 et
1227 2523 1400 2610 prodentia
1422 2543 1490 2590 con·

319 2640 457 2723 fidimus,
480 2640 660 2706 nullatenus
684 2641 723 2707 de
740 2641 828 2706 vohis
852 2661 1016 2726 possemus
1033 2639 1187 2706 dubitare.
1277 2639 1412 2705 Nostros
1435 2640 1490 2703 ita·

321 2775 381 2839 que
402 2755 536 2839 litteras,
560 2762 684 2821 nostras
708 2756 921 2839 querimonias
943 2757 1008 2821 iam
1031 2754 1148 2821 dudum
1174 2752 1262 2820 vohis
1285 2756 1489 2821 misissemus.

322 2869 384 2936 Sed
407 2872 482 2955 quio
496 2870 601 2937 vivam
617 2890 723 2937 vocem
741 2871 914 2957 praepositi
929 2871 1027 2936 vestri
1042 2877 1156 2937 testem
1171 2876 1299 2937 nostrae
1314 2869 1491 2937 afflictionis

321 2986 409 3052 uobis
432 2987 638 3053 credebamus
661 2986 822 3070 sufficere,
849 2987 966 3053 idcirco
988 2985 1086 3051 nichil
1109 2987 1248 3069 timoris,
1271 2986 1369 3052 nichil
1394 2986 1489 3053 ambi-

321 3102 449 3184 guitatis
473 3101 512 3166 de
535 3100 623 3167 vohis
648 3103 858 3187 concepimus.
899 3101 1141 3185 Verumtamen,
1169 3108 1326 3185 utcunque
1355 3102 1490 3166 hnmana

320 3236 355 3283 se
378 3216 529 3300 habeant,
558 3216 614 3281 fixi
637 3222 668 3284 ct
691 3223 872 3283 constantes
897 3218 931 3283 in
958 3216 1137 3283 ohedientia
1158 3215 1319 3283 Romanae
1341 3215 1489 3283 ecclesiae

321 3332 530 3417 reperiemur3
553 3334 766 3417 summoperc‘
789 3338 946 3415 caventes,
969 3352 1009 3397 ne
1033 3338 1162 3418 propter
1185 3332 1360 3417 temporalo
1382 3333 1490 3415 demp

322 3466 397 3512 num
426 3446 475 3512 vel
508 3448 708 3514 commodum
736 3449 775 3518 de
803 3448 895 3514 nohis
923 3448 1107 3513 scandalum
1137 3447 1287 3515 ecclesiae
1314 3454 1489 3530 generetur.

320 3562 431 3629 Valetc
454 3564 486 3627 in
503 3560 638 3629 Domino
661 3583 800 3649 semper3
824 3582 882 3629 nec
905 3563 1041 3629 credatis
1064 3564 1150 3629 omni
1169 3563 1315 3649 spiritui3
1338 3568 1373 3630 et
1392 3560 1492 3629 nostri

321 3696 477 3745 memores
499 3682 607 3744 estote.

391 3888 411 3919 a„
437 3872 580 3919 Gehherdum
597 3873 620 3919 V.
736 3872 758 3917 h.
781 3872 831 3919 Hoc
849 3871 873 3919 0.
990 3888 1010 3921 c.
1034 3874 1148 3920 Gorsrdns
1164 3873 1207 3920 VZ.
1325 3873 1348 3920 d.
1371 3885 1450 3931 regere
1467 3868 1492 3916 L

321 3966 341 3998 c.
366 3956 389 3999 et
404 3952 428 3999 V.
536 3952 552 3997 f.
577 3964 663 3997 summo
680 3964 748 4010 opere
765 3952 791 3998 Z.

393 4064 417 4118 1.
435 4064 469 4118 V.
486 4076 528 4132 cp.
540 4064 593 4116 227
613 4078 696 4131 supra
713 4078 740 4131 p.
755 4063 816 4117 399.
888 4064 913 4117 2.
932 4060 1123 4117 Adelbertual
1141 4064 1362 4135 archiepiscopus
1377 4066 1490 4131 liogan-

321 4151 403 4206 tinus.
487 4152 514 4205 3.
533 4150 646 4206 Iliaco.
660 4154 685 4219 2,
703 4152 752 4205 48:
773 4156 820 4220 ,et
836 4168 891 4209 non
909 4151 1044 4207 dederuut
1062 4167 1147 4207 cornu
1164 4155 1330 4223 peccatori“.
