3142 4850
433 335 599 386 unrnnror
621 335 749 386 sonex.
785 335 913 389 erens
1193 319 1257 388 387

96 487 194 554 voluit
232 487 299 556 Noe
323 497 427 558 sutem
451 511 510 578 pro
532 495 685 579 slnguleri
709 515 817 564 amore
840 503 874 562 et
894 494 1073 563 reverentie
1087 499 1195 582 sesni,
1218 517 1260 565 ne
1308 514 1377 568 1122

97 604 162 688 qnid
184 603 294 671 durius
317 613 427 674 contra
450 629 505 674 vor
529 609 659 677 diffiniri
683 609 822 694 deberet,
845 613 899 677 vix
923 612 1126 678 obtinuimus.
1277 585 1409 645 ¹¹¹¹'‘³'¹⁸'

173 719 265 785 liuns
288 721 395 806 itaque
416 723 647 792 fraternitatem
672 733 810 792 semrom
832 747 982 810 rogemus
1005 731 1100 793 etex
1124 728 1260 794 auctori·

94 839 151 900 tate
165 835 272 901 domni
296 855 399 922 papus
422 843 453 904 et
477 839 667 925 apostolicae
690 842 774 908 sedis
798 843 895 924 legati
917 849 952 909 et
971 847 1082 908 nostre
1104 841 1261 928 praecipt-

93 971 169 1016 mus:
193 956 231 1018 ut
250 951 422 1018 universali
446 955 579 1022 concilio
599 957 634 1022 in
657 957 824 1024 0011011010
838 963 967 1024 sonetum
981 955 1042 1024 Dei
1065 954 1261 1040 genitricie·¹

91 1064 266 1150 lloguntiae
294 1066 499 1153 celebrande,
527 1071 614 1136 omni
643 1077 808 1157 amputata
835 1073 1012 1156 occasione,
1041 1077 1180 1138 vostram
1205 1091 1260 1138 su·

91 1180 220 1248 hibeatie
241 1185 472 1269 praesentium
495 1190 532 1250 ut
553 1184 599 1252 ibi
622 1191 654 1252 et
676 1187 784 1253 domni
806 1207 910 1274 pupae
930 1187 1120 1271 legationem
1144 1204 1260 1270 cogno-

89 1297 179 1363 scetis
202 1297 295 1365 etde
318 1304 404 1366 stetu
433 1299 583 1367 ecclesius
611 1321 675 1368 una
704 1301 867 1368 nobiscum
889 1303 924 1368 in
953 1321 1119 1369 commune
1147 1321 1260 1369 oonsu-

87 1410 165 1478 lstie.
259 1413 293 1479 Si
317 1415 371 1499 qui
387 1435 461 1480 vero
485 1417 704 1503 episcoporum
727 1416 802 1484 huic
817 1424 927 1484 sancto
950 1417 1083 1485 concilio
1105 1417 1260 1488 interesse

87 1526 290 1612 neglexerint,
314 1530 426 1614 soient,
450 1549 484 1596 es
507 1551 547 1596 ex
563 1533 750 1599 auctoritato
765 1533 873 1598 domni
896 1552 999 1619 popae
1014 1538 1048 1600 et
1066 1531 1259 1619 apostoliens

86 1642 165 1708 sodis
188 1643 286 1728 legati
309 1651 342 1712 et
363 1647 460 1715 totius
475 1645 600 1712 concilii
617 1647 761 1734 synodali
784 1649 970 1732 sententiae,
993 1667 1057 1733 qua
1078 1647 1259 1714 huiusmodi

83 1765 339 1846 praesumptores
361 1761 495 1827 feriendi
518 1767 603 1845 eunt,
626 1763 771 1830 omnibus
794 1763 897 1828 modis
920 1763 1092 1830 subiacere.

84 1967 169 2039 214.
192 1973 329 2038 Pactum
352 1973 601 2040 Wormaueneet
1031 1974 1070 2054 (E
1087 1976 1162 2042 305.
1179 1977 1258 2057 306)

82 2100 341 2188 Privilegium
365 2104 560 2174 Heinrici⁰
582 2105 658 2172 llll
684 2107 941 2193 imperatorie
972 2107 1017 2172 ud
1039 2105 1259 2173 Calixtum⁴

538 2235 541 2243 ·
593 2241 746 2307 papam.

167 2333 240 2417 Ego
256 2334 448 2417 H(einricuel
465 2335 526 2402 Dei
549 2336 653 2419 gratie
673 2335 886 2403 Romanorum
908 2337 1084 2422 imperator
1105 2343 1256 2420 augustus
1294 2348 1365 2402 1122

79 2467 135 2534 pro
160 2471 271 2518 umore
293 2451 354 2518 Dei
385 2459 419 2519 et
439 2460 567 2519 sanctes
589 2452 750 2519 Romanae
774 2452 925 2519 ecclesias
953 2460 986 2519 et
1015 2454 1122 2519 domni
1151 2474 1256 2540 papae
1275 2421 1380 2480 ΒΜ

79 2562 198 2633 Galixti
227 2573 262 2633 et
291 2586 348 2651 pro
376 2568 516 2634 remedio
546 2570 671 2634 animae
704 2588 795 2635 mese
824 2569 950 2635 dimitto
979 2569 1047 2635 Deo
1075 2570 1257 2653 sanctisque

79 2678 137 2749 Dei
160 2682 316 2768 apostolis
332 2682 426 2750 Petro
449 2690 482 2749 et
497 2683 595 2749 Paulo
618 2690 807 2769 cunctaeque
830 2683 1002 2751 catholicoe
1021 2683 1171 2750 ecclesius
1188 2703 1256 2750 om·

78 2817 150 2863 nem
172 2798 398 2865 investituram
414 2820 471 2885 per
487 2799 614 2865 anulum
632 2805 664 2867 et
680 2798 837 2882 baculum,
860 2804 894 2865 et
908 2799 1045 2865 concedo
1060 2798 1094 2863 in
1110 2798 1257 2865 omnibus

76 2911 205 2999 imperii
229 2916 293 2981 mei
316 2914 459 3002 portibus
483 2916 664 2981 omonicem
681 2914 751 2981 lieri
774 2915 959 2982 elscfionem
983 2919 1016 2981 et
1035 2912 1168 2981 liberem
1183 2934 1257 2982 con·

77 3031 299 3097 cuononem.
335 3030 553 3097 Possessionee
577 3035 609 3096 et
631 3030 751 3114 regulis
773 3030 857 3096 beati
880 3029 983 3113 Petri,
1011 3048 1091 3114 quae
1113 3035 1257 3115 tempore

75 3146 177 3229 patris
203 3147 269 3212 mei
291 3145 359 3213 sire
381 3147 478 3213 etium
501 3164 572 3213 meo
588 3145 695 3213 ableto
716 3152 801 3227 eunt,
826 3162 906 3229 quus
921 3144 1030 3228 iubeo,
1050 3144 1151 3211 eidem
1166 3162 1257 3211 sanc

76 3264 126 3326 teo
148 3260 317 3327 Romanus
340 3261 492 3329 ecclesiae
514 3260 662 3342 restitum
687 3280 767 3345 quae
784 3279 847 3325 non
862 3258 974 3343 habeo,
996 3265 1034 3325 ut
1049 3260 1258 3325 restituentur

76 3374 230 3443 irleliter·
255 3376 379 3443 iuvabo.
422 3376 641 3443 Possessiones
664 3376 758 3443 etism
784 3376 926 3441 omnium
948 3374 1082 3441 aliarum
1110 3374 1257 3446 ecclesiu-

74 3510 143 3557 rum
169 3498 204 3559 ot
236 3492 416 3577 principum
446 3498 478 3559 et
506 3491 639 3558 aliorum
663 3497 729 3557 tam
753 3490 938 3557 clericorum
967 3510 1062 3575 quem
1092 3489 1257 3575 laicorum,

75 3607 208 3673 consilio
234 3606 431 3692 principum,
462 3624 542 3691 quae
563 3606 681 3689 habeo,
709 3606 858 3686 restitum
887 3604 962 3691 000ῐ
983 3623 1048 3670 000
1075 3604 1192 3688 habeo,
1221 3612 1258 3671 st

73 3724 289 3789 restituantur
317 3721 452 3787 fideliter
481 3721 605 3789 iuvabo.
648 3722 698 3788 Do
728 3741 836 3788 veram
864 3740 974 3807 pacem
1009 3720 1124 3786 domno
1155 3739 1258 3807 papae

75 3834 250 3919 Olelixtol⁸
274 3842 306 3903 et
327 3836 487 3921 omnibus,
517 3838 571 3922 qui
595 3837 628 3903 iu
652 3844 742 3923 purte
766 3836 841 3903 surol
865 3843 940 3903 sunt
962 3834 1012 3903 vel
1039 3835 1175 3903 fuerunt
1213 3834 1258 3923 Et

73 3952 244 4039 inquibus
267 3958 378 4019 sancta
391 3952 535 4019 11000000
549 3952 681 4019 ecclesie
704 3951 858 4019 auxilium
880 3949 1099 4037 postulaverit,
1121 3948 1257 4017 fideliter

72 4066 160 4135 illem
183 4066 315 4135 iuvabo.

143 4206 164 4238 a.
190 4191 280 4237 itariae
293 4190 316 4236 V
323 4204 370 4250 pro
380 4188 424 4236 1)οἰ
440 4190 565 4248 genitricis.
637 4189 660 4236 b.
684 4204 713 4237 ec
729 4189 925 4245 Vtere—125,
942 4186 965 4234 Ζ
972 4200 998 4248 p.
1008 4186 1063 4243 etl,
1083 4184 1187 4233 060-
1194 4186 1256 4233 son.

73 4266 173 4318 Plenior
187 4269 261 4331 paee
279 4268 349 4317 laius
369 4268 439 4317 ediec
458 4268 579 4329 reperim
592 4268 619 4315 in
635 4266 790 4327 prmum.
801 4266 851 4314 tt.
862 4268 888 4313 11
902 4267 940 4314 75.
1079 4280 1100 4312 e.
1123 4264 1217 4311 Henrlci
1230 4264 1256 4312 7.

74 4349 97 4395 tl.
111 4349 274 4397 crentur-V.
337 4364 357 4396 e.
376 4348 510 4406 libenterV,
525 4346 679 4399 lumerto.
733 4346 750 4395 i.
771 4350 865 4406 atquae
875 4346 899 4395 θ.
953 4360 977 4405 ς.
996 4344 1076 4393 HG.
1129 4344 1154 4391 10.
1169 4344 1221 4391 alut
1231 4342 1256 4393 θ.

144 4428 172 4484 1.
191 4426 273 4497 Sept.
287 4428 314 4481 e.

983 4510 1043 4567 25!
