3142 4850
317 303 382 367 800
594 318 775 367 nunnonns
797 317 978 366 ormnem.
1015 318 1082 363 are.
1098 316 1138 362 111
1160 313 1214 363 es

229 496 297 553 1127
316 484 407 544 votos
430 477 536 564 presul
560 478 750 561 aecingitur3
774 478 860 543 omni
884 477 988 543 studio
1011 496 1050 543 ac
1071 475 1237 558 diligentia
1257 474 1321 559 ipsi
1335 473 1417 538 festo
1432 471 1489 537 de-

158 580 162 591 ’
315 614 419 660 eorem
444 600 476 660 et
497 596 705 660 reverentiam
729 615 913 680 procurans,
940 599 1096 679 quatenus
1118 592 1157 659 de
1180 590 1350 657 amissione
1370 587 1490 674 prioris

315 710 381 776 fani
397 709 447 775 vel
469 709 659 776 celebritatis
685 711 814 777 minime
831 710 983 793 dolerent,
1007 708 1147 775 melioris
1163 704 1408 791 sollempnitatis
1429 704 1491 769 tri-

316 826 412 913 pudio
437 831 469 892 et
490 825 630 891 melioris
653 825 771 893 fabrice
795 830 979 893 ornamento
1003 825 1165 891 consolati.

405 944 435 1006 9.
474 940 559 1007 lnter
585 942 740 1024 agendum
764 963 856 1026 vero,
881 943 956 1027 quid
978 943 1050 1027 ipsa
1071 939 1228 1005 dedicatio
1251 938 1301 1003 vel
1324 935 1400 1021 quid
1422 936 1491 1000 siu·

315 1058 390 1141 gula
413 1077 510 1143 opera
531 1056 738 1124 dedicationis
758 1058 935 1142 significare
950 1057 1112 1139 haherent,
1135 1055 1206 1120 rudi
1222 1052 1338 1139 populo
1354 1052 1491 1117 anhstes

316 1175 472 1260 exposuit
518 1172 671 1259 Precipue
700 1194 774 1240 vere
804 1173 972 1257 llizlaum,
1005 1174 1106 1258 ipsius
1133 1170 1271 1237 civitatis
1300 1168 1488 1255 principem,

316 1310 408 1375 qoem
445 1288 568 1375 pridem
602 1289 636 1355 in
670 1290 873 1375 penthecoste
901 1308 971 1355 curn
1002 1288 1073 1354 aliis
1102 1286 1292 1373 primatibus
1322 1284 1489 1349 Uznoirnie

317 1406 549 1491 baptizaverat,
578 1410 614 1470 ut
640 1405 674 1471 in
703 1426 740 1472 eo
769 1411 889 1472 ceteros
918 1404 1073 1486 erudiret,
1103 1404 1142 1468 de
1169 1401 1314 1467 omnihus
1338 1400 1389 1466 his
1412 1399 1489 1465 ullo-

316 1516 454 1607 qnitur¹3
484 1525 716 1587 sacramentum
744 1521 951 1587 dedicationis
981 1518 1022 1584 ad
1050 1518 1188 1584 animam
1211 1518 1365 1603 cuiusque
1387 1516 1488 1582 fidelis

316 1638 489 1724 pertinere,
519 1636 686 1703 sufficienti
710 1656 856 1703 sermone
877 1638 1113 1717 demonstrans,
1140 1654 1201 1719 que
1224 1635 1325 1700 saneti
1349 1632 1488 1718 Spiritus

316 1748 486 1838 templum²
511 1752 645 1819 eflicitur
668 1751 717 1819 vel
742 1753 776 1817 in
799 1753 888 1818 euius
911 1753 1005 1819 eorde
1027 1751 1171 1818 Christus
1200 1749 1375 1837 perfidem
1399 1749 1487 1814 inha-

317 1864 423 1936 hitat³.
464 1868 547 1935 Dein
576 1879 770 1935 sermonem·
795 1869 835 1933 ad
863 1870 968 1954 ipsum
995 1868 1171 1954 principem
1201 1886 1240 1932 en
1267 1871 1334 1932 toto
1358 1885 1488 1932 eonver-

317 1992 401 2052 tens:
436 1985 487 2051 Tu
515 2006 545 2050 es
573 1984 677 2068 inquit
697 1986 753 2067 fili
781 1986 961 2065 aramme,
990 2008 1066 2050 vero
1092 1986 1204 2049 domas
1227 1984 1300 2048 Dei.
1344 1982 1397 2046 Ta
1422 1986 1489 2068 ipse

316 2104 408 2167 bodie
435 2102 590 2167 dicandas
618 2113 647 2165 st
674 2103 868 2166 dedicandus
890 2124 921 2166 es
944 2103 1150 2187 omnipotenti
1170 2101 1240 2165 Deo
1264 2102 1403 2164 creatori
1424 2113 1488 2178 taso,

255 2304 258 2311 Ι
316 2231 360 2298 at,
385 2220 504 2282 amanio
528 2218 567 2282 ab
583 2220 670 2281 omai
691 2218 795 2282 alieno
816 2239 1004 2302 possessore,
1027 2219 1130 2303 ipsias
1147 2229 1270 2282 tammam
1283 2218 1410 2280 mansio
1425 2216 1489 2297 fias

316 2346 410 2419 atque
428 2335 595 2419 possessio.
631 2332 707 2398 Noa
730 2355 803 2418 erpo
826 2334 981 2419 impedias
997 2335 1224 2399 dedicationes
1239 2344 1336 2410 taam,
1355 2331 1413 2413 fis·
1435 2331 1490 2394 laa-

315 2453 447 2515 m'ssime.
486 2448 596 2513 Niobil
618 2451 864 2535 sumpserim,
888 2453 983 2516 istam
1005 2473 1102 2536 qaam
1125 2452 1225 2513 caruis
1249 2451 1380 2513 domam
1399 2449 1490 2532 foris

317 2567 468 2646 dedicari,
492 2567 558 2630 sisi
579 2568 672 2631 etiam
695 2568 851 2631 dedicatio
874 2569 947 2652 ipsa
969 2569 1013 2630 ad
1029 2569 1134 2631 cordis
1149 2568 1199 2630 tui
1212 2566 1490 2647 sanctificationem

315 2683 471 2769 proficiat.
517 2679 572 2746 llle
596 2699 670 2746 vero
699 2681 918 2747 exhortatione
939 2687 1145 2766 compunctus
1168 2680 1228 2746 ait:
1257 2681 1408 2765 Ecquid
1436 2693 1489 2760 est,

315 2811 407 2886 pater
429 2810 544 2877 scaete,
570 2799 656 2882 qaod
677 2819 726 2862 me
745 2799 831 2863 iubes
844 2797 968 2881 facere,
992 2801 1198 2863 atdedicatio
1214 2800 1326 2862 istuis
1341 2819 1392 2862 sss
1407 2819 1490 2862 com-

316 2914 461 3000 pleatur?
494 2911 671 2998 Episcopus
694 2916 810 2996 autem,
834 2911 1013 2996 intelligens
1032 2913 1143 2980 adesse
1158 2912 1315 2998 Spiritum
1329 2917 1489 2978 sanctum:

317 3029 370 3094 Ea
388 3042 483 3116 parte
504 3028 608 3113 inquit
621 3030 685 3112 fili,
710 3029 820 3094 domm
836 3030 902 3094 Dei
923 3052 987 3095 esse
1009 3021 1135 3117 capsim
1149 3030 1221 3114 fac,
1247 3042 1283 3094 at
1302 3051 1341 3093 eu
1355 3041 1423 3094 toto
1438 3033 1489 3093 sis.

319 3145 390 3210 Iam
413 3148 495 3210 enim
516 3145 709 3230 ydolatriam
724 3147 792 3228 fide
815 3149 1021 3226 commutasti,
1048 3146 1200 3232 baptismi
1218 3147 1361 3230 qratiam
1383 3167 1489 3210 conse-

318 3274 423 3336 cutum·
452 3285 535 3326 auae
565 3263 720 3346 sequitur,
755 3275 792 3326 at
817 3262 918 3344 fidem
949 3261 1095 3347 opsides
1123 3283 1263 3326 ecosmes.
1310 3260 1490 3346 Impt'states

317 3377 481 3442 uiolentius
503 3389 531 3441 et
550 3377 756 3458 crudelitates,
782 3380 999 3467 oppressiones
1013 3381 1147 3464 rapinas
1161 3377 1335 3442 homicidia
1350 3389 1378 3442 et
1388 3377 1489 3460 fraa-

318 3494 372 3557 dss
391 3494 518 3578 pesitus
540 3493 660 3568 davita3
682 3505 850 3578 postremo,
875 3497 1029 3579 quicquid
1048 3494 1108 3559 tibi
1120 3495 1198 3576 fieti
1211 3493 1251 3557 ab
1266 3492 1333 3557 aiio
1349 3513 1417 3557 non
1432 3495 1487 3570 οὐ,

318 3609 379 3674 alii
400 3631 440 3673 se
452 3608 581 3692 facetis.
617 3605 832 3694 Captivitatas,
857 3633 936 3695 qaas
957 3611 1061 3691 hahes,
1085 3608 1210 3675 absolve
1229 3630 1353 3685 omnem·
1376 3610 1491 3694 quodsi

280 3771 286 3780 -
318 3747 382 3791 aaa
406 3745 526 3804 omnes,
556 3725 605 3789 uel
632 3736 725 3804 certe,
757 3728 815 3810 qai
841 3725 1008 3791 christiani
1030 3739 1118 3805 esst,
1148 3738 1200 3790 tus
1218 3724 1300 3807 fidei
1321 3737 1488 3790 consortes

319 3839 400 3906 Tum
422 3837 476 3904 ille
498 3856 610 3924 parum
634 3837 790 3906 hesitans:
818 3842 948 3907 Durum
968 3841 1073 3925 inquit
1093 3841 1191 3905 matt
1211 3853 1270 3920 est,
1296 3854 1413 3926 pater,
1440 3842 1488 3905 dt·

201 4007 204 4012 .
319 3959 438 4022 mittas
462 3977 582 4031 omaes3
606 3959 683 4040 qaia
705 3959 830 4042 mopais
852 3958 1029 4022 rationibus
1051 3979 1090 4020 aa
1112 3957 1222 4022 motas
1244 3957 1377 4042 quidam
1393 3979 1433 4020 aa
1446 3957 1489 4021 eis

318 4071 416 4137 michi
437 4072 620 4136 detineatur.
656 4069 744 4134 Tune
767 4070 948 4157 episcopus:
972 4071 1092 4138 Debita
1112 4070 1215 4155 inquit
1231 4093 1294 4158 pro
1309 4073 1425 4137 debiat
1439 4073 1488 4136 di·

319 4190 402 4253 mdti
429 4200 458 4252 st
482 4207 582 4251 samo
606 4185 803 4272 eaaapelicas
826 4200 855 4254 et
875 4189 1036 4253 domimea
1057 4189 1168 4253 madet
1190 4190 1308 4263 cratim·
1338 4189 1385 4253 sic
1408 4189 1488 4252 esim

393 4347 413 4380 a
438 4347 541 4380 sermone
557 4334 589 4391 N,
605 4347 731 4382 monem
748 4335 802 4382 BR.

392 4426 416 4480 1.
435 4425 477 4481 ef.
492 4425 551 4482 noo
563 4427 602 4482 nr
616 4429 657 4484 12.
765 4431 790 4485 a.
810 4428 851 4486 cr.
866 4432 881 4486 1
894 4430 955 4488 eor.
969 4433 995 4501 e,
1010 4433 1051 4486 ss.
1159 4428 1448 4499 catacoeno
