3142 4850
464 311 587 360 neoris
611 313 690 360 vm
713 313 861 361 orroms
1181 295 1247 361 583

90 471 191 556 Eqidii
204 473 326 536 edocta
341 473 465 555 fumat,
489 473 626 558 eleqaati
641 476 719 538 catii
734 473 806 538 etilo
822 475 1019 558 deteneat.
1051 473 1129 539 Nou
1145 488 1249 559 potcet

89 589 177 671 iqitur
198 587 346 667 dubitari,
375 590 464 672 quia,
489 611 585 674 quam
608 589 810 654 Ebcaiauam
835 589 957 655 Ottcaie
980 593 1077 654 rimm
1099 591 1248 654 Andreae

90 702 241 782 coaculuit,
266 725 303 768 ea
317 707 443 768 neruiue
461 706 562 789 ipeiue
578 706 742 790 accipiatis
757 707 911 790 ineiquita
923 705 1039 789 fuerit,
1062 709 1249 790 praesertim

89 837 151 882 acm
182 821 273 884 etiam
305 820 340 883 iu
374 821 479 884 codice
506 819 624 885 Mtiua
653 821 841 886 Mauacemi
871 822 985 886 23582
1013 821 1248 887 membranaceo

88 953 159 998 eaec.
174 933 260 1000 XIV
277 935 342 1017 fal.
365 936 411 999 5u
424 973 465 982 -
479 936 501 1000 6
508 959 526 1000 υ
560 937 725 1021 deemiptie
758 936 920 1002 umnullie
954 939 1059 1022 aperie
1086 937 1251 1002 Ebouiaai

85 1050 242 1133 paniculis
257 1049 315 1115 lece
331 1050 442 1116 lemma
457 1052 634 1116 antecedat:
659 1051 778 1130 „Nalm
803 1054 932 1136 quaudo
953 1064 981 1117 et
995 1076 1016 1116 a
1032 1052 1145 1137 quibua
1159 1075 1249 1118 moue

86 1166 300 1230 marracltcrum
327 1177 355 1230 et
382 1166 464 1230 aliae
488 1168 589 1232 dictue
615 1189 704 1231 mam
727 1170 831 1232 aaacti
851 1167 1047 1252 chltaltelie
1075 1168 1252 1233 inhabitari

82 1281 182 1363 primo
204 1284 301 1367 cepit,
331 1285 508 1367 emeecripta
532 1282 571 1346 ab
594 1283 704 1348 Ebcuc
724 1285 901 1368 prespitero
923 1297 953 1348 et
973 1284 1125 1350 monacltc
1147 1286 1251 1348 carecti

64 1457 67 1464 ,
86 1393 243 1460 Michaelis
264 1397 412 1462 ibidern“.

168 1511 279 1598 Itaque
302 1514 340 1578 de
360 1511 471 1578 Ottoue
492 1525 618 1598 praeter
639 1515 741 1600 ipeiue
764 1515 886 1578 Ebome
909 1515 1025 1580 librum
1047 1518 1142 1581 etiam
1164 1515 1248 1580 Her·

86 1623 173 1692 bardi
193 1628 355 1714 dialcqum
377 1629 441 1694 eibi
459 1651 540 1714 prae
558 1629 703 1694 manibue
717 1630 836 1714 saitae,
859 1633 895 1695 iu
913 1631 1153 1716 praefationum
1173 1631 1249 1696 illa-

84 1761 150 1806 ram
171 1757 304 1830 utraque
326 1747 515 1810 aeeeuerauit
530 1745 687 1810 Andreae.
723 1747 829 1830 Atque
851 1751 995 1830 quamuie
1018 1749 1249 1832 quadammodo

84 1858 214 1944 mielliqi
226 1859 369 1941 valuerit,
382 1883 446 1924 aeae
457 1863 648 1946 ecc-iptorum
660 1863 827 1926 eomudem
838 1862 979 1926 oracione
989 1866 1084 1946 qucei
1093 1886 1157 1928 aaa
1169 1887 1249 1929 eem-

82 1993 136 2056 per
149 1975 280 2040 ideaeue
302 1977 353 2040 llic
367 1978 435 2042 illic
450 1980 640 2043 euccurrieee
649 1973 667 2057 ¹,
692 1989 796 2042 tamea
815 1977 897 2059 uibil
919 1981 1059 2062 apertiue
1074 1992 1129 2059 eat,
1154 2001 1251 2064 quam

85 2107 199 2154 omnem
213 2091 365 2158 Andreae
387 2105 485 2158 artem
507 2096 542 2156 iu
566 2115 599 2158 eo
623 2097 754 2173 certari,
778 2095 864 2178 quod
885 2095 1013 2179 eiuqula
1027 2095 1149 2160 Ebaaie
1165 2095 1251 2160 Her·

84 2203 231 2292 haedique
254 2211 360 2294 capita
381 2211 600 2294 permiecuerit
622 2210 808 2274 adverbum
823 2211 989 2295 eaecriptra
1024 2209 1067 2274 Id
1088 2214 1172 2276 euim
1188 2211 1250 2295 fa-

83 2320 231 2388 cillimmn
254 2326 476 2389 auimadauuu
499 2337 544 2390 eet
566 2347 603 2390 ea
625 2328 729 2411 c'peim
745 2325 905 2390 Herbardi
925 2325 1065 2412 diccloqa
1089 2329 1148 2412 qui
1169 2339 1250 2392 eoae

82 2438 196 2523 iather
209 2462 313 2527 nuper
327 2438 371 2507 ia
386 2442 483 2507 lucem
504 2454 684 2527 protractue
707 2436 779 2521 θεῖ’,
804 2454 898 2526 atque
920 2444 1013 2507 etiam
1033 2443 1252 2527 pa¹rtimlatim

83 2574 117 2619 ec
138 2577 184 2635 ea,
210 2558 251 2621 de
272 2578 337 2642 qua
359 2557 494 2641 iuferiue
517 2580 621 2642 aqam
647 2569 829 2623 coartata
849 2559 915 2622 cita
938 2558 1117 2623 Ebaaiaaa.
1309 2556 1312 2561 ’

166 2673 345 2738 Andreaua
374 2686 476 2739 autem
502 2673 624 2739 baone
646 2676 711 2739 uita
734 2672 774 2756 Ο,
807 2687 835 2739 et
863 2696 900 2739 ea
928 2674 1055 2758 quidem
1081 2676 1116 2739 iu
1145 2675 1251 2739 ecdem

82 2788 182 2854 codice
206 2786 263 2870 (C)
287 2789 453 2875 diliqenter
468 2804 673 2875 accurateque
696 2803 836 2870 ecarata,
861 2792 904 2854 ad
925 2792 1150 2855 rectitueudum
1163 2790 1251 2856 eto-

80 2904 127 2967 m'e
143 2928 223 2990 opus
239 2907 412 2969 maccimam
427 2908 592 2971 materiam
610 2904 710 2990 affert,
732 2920 902 2991 propterea
924 2906 1010 2991 quad
1032 2917 1060 2971 et
1081 2907 1251 2970 eecuudum

81 3022 264 3107 tertiumque
286 3022 423 3085 eimdem
443 3024 639 3086 narrationis
663 3021 760 3087 librae
774 3025 922 3108 iateqroe,
946 3042 1055 3107 purae,
1079 3023 1251 3087 admittie-

80 3134 168 3200 aibua
186 3135 421 3203 Hecbcrdiaaie
442 3150 588 3203 uaeautee
611 3138 853 3223 comprehendit,
876 3138 983 3223 ibique
1000 3140 1109 3223 primo
1131 3150 1252 3203 taumm

81 3248 158 3317 libra
181 3256 267 3321 iuter
290 3256 397 3338 capita
418 3254 462 3319 16
485 3266 514 3319 et
535 3254 578 3319 17
601 3265 630 3319 et
657 3256 739 3320 iuter
762 3256 870 3340 capita
892 3255 936 3321 17
960 3266 989 3319 et
1010 3254 1054 3319 18
1080 3252 1252 3319 umuullae

81 3366 202 3453 diclcqi
226 3380 334 3454 parter
360 3369 535 3437 inculcatae
556 3382 637 3435 suut.
727 3368 766 3435 Ia
788 3372 885 3435 uitam
907 3366 933 3433 B
956 3391 1028 3433 vero
1056 3368 1095 3433 ab
1119 3369 1251 3434 Audrea

79 3484 268 3568 confectam,
296 3506 396 3569 aeque
419 3496 521 3550 tamen
542 3488 577 3549 iu
600 3488 706 3551 ecdem
728 3486 834 3551 codice
856 3484 920 3565 (B)
946 3487 1027 3570 pari
1052 3487 1252 3551 accuratiore

80 3609 112 3663 ut
127 3603 227 3685 prior
242 3601 442 3685 descriptam,
467 3602 573 3665 ommia
592 3602 695 3685 primi
712 3602 839 3685 quidem
854 3600 930 3665 libri
943 3601 1107 3666 Ebmiaui
1122 3614 1252 3685 praeter

79 3716 311 3800 predationem
333 3718 388 3780 eccl
409 3715 563 3781 nonnulla
580 3728 700 3780 tautum
715 3718 846 3781 recaredi
866 3728 895 3781 et
916 3718 1000 3780 tertii
1022 3716 1173 3780 librorum
1197 3739 1250 3779 ca-

78 3824 165 3914 pita⁸
191 3832 283 3897 illata
312 3845 392 3897 ruat.
437 3828 576 3896 Ceterum
604 3830 719 3897 ibidem
746 3855 844 3897 uuum
874 3832 1019 3917 quodque
1038 3832 1114 3915 fere
1139 3830 1252 3897 borum

79 3950 221 4031 capitum
243 3952 303 4013 icto
326 3949 467 4013 amulae.-
490 3945 598 4013 Ebbo
621 3950 779 4033 uqreatm
801 3943 872 4015 eet⁴.

149 4070 175 4122 1.
196 4066 380 4138 lupicelli:
401 4068 477 4137 „flou
493 4072 586 4123 tamen
605 4067 728 4123 mihimet
750 4082 784 4121 ex
806 4067 918 4137 proprio
936 4066 1036 4121 sudare
1053 4065 1195 4133 coniunxi,
1218 4068 1252 4119 ut

79 4154 160 4211 latius
180 4156 282 4213 diflusa
300 4155 425 4211 modesta
443 4155 577 4211 brevitate
596 4157 698 4211 arctius
712 4156 880 4224 coheraeam,
898 4155 1020 4209 strictius
1032 4154 1141 4223 digesta
1158 4153 1251 4208 mode

79 4250 139 4299 rete
150 4246 309 4314 prolixitate
321 4244 441 4314 dilatem,
461 4245 569 4301 minue
588 4244 799 4314 regulariter
816 4243 951 4313 prolate
967 4243 1009 4298 ad
1024 4242 1251 4298 reatitudinis

79 4330 210 4389 lineam
229 4334 432 4403 corrigem“.
486 4336 512 4390 2.
525 4334 560 4391 V.
572 4331 739 4402 infreme.
752 4330 925 4389 inflarbordi
936 4331 1085 4401 dialogum.
1138 4331 1165 4384 3.
1183 4332 1216 4383 L.
1225 4329 1253 4385 11

79 4422 394 4495 a.14‚15,16‚1t‚18;
412 4424 443 4479 L.
457 4422 496 4478 111
514 4438 537 4477 c.
550 4423 574 4492 1,
587 4424 612 4491 2,
625 4423 650 4492 3,
662 4423 689 4492 4,
702 4424 727 4491 5,
741 4422 766 4491 6,
776 4422 801 4492 7,
813 4422 855 4491 10,
866 4422 908 4491 11,
922 4422 964 4489 19,
977 4419 1020 4475 24.
1091 4418 1118 4473 4.
1137 4418 1180 4474 De
1197 4434 1253 4488 que
