3142 4850
322 289 386 354 lac
686 305 853 356 unacmor
874 305 1002 356 conux.
1037 301 1127 356 ocor

152 479 303 537 lloctlol
319 466 414 532 tacite
435 466 531 532 matri
548 471 682 550 rsonae,
705 464 827 532 scilicet
840 463 1096 549 Babonbergensi
1110 465 1270 551 ecclesiae,
1293 466 1441 534 iudicium
1453 473 1482 534 et
1560 491 1562 536 1

318 581 486 648 iusticiam.
1560 587 1562 658 j

407 697 460 764 Ad
480 701 656 764 extremum
673 695 821 764 obnixius
836 696 948 782 pietati
964 701 1088 764 vestrae
1103 698 1329 784 supplicamus,
1352 704 1389 763 ut
1402 697 1483 764 dom·
1561 681 1562 764 Ῐ

319 832 396 879 num
418 811 548 880 Petram
570 813 661 880 uobis
683 811 896 880 necessarium
920 833 978 898 per
999 833 1055 880 ros
1078 813 1193 882 habere
1217 814 1385 898 possimus.
1426 812 1484 880 De·
1561 817 1562 882 j

319 928 424 996 stituti
445 927 531 994 enim
553 946 661 996 snmus
685 926 872 1012 discipliuae
894 927 1079 996 scolasticae
1100 929 1299 1012 magisterim
1323 933 1356 996 et
1376 929 1411 995 iu
1431 927 1485 996 bec
1560 921 1562 980 ἓ

318 1062 354 1108 re
377 1042 580 1126 benignitatis
596 1051 720 1112 rutrae
740 1043 919 1128 compassio
942 1063 1007 1110 non
1029 1044 1153 1112 modico
1174 1044 1265 1112 nobis
1281 1045 1401 1131 poterit
1421 1063 1484 1111 esse
1560 1117 1562 1136 ἶ

319 1156 478 1242 suffragia.
1441 1171 1444 1176 ’

321 1367 383 1438 97.
407 1369 561 1436 &nemea
586 1371 833 1457 Bomberpoosea
861 1373 994 1438 Petrum
1021 1375 1208 1458 oaopiatoama
1242 1372 1423 1455 Ιιοιιαιιιιιι,
1454 1385 1486 1438 ut
1561 1441 1562 1476 Ξ

407 1486 546 1552 scholam
566 1487 805 1572 catenadam
828 1489 953 1554 medem
976 1489 1153 1574 cuempiat'.
1355 1485 1395 1566 (E
1412 1487 1485 1568 219)

195 1637 219 1677 o.
231 1622 299 1677 1101
407 1617 580 1724 Sociaetico
607 1639 665 1705 per
687 1620 794 1686 omnia
817 1621 885 1686 aire
909 1618 1038 1704 Ptetro),
1063 1619 1287 1686 solidissimam
1314 1619 1486 1686 honestatis

316 1733 453 1802 formam
474 1735 611 1802 nominis
635 1736 732 1802 etiam
754 1734 920 1820 praesagio
944 1735 1145 1821 praeferenti,
1169 1735 1375 1818 Etgilbertm)
1398 1755 1487 1821 prae·
1561 1747 1562 1822 f

316 1850 458 1936 positus,
486 1850 705 1931 Atdalbertus)
736 1851 878 1918 decanus
906 1870 977 1920 cum
1012 1851 1157 1920 omnibns
1193 1851 1405 1918 confratribus
1432 1871 1487 1916 nn·
1560 1835 1562 1924 ζ

318 1967 423 2034 anime
444 1967 604 2034 fraternae
625 1965 768 2032 caritatis
790 1966 1038 2034 contubernium.

405 2080 491 2149 Satis
518 2081 628 2148 mirari
657 2082 840 2166 nequimus,
876 2081 951 2166 quid
986 2083 1186 2168 potissimum
1220 2087 1307 2150 tauto
1336 2083 1488 2168 temporis

315 2197 490 2264 intersticio
524 2202 614 2262 mum
649 2195 740 2265 nobis
772 2203 948 2266 remoretur
984 2198 1164 2266 adventum.
1211 2196 1327 2266 Multas
1361 2197 1488 2282 quidem

315 2331 428 2381 cauam
455 2331 615 2378 morarum
643 2311 811 2397 finximus,
843 2332 904 2398 que
932 2320 965 2382 te
992 2315 1064 2401 plus
1087 2315 1231 2382 minusve
1253 2313 1489 2400 quatuordocim

315 2428 426 2496 diebus
453 2430 607 2496 remorari
641 2433 781 2515 possent.
825 2428 887 2497 Sed
916 2435 948 2496 te
982 2430 1066 2497 nitra
1092 2431 1245 2499 terminos
1278 2431 1489 2517 praescriptos

314 2545 439 2629 longius
462 2551 585 2629 agente,
608 2545 685 2630 quid
706 2546 903 2612 comminisci
925 2547 1094 2632 possimus,
1117 2546 1196 2613 haut
1210 2546 1319 2613 facileb
1335 2546 1489 2627 occurrit3

315 2661 378 2729 nisi
404 2662 502 2744 torte,
531 2662 615 2745 qnod
637 2660 736 2745 absit,
759 2660 812 2727 vel
833 2660 1007 2729 valitudine
1030 2661 1217 2729 distraharis
1241 2661 1306 2745 vel,
1334 2662 1420 2747 quod
1443 2664 1490 2730 in-

315 2778 372 2844 viti
396 2779 573 2865 opinamur,
596 2796 727 2863 prorsus
751 2778 858 2845 uenire
880 2779 1020 2845 rennuis.
1055 2776 1194 2855 Quorum
1217 2776 1350 2843 alterum
1374 2778 1491 2843 activis

313 2893 462 2981 precibus
494 2893 654 2977 relevare,
669 2894 849 2976 studemus,
883 2892 1018 2961 alterum
1054 2913 1112 2979 pro
1146 2892 1305 2961 mmmuni
1340 2892 1491 2977 euticete,

314 3014 467 3095 quantum
488 3009 538 3077 fas
559 3014 618 3093 est,
640 3009 869 3077 dissuademus.

401 3124 574 3191 Enimvero
594 3142 658 3191 non
673 3124 755 3192 clam
778 3129 811 3193 tc
829 3128 892 3193 est:
918 3144 1013 3211 quam
1036 3144 1155 3211 prunus
1180 3124 1321 3191 omnium
1343 3128 1492 3220 nostrum

314 3238 444 3308 affectus
467 3241 501 3305 in
521 3244 563 3323 te,
586 3241 696 3325 paucis
711 3240 882 3307 admodum
898 3242 1050 3326 exeeptis,
1073 3239 1273 3321 exuberavit;
1296 3258 1394 3324 quam
1409 3240 1492 3324 vigi-

312 3356 433 3423 lantem
447 3361 481 3421 et
500 3362 680 3423 accuratam
695 3356 924 3443 sumpserimus
940 3375 1079 3442 operam,
1103 3355 1262 3440 quatinus,
1285 3360 1382 3441 prout
1396 3356 1493 3423 eorde

313 3471 558 3556 numeramus,
587 3472 773 3539 scolasticae
795 3470 1010 3559 praeficereris
1037 3471 1213 3540 cathedrae.
1247 3469 1385 3555 Verum,
1415 3471 1494 3557 quia

312 3607 378 3654 non
407 3591 456 3653 est
483 3587 518 3653 iu
549 3587 676 3654 homine
698 3588 751 3653 via
773 3589 857 3671 eius,
887 3587 1036 3674 pleraque
1063 3606 1168 3655 rerum
1191 3586 1403 3653 humanarum
1426 3590 1494 3661 fer-

313 3702 403 3770 tuitis
417 3702 542 3771 casibus
557 3704 790 3788 disturbantur3
815 3708 857 3786 et
877 3703 993 3771 nostris
1009 3702 1093 3788 quod
1108 3702 1190 3770 votis
1206 3707 1404 3789 exoptamus,
1431 3705 1494 3770 im-

311 3819 457 3905 peditum
479 3824 529 3885 est
551 3819 738 3903 quibusdam
762 3818 986 3885 annitentibus.
1076 3816 1141 3885 Nos
1165 3822 1367 3912 tamencum
1386 3819 1495 3887 nostri

312 3935 441 4001 honoris
470 3939 616 4021 respectu
645 3941 714 4000 tum
741 3934 918 4001 dilectionis
947 3938 1021 3999 tuae
1050 3934 1180 4000 obtentu
1206 3933 1397 3999 sententiam
1426 3954 1495 4001 nou

313 4050 413 4117 solum
430 4026 512 4116 nou·
526 4051 730 4133 mutavimus,
749 4050 971 4116 verumetiam
988 4069 1024 4116 eo
1040 4068 1139 4134 usque
1153 4068 1220 4116 rem
1237 4048 1441 4135 deduximus,
1458 4058 1495 4119 ut

312 4166 441 4232 medem
470 4166 539 4231 sine
567 4164 653 4232 omni
681 4165 892 4247 refragatione
915 4164 1133 4248 magisterium
1156 4184 1227 4230 cum
1251 4160 1402 4233 beneficio
1426 4167 1495 4233 tuis

383 4434 404 4466 a
427 4435 457 4467 ec
473 4421 640 4476 Vane-ot,
657 4422 679 4467 Z
687 4422 875 4482 pam—200.
967 4422 991 4467 b.
1013 4422 1029 4468 ri
1046 4420 1100 4471 aad
1113 4420 1137 4469 V.
1231 4434 1250 4469 r.
1274 4434 1321 4469 non
1335 4420 1429 4471 addidi.
