3142 4850
314 258 380 323 814
567 276 748 325 naamam
769 275 951 324 bremens.
985 276 1051 322 nrm
1068 275 1106 322 m
1132 271 1237 324 rs-so

226 451 294 505 1127
313 433 478 518 gradibus,
506 434 669 502 ecclesiam
693 435 794 502 sancti
818 433 983 502 Adalbcrti
1006 454 1076 500 cnm
1099 434 1260 516 fidelibus,
1285 431 1354 500 zelo
1378 431 1486 498 zelatis

314 569 372 636 pro
396 550 489 615 domo
504 549 565 618 Dei
574 547 593 633 ¹,
617 549 758 616 visitavit
780 570 826 634 ac,
851 551 1005 636 premissa
1026 550 1104 617 inibi
1128 550 1281 616 orationis
1304 547 1486 634 sollempni-

314 670 390 750 tate,
414 664 515 732 altare
537 665 801 732 abhominationis
824 666 919 749 fregit
941 663 1126 732 comminuit
1143 671 1177 731 et
1191 666 1293 733 eiecit
1328 663 1488 748 Factaque

313 781 577 848 reconciliationis
590 781 821 866 emundatione,
832 782 986 848 fracturas
999 781 1126 849 basilice
1137 783 1203 848 suis
1216 781 1372 868 impensis
1384 800 1488 847 emen

314 897 385 964 dari
406 898 491 964 lecit

406 1015 458 1078 lb.
493 1013 635 1098 Cumque
653 1013 760 1099 sepius
776 1012 907 1079 eandem
923 1015 1137 1097 frequentaret
1152 1011 1328 1096 ecclesiam,
1354 1011 1489 1096 quodum

315 1135 457 1215 tompore
486 1149 600 1215 pueros
630 1129 664 1195 in
692 1129 798 1216 platea
826 1129 968 1196 ludentes
995 1129 1125 1195 invenit
1167 1129 1250 1206 Quos
1282 1129 1359 1194 dum
1383 1128 1493 1211 lingua

315 1245 451 1311 barbara
471 1243 650 1330 salutasset,
674 1246 772 1312 veluti
795 1244 985 1312 conlocando
1011 1243 1073 1310 illis
1096 1245 1191 1310 etiam
1215 1245 1318 1312 crucis
1343 1245 1439 1327 signo
1461 1245 1492 1308 in

316 1361 442 1427 nominc
465 1360 596 1427 Domini
617 1381 671 1428 eos
694 1361 864 1430 benedixit
900 1361 942 1426 Et
965 1359 1125 1448 paululum
1151 1361 1325 1446 procedens
1348 1359 1494 1426 animad-

315 1477 426 1543 uertit:
455 1477 539 1561 quod
565 1477 719 1562 universi,
748 1477 867 1544 relictis
896 1477 1016 1543 lusibus
1040 1477 1121 1559 suis,
1151 1475 1272 1542 visendi
1296 1475 1406 1542 dudio
1430 1475 1494 1542 col·

315 1591 400 1676 lecti,
423 1613 443 1658 a
465 1596 553 1677 tergo
577 1598 725 1660 secuntur
748 1593 946 1680 episcopum
977 1592 1139 1658 hominnm
1161 1593 1354 1676 ignotorum,
1385 1597 1425 1658 nt
1448 1598 1495 1658 est

316 1729 385 1774 mos
412 1707 460 1774 illi
483 1709 576 1793 etati,
604 1716 765 1796 aspectum
790 1709 992 1794 habitumque
1016 1708 1185 1775 ammirati.
1221 1708 1375 1776 Substitit
1398 1708 1495 1774 homo

317 1823 378 1890 Dei
399 1829 432 1890 et
454 1824 659 1890 circumfusos
683 1823 797 1892 blande
821 1824 982 1910 alloquens
1005 1823 1192 1908 sciscitatur,
1216 1826 1243 1890 si
1268 1824 1368 1910 aliqui
1390 1845 1435 1891 ex
1451 1825 1494 1892 eis

317 1939 477 2027 baptisma
504 1941 727 2027 percepissent
763 1940 828 2024 llli,
859 1960 927 2008 sese
953 1943 1062 2006 mutuo
1085 1941 1303 2026 respicientes,
1337 1947 1494 2026 ceperunt

316 2056 452 2122 invicem
474 2055 618 2142 prodere,
642 2056 697 2142 qui
718 2057 860 2123 lucrant·
884 2077 923 2123 ex
947 2057 992 2122 eis
1017 2054 1178 2143 baptizati.
1214 2055 1297 2134 Quos
1322 2057 1493 2142 episcopus

317 2191 459 2238 seorsum
482 2191 612 2256 uocans,
642 2173 747 2258 querit
769 2173 809 2239 ab
832 2173 893 2239 eis:
923 2171 951 2237 si
975 2170 1145 2238 voluntatis
1168 2192 1275 2238 eornm
1298 2173 1357 2256 sit,
1383 2178 1493 2239 tenere

316 2287 421 2372 tidem,
445 2307 505 2373 qne
528 2287 569 2353 ad
591 2287 783 2374 baptismum
808 2292 931 2374 spectat
945 2287 995 2353 vel
1013 2307 1085 2354 non.
1121 2287 1185 2354 lllis
1202 2292 1307 2354 autem
1332 2309 1366 2355 se
1383 2295 1493 2355 tenere

317 2403 398 2473 velle
426 2409 606 2472 constanter
634 2402 880 2488 affirmantibus,
910 2403 1092 2490 episcopus:
1124 2404 1165 2471 Si
1191 2404 1294 2489 inquit
1324 2406 1494 2471 111νί1111ιηί

318 2545 382 2587 assa
403 2522 497 2588 sultis
521 2536 549 2587 et
563 2523 662 2605 fidem
684 2544 810 2587 souare
832 2522 991 2607 baptismi,
1015 2525 1091 2587 istos
1113 2544 1177 2586 uon
1200 2522 1377 2607 baptizatos
1398 2536 1430 2589 a
1444 2526 1493 2588 is-

308 2638 420 2721 fidcles
449 2660 568 2724 pucros
604 2640 649 2703 ad
681 2638 791 2702 ludum
820 2650 954 2703 oestrum
982 2639 1144 2704 adraim
1170 2659 1233 2703 raon
1263 2639 1392 2704 dedara
1436 2636 1494 2715 Qui

317 2754 424 2819 statim
447 2753 540 2818 iuxta
561 2751 690 2819 verbum
715 2753 866 2839 episcopi,
890 2751 1009 2819 similes
1032 2772 1107 2819 cnm·
1125 2752 1280 2820 similibus
1295 2755 1495 2837 congregati,

317 2869 407 2955 pncri
431 2868 584 2954 baptizati
606 2888 670 2934 non
693 2868 871 2954 baptizatos
896 2888 964 2935 ase
987 2868 1109 2935 abicere
1130 2875 1162 2934 et
1176 2868 1377 2936 abhominati
1403 2890 1497 2957 cepe

317 2989 402 3068 runt,
425 2983 514 3050 nulla
535 2984 582 3050 eis
604 2983 671 3050 ludi
693 2984 844 3051 societate
862 2984 1137 3052 communicantes.
1174 2984 1282 3069 ltaque
1297 2984 1412 3053 ridere
1428 2986 1498 3073 pul·

318 3100 427 3167 chrum
452 3104 534 3166 erat:
559 3099 715 3185 quomodo
738 3100 782 3183 hi,
806 3099 845 3167 de
868 3100 1062 3185 professione
1084 3100 1248 3167 christiani
1269 3101 1414 3168 nominis
1430 3101 1498 3186 glo

318 3216 453 3300 risntcs,
476 3215 664 3282 familiarius
687 3236 781 3299 ugare
804 3221 836 3282 et
859 3216 981 3283 aridius
1004 3216 1120 3283 intueri
1143 3221 1175 3282 et
1198 3216 1307 3283 audire
1330 3216 1497 3285 doctorem

318 3331 415 3399 etiam
437 3332 520 3398 inter
542 3331 633 3398 ludos
655 3330 764 3412 snos¹³3
788 3331 835 3398 illi
858 3338 974 3417 autem,
999 3331 1090 3417 qnasi
1111 3332 1150 3399 de
1168 3331 1356 3399 infidelitate
1373 3334 1500 3400 confusi

319 3454 352 3514 et
379 3447 539 3531 exterriti,
567 3445 732 3531 slongius
761 3451 856 3514 stare.
897 3447 960 3515 Sed
989 3452 1079 3533 pater
1107 3448 1245 3533 optimus
1273 3455 1307 3515 et
1330 3450 1501 3517 credontes

319 3562 390 3629 miti
412 3582 555 3630 sermone
578 3563 619 3629 ad
640 3562 733 3629 fidem
757 3562 882 3649 plenius
902 3584 960 3650 pro
976 3564 1117 3651 ipsorum
1133 3565 1311 3650 capacitate
1324 3565 1501 3644 instruxit3

319 3698 382 3744 non
404 3678 566 3745 credentes
582 3699 656 3745 vero
680 3678 720 3745 ad
743 3678 934 3747 credendum
954 3684 1020 3747 tam
1036 3679 1090 3746 diu
1114 3680 1352 3764 exhortabatur,
1381 3700 1502 3766 quous-

210 3766 217 3784 *
319 3814 380 3879 qne
402 3814 437 3861 se
459 3793 615 3881 baptizari
637 3800 670 3862 et
691 3793 880 3861 christianos
903 3793 971 3862 lieri
995 3815 1103 3863 omnes
1125 3794 1316 3880 flagitarent

409 3911 462 3975 20.
495 3909 625 3976 Interim
649 3931 723 3977 vero
746 3911 881 3977 maiores
904 3916 981 3978 natu
1005 3917 1036 3978 ct
1059 3910 1267 3997 sapientiores
1291 3911 1434 3997 quique,
1465 3914 1503 3979 dc

319 4026 413 4093 rebus
441 4024 510 4092 istis
539 4024 633 4091 ultius
659 4026 744 4093 inter
765 4046 801 4093 se
823 4022 1019 4111 11111111τί2,
1050 4026 1258 4093 consederant
1279 4032 1327 4110 et,
1361 4047 1504 4095 amane

319 4162 419 4227 usquc
446 4140 487 4208 ad
509 4140 650 4209 medium
671 4142 774 4209 noctis
796 4142 869 4209 huic
891 4140 1110 4209 deliberationi
1132 4147 1300 4225 vacantes,
1329 4142 1370 4208 de
1396 4144 1504 4211 saluts

394 4306 414 4338 a.
436 4290 510 4337 iuerat
526 4292 557 4347 N,
573 4292 662 4338 inerant
678 4292 707 4348 B,
723 4292 809 4339 luerint
824 4292 853 4339 12.
970 4293 993 4339 b.
1016 4293 1050 4340 ss'c
1068 4292 1128 4348 NB,·
1146 4294 1257 4351 oepsrunt
1271 4290 1326 4337 add
1337 4292 1368 4339 R.

393 4386 418 4437 1.
437 4382 642 4455 crassam,
658 4387 699 4441 ro.
861 4388 887 4443 s.
907 4384 949 4443 cr.
962 4386 1074 4444 eoem
1090 4388 1132 4443 ro.
