3142 4850
426 331 592 380 unuumor
614 331 742 379 connx.
778 328 869 382 vute
1169 314 1231 379 157

67 492 169 573 patum
195 489 444 556 reinvadendum
480 495 536 556 aut
562 490 777 558 infestandum
812 510 977 557 assensum
1011 491 1234 556 accomodare·
1268 506 1337 560 1090

67 609 250 689 immai-
284 604 376 672 Alias
398 610 431 672 et
451 607 557 692 ipsum
581 612 613 673 et
635 606 736 693 ipsius
758 605 900 673 fautores
918 606 1235 674 excommunicationi
1251 578 1349 626 ΝΜ*

67 719 219 788 subiacere
253 740 427 787 censemus.
471 719 660 790 Obedientes
696 701 790 788 verob
823 723 942 789 nostris
975 722 1105 788 monitis
1131 723 1236 807 gretia

66 835 164 902 divine
187 837 339 904 cutodiat
374 835 459 904 Data
481 835 608 923 Capuae
632 837 738 905 8Kul.
755 835 950 905 Decembris.

540 971 753 982 m—

68 1045 122 1118 78.
152 1049 298 1116 Urbanus
315 1050 357 1116 II
373 1074 463 1137 popu
487 1051 636 1118 Rioberio
660 1052 898 1138 arcbiepiacopc
916 1050 1093 1118 Senoaenci
1106 1050 1235 1116 leonem

146 1170 328 1254 episcopum
350 1165 569 1233 Certemus
592 1169 813 1234 commender.
1099 1165 1139 1244 (E
1157 1166 1234 1249 175)

145 1297 294 1366 Urbanus
324 1301 491 1387 episcopus
520 1321 630 1368 servus
659 1319 823 1366 servorum
850 1298 911 1366 Dei
933 1297 1105 1380 Rlicberio)
1137 1297 1235 1366 Seno-
1268 1311 1337 1365 1090

64 1415 146 1480 neusi
168 1415 407 1503 archiepiscopo
429 1416 564 1484 salutem
588 1421 620 1482 et
643 1415 848 1502 apostolicam
872 1413 1132 1482 benedictionem.
1251 1383 1349 1432 ⁸⁰*st

144 1530 287 1609 Quantus
311 1551 369 1618 pro
386 1530 537 1600 Gaufrido
562 1532 722 1618 quondam
745 1532 894 1620 episcopo
909 1529 1112 1600 Gamotensis
1134 1530 1234 1597 ecole-

64 1645 107 1711 sia
130 1647 294 1714 molestias
323 1648 524 1730 sustinuerit,
554 1653 691 1732 quantae
720 1647 761 1714 ad
790 1645 996 1734 apostolicam
1025 1646 1131 1714 eedem
1161 1666 1234 1733 per·

63 1759 138 1828 latae
161 1761 310 1848 querelae
331 1763 465 1846 fuerint,
494 1763 673 1831 dilectionis
697 1761 788 1830 tuaed
811 1762 1005 1830 strennuitas
1028 1762 1232 1846 recognoscit

64 1875 215 1962 Tandem,
244 1879 292 1945 rei
318 1879 453 1946 veritate
482 1879 665 1963 diligentius
693 1879 885 1966 perquisita,
913 1878 1068 1961 largiente
1096 1877 1234 1944 Domino

62 1993 199 2060 iustitiae
223 1993 448 2076 satisfecimus3
472 1999 504 2062 et
527 1996 567 2064 ab
590 1996 660 2082 ipso
683 1997 717 2061 in
740 1995 858 2062 nostris
880 1993 1026 2060 manibus
1045 1994 1114 2060 siue
1128 1993 1234 2060 euius·

62 2105 132 2176 bbet
158 2114 271 2177 tencre
299 2110 488 2177 conditionis
511 2111 712 2198 episcopatus
741 2111 897 2178 refutatus
926 2114 984 2176 est.
1076 2109 1164 2176 Tunc
1193 2109 1235 2176 ad

63 2227 141 2290 tuam
163 2226 399 2293 fraternitatem
422 2226 543 2314 scripta
565 2227 755 2311 direximus,
781 2227 829 2293 rei
849 2229 957 2309 gestae
985 2225 1128 2292 ordinem
1151 2224 1235 2291 indi·

64 2347 160 2407 tantm
190 2347 239 2427 et,
270 2348 306 2408 ut
334 2348 424 2410 tuum
447 2341 695 2410 Garnctcnsibus
723 2343 764 2410 ad
788 2339 967 2426 eligendum
993 2345 1025 2407 et
1046 2359 1235 2408 consecran-

64 2455 129 2523 dum
144 2460 323 2527 antistitem
339 2459 494 2527 auxilium
508 2460 733 2544 contribueres,
755 2458 945 2542 flagitantes.
979 2457 1112 2525 Nostra·
1126 2458 1234 2544 itaque

63 2571 125 2639 iulti
146 2574 294 2658 licentia,
318 2575 527 2643 Camotenses
551 2576 762 2643 venerabilem
787 2574 998 2661 presbiterum
1025 2574 1154 2641 Ivcnem
1181 2593 1234 2641 ca·

63 2690 165 2757 uonico
189 2690 303 2758 ordine
326 2692 360 2758 in
383 2692 566 2779 episcopum
590 2692 760 2776 elegerunt.
797 2690 878 2757 Cum
900 2695 1007 2757 autem
1029 2710 1050 2757 a
1071 2695 1104 2757 te
1124 2709 1234 2757 conse·

63 2807 204 2873 cretionis
226 2808 365 2891 gratiam
388 2828 447 2893 pro
469 2807 571 2875 morc‘
595 2807 743 2875 ecclcsiae
765 2806 969 2894 petivissent,
991 2811 1049 2873 tua
1070 2806 1100 2872 ei
1120 2806 1233 2873 frater-

63 2922 138 2989 nitas
158 2944 292 2991 manum
316 2924 479 3010 imponere
494 2923 662 2991 rccuscvit.
752 2922 805 2989 Ad
819 2942 878 2991 nou
898 2922 997 3006 igitur
1011 2921 1090 3007 ipsis
1106 2922 1234 2987 venien·

64 3036 138 3105 tibus
159 3045 193 3107 et
215 3040 462 3106 consecrationis
486 3039 627 3107 eiusdem
648 3038 784 3123 gratiam
807 3038 1059 3125 deposcentibus,
1086 3056 1155 3121 nos,
1179 3037 1232 3121 qui

64 3153 116 3219 viri
136 3155 325 3240 religionem
348 3156 413 3223 iam
436 3156 554 3223 dudum
578 3174 766 3223 noveramus
783 3158 816 3221 et
837 3153 905 3221 eiua
921 3152 1056 3239 eligendi
1071 3152 1232 3221 licentiam
1326 3204 1333 3219 .

64 3266 260 3357 dederamus,
295 3271 445 3359 peticioni
481 3272 583 3339 iustae
617 3270 726 3337 deesse
754 3269 962 3355 nequivimus.
1008 3268 1232 3336 Consecratum

64 3384 167 3467 igitur⁸
190 3408 265 3455 eum
295 3388 383 3455 salva
409 3393 483 3455 tuac
514 3386 663 3455 ecclesiae
690 3384 870 3453 obedientia
896 3385 1109 3469 remittentes,
1138 3383 1234 3450 dilec-

65 3500 149 3569 tionis
170 3508 248 3571 tuae
271 3502 468 3570 dulcedinem
490 3501 703 3589 postulemus:
732 3504 784 3585 ut,
815 3502 918 3569 omnis
940 3501 1006 3567 litis
1026 3499 1137 3567 fomite
1159 3518 1235 3566 con·

67 3618 168 3704 sopito,
191 3618 391 3703 benignitate
413 3638 486 3685 eum
508 3617 615 3687 debite
637 3616 857 3703 complectaris
873 3617 960 3685 etad
975 3616 1125 3684 eccleciae
1140 3614 1234 3680 cuae*

66 3736 194 3817 regimen
230 3735 260 3801 ei
290 3734 444 3801 auxilium
473 3740 563 3803 tuum
594 3732 750 3817 largiaris.
842 3731 941 3799 Porro
969 3730 1172 3814 Gauiridum,
1207 3730 1234 3795 si

67 3848 265 3938 epiecopium¹
285 3850 436 3917 invadere
458 3856 513 3917 aut
534 3848 699 3917 ecclesiam
722 3848 873 3915 infestare
892 3848 1104 3935 temptaverit,
1127 3848 1234 3933 ipsum

66 3962 217 4053 ipsiusque
239 3968 381 4035 lautores
405 3965 599 4033 anathemati
622 3964 784 4033 subiacere
808 3964 1015 4032 decrevimus.
1050 3960 1154 4030 Dctak
1174 3960 1234 4027 Ga·

10 4070 11 4075 ἵ
67 4084 169 4163 pusev
188 4082 259 4149 Kal.
272 4082 469 4149 Decembris.

126 4210 146 4243 a
168 4196 344 4245 acomodarcV.
421 4196 445 4243 b.
468 4196 567 4244 rosVZ.
646 4210 666 4244 e.
690 4196 906 4251 &VM-820,
927 4193 948 4241 Z
958 4209 983 4255 p.
993 4192 1122 4241 rvr-172.
1151 4188 1235 4237 Edidit

68 4272 183 4324 smmis·
199 4277 279 4325 luente
298 4274 357 4338 Opp.
373 4276 469 4323 2111.
556 4276 579 4323 d.
601 4276 749 4323 vumucVZ.
832 4291 853 4323 e
876 4272 976 4321 ufivz.
1058 4272 1075 4319 i.
1099 4270 1234 4319 amurcVZ

70 4362 154 4414 bugu
169 4358 265 4405 Frento.
360 4355 384 4403 h.
407 4370 462 4405 auec
478 4370 521 4403 oua
536 4356 580 4404 Vl.
677 4356 694 4403 i.
718 4356 876 4416 episcopatum
890 4354 986 4401 Μ.
1085 4351 1110 4399 k.
1133 4350 1233 4398 liuta-

70 4428 175 4483 necubi.
184 4451 229 4483 cau
240 4436 282 4485 Vl.
