3142 4850
495 331 661 380 unnnnror
683 331 811 380 coum.
846 330 883 382 ss
1232 315 1277 380 83

96 487 337 574 dispensatoris,
362 489 426 572 qui,
450 508 522 556 eum
545 488 647 556 fidelis
671 495 703 557 et
724 489 864 576 prudens
882 489 1044 557 distribuit
1065 491 1206 558 familiae
1221 491 1276 558 do·
1320 505 1392 560 1072

96 601 177 668 mini
206 603 255 669 sui
282 601 382 691 tritipi
409 601 609 670 mensurum¹
638 610 670 672 et
698 605 810 672 erediti
837 604 951 672 talenti
977 604 1101 672 ielieem
1127 615 1276 672 usuram·
1292 575 1342 624 ⁰⁰³
1356 577 1413 626 Μ’·

96 723 256 804 reportet,
285 719 320 784 in
342 718 466 785 modioo
488 717 590 786 fidelis
613 719 730 808 supra*
753 718 855 786 multa
877 721 1079 788 constituitur
1100 727 1147 806 et,
1175 721 1276 788 beati·

96 831 192 900 finum
215 835 362 901 audiens:
385 836 487 921 Eupo,
510 835 661 919 goudium
684 836 806 904 domini
828 837 879 902 sui
899 837 1021 904 intrare
1042 833 1210 902 iubetur'i

187 949 351 1036 Numquid
371 949 484 1016 Petrus
507 956 541 1017 et
554 950 671 1017 Paulus
695 958 728 1018 et
742 952 840 1018 ueteri
854 951 1000 1038 apostoli,
1024 971 1157 1037 quorum
1173 950 1276 1019 offioio

96 1065 249 1151 iungeris,
272 1068 336 1134 ite·
359 1087 483 1134 omrem
496 1085 589 1134 suam
603 1066 779 1134 baiolentes
794 1067 1008 1153 sequebantur
1023 1066 1205 1152 Dominum,
1229 1074 1275 1151 ut,

96 1181 238 1247 seeulum
272 1181 503 1267 relinquentes,
536 1181 752 1267 relinquerent
784 1183 900 1251 etiuml
933 1202 1043 1249 eurem
1077 1183 1275 1250 animarum?

96 1296 211 1364 Nonne
239 1297 352 1366 Petrus
388 1305 435 1366 et·
467 1319 526 1386 pro
560 1297 720 1366 luerandis
752 1299 917 1366 animabus
951 1298 1097 1384 exemplo
1130 1299 1276 1384 megistri

96 1430 224 1478 mnoem
246 1413 344 1482 subiit
365 1421 399 1483 et
412 1414 529 1481 Paulus
550 1413 657 1498 gladio
680 1413 835 1482 oerrioem
857 1413 1020 1502 praebuit¹
1024 1413 1039 1479 i
1072 1414 1186 1480 Nonne
1204 1415 1276 1501 ipse

95 1525 254 1612 Gloriatur,
277 1530 345 1596 vite
366 1535 400 1598 et
420 1531 506 1598 salue
520 1535 641 1614 nostra,
656 1535 822 1597 coeternus
845 1534 879 1597 et
893 1529 1132 1616 eoomnipotens
1153 1530 1188 1596 in
1203 1531 1276 1598 sinu

96 1647 200 1728 petris
229 1646 296 1729 aui,
326 1647 458 1713 oerimte
486 1644 630 1712 salvandi
652 1645 790 1712 bominis
817 1646 913 1712 homo
934 1645 1080 1712 membr
1100 1645 1204 1714 neue
1226 1650 1276 1712 est

96 1757 129 1822 in
151 1759 226 1824 sinu
249 1761 382 1845 virginis
406 1761 535 1828 matris?

185 1874 299 1942 Omnis
328 1876 421 1960 ordo,
451 1878 553 1943 omnis
582 1875 735 1961 dignitas,
770 1876 874 1942 omnis
901 1875 1056 1963 professio
1084 1873 1276 1962 spostolieee

94 1989 244 2057 subditur
267 1991 423 2075 dignitati.
457 1991 524 2058 Neo
547 1993 716 2078 quiequam
739 1997 805 2060 eet⁸
827 1993 861 2058 in
878 1991 997 2060 mundo
1019 1991 1210 2059 eminentius
1224 1990 1275 2058 uel

94 2105 232 2172 ridnins
246 2106 316 2172 Deo
339 2107 406 2173 vita
428 2107 616 2195 episeopuli3
641 2109 692 2175 oui
714 2107 800 2174 cedit
813 2112 851 2174 ut
863 2107 969 2176 minor
983 2109 1087 2175 omnis
1100 2108 1275 2175 monachus

93 2221 145 2288 vel
167 2222 342 2305 reclusuri,
366 2224 467 2290 omnis
490 2221 636 2290 cenobite
656 2223 707 2291 rel
730 2222 894 2289 heremite

184 2336 289 2422 Ergo,
318 2343 409 2427 pater
432 2339 645 2424 senoussime,
670 2357 797 2405 oramus
819 2342 852 2404 te
873 2357 933 2425 per
954 2337 1059 2404 Deum
1081 2357 1201 2426 perque
1224 2359 1275 2406 sa·

92 2453 195 2521 intem
219 2456 344 2521 animae
366 2462 455 2522 tuae:
485 2462 668 2539 uteorum,
698 2474 778 2540 quae
801 2454 956 2537 diximus,
985 2454 1075 2521 velis·
1097 2456 1273 2538 reeorduri3

93 2574 127 2637 et
151 2570 326 2654 vigilanter
354 2574 429 2637 ante
457 2570 564 2638 oeulos
593 2570 709 2639 habeas
736 2569 877 2637 niueum
899 2569 1034 2652 Christi3
1062 2590 1123 2637 neo
1147 2570 1274 2638 deseras

93 2704 153 2753 nus
181 2706 258 2753 oves
286 2685 371 2770 eins,
400 2706 479 2773 ques
508 2686 675 2773 sussepisti
703 2686 855 2770 tuendas,
881 2690 920 2751 ut
948 2686 989 2753 ab
1011 2706 1048 2753 eo
1071 2706 1136 2753 non
1159 2706 1274 2772 penam

90 2802 309 2887 negligentiae
323 2802 380 2869 sed
393 2802 570 2871 mercedem
583 2800 779 2869 obedientius
795 2802 942 2889 aoeipius.
969 2800 1100 2868 Festino
1110 2802 1151 2868 sd
1166 2802 1274 2869 sedem

93 2924 183 2984 tuem
207 2919 394 3005 quentooius
417 2919 521 2985 redire
544 2923 576 2985 et
598 2938 662 3003 eos,
687 2918 790 3005 quiin
811 2917 900 2985 luctu
922 2923 1094 2985 etmerore
1108 2922 1194 3000 sunt,
1215 2936 1274 3003 pa·

91 3037 185 3100 terno
209 3033 324 3101 affeetu
346 3034 518 3101 eousolare.

184 3149 251 3216 lam
276 3152 361 3216 enim
384 3169 436 3217 res
458 3148 612 3236 episcopii
635 3148 683 3215 tui
705 3148 765 3215 beo
787 3148 862 3217 illue
884 3149 1095 3235 diripiuntur;
1118 3154 1152 3215 et
1173 3148 1275 3217 multa

92 3264 158 3331 alia
181 3266 222 3331 ab
245 3264 433 3333 offieialibus
455 3266 540 3349 regie
562 3264 770 3345 invaduntur3
794 3284 853 3351 per
871 3264 1027 3351 plurimas
1041 3266 1187 3349 regiones
1200 3270 1274 3331 tuas

90 3382 196 3447 multa
222 3380 278 3448 titl
306 3382 519 3467 perturbetio;
555 3380 594 3447 de
627 3380 791 3448 invasione
820 3380 904 3447 sedis
932 3386 1006 3447 tuae
1039 3383 1124 3447 inter
1155 3380 1273 3447 multos

90 3496 265 3563 eontentio.
304 3496 385 3580 Heu,
413 3502 521 3583 pater,
549 3502 639 3562 tuum
667 3516 766 3563 unum
793 3500 890 3584 eaput
918 3496 1025 3563 omniu
1052 3496 1192 3581 sedebit,
1214 3495 1273 3562 bae

92 3631 204 3678 omnes
219 3610 474 3698 perturbationes
486 3618 520 3679 et
529 3612 745 3678 eontentiones
757 3612 826 3678 sole
840 3612 1021 3700 praesentia
1033 3618 1091 3678 tus
1104 3613 1138 3678 in
1150 3610 1274 3699 peeem¹

90 3728 290 3795 reformabit
329 3728 490 3815 Denique,
520 3728 548 3794 si
576 3727 726 3795 eoelesiae
755 3729 836 3794 seito
863 3732 897 3795 et
924 3748 1080 3794 canonum
1108 3729 1180 3793 iura
1199 3748 1274 3814 per·

91 3845 281 3913 mitterem·
315 3849 348 3911 te
378 3844 485 3913 sedem
513 3849 602 3910 tuam
630 3843 810 3928 relinquere
839 3850 872 3910 et
904 3842 1034 3911 ulterius
1066 3842 1274 3930 professionis

91 3961 194 4027 ritem
220 3961 403 4045 instituere,
434 3965 470 4027 tu
499 3964 607 4027 tamen
635 3958 732 4026 niohil
760 3977 911 4044 umquam
934 3958 1002 4027 Deo
1026 3978 1135 4046 posses
1157 3956 1273 4025 melius

163 4170 186 4201 a.
212 4157 311 4203 irnetum
334 4155 361 4201 d.
446 4156 468 4201 b.
493 4169 562 4215 super
582 4155 609 4201 d.
696 4169 715 4200 e.
740 4158 762 4201 et
778 4156 811 4201 ita
831 4154 858 4201 G.
945 4154 967 4201 d.
991 4158 1015 4201 et
1035 4154 1061 4200 G.
1145 4167 1165 4199 e.
1189 4167 1231 4199 ona
1245 4152 1272 4201 G.

92 4234 220 4300 squaluit
234 4236 263 4281 G.
326 4248 348 4293 g.
369 4250 412 4281 orn.
422 4234 449 4281 G.
512 4234 535 4280 b.
555 4236 591 4281 eui
608 4234 668 4281 eedit
684 4235 757 4281 omnis
775 4235 899 4281 monachus
915 4235 941 4280 ut
956 4235 1029 4281 minor
1039 4233 1076 4279 rel
1091 4232 1194 4279 reclusus
1205 4232 1273 4279 VZB.

92 4313 108 4360 i.
132 4328 225 4375 semper
241 4314 278 4361 vel
299 4312 326 4360 d.
405 4313 427 4360 k
453 4314 484 4361 sit
504 4312 530 4360 G.
609 4314 624 4361 l.
648 4326 703 4375 pete
720 4312 749 4359 B.
830 4328 859 4361 m.
883 4313 1032 4373 pertimerent
1052 4312 1078 4358 0.

166 4438 191 4491 1.
209 4437 277 4491 oue.
292 4436 334 4505 12,
353 4436 397 4491 sn.
505 4435 532 4494 s.
551 4433 646 4490 neon.
659 4434 703 4507 so,
722 4436 766 4491 21.

1017 4530 1060 4585 ὅθ
