3142 4850
342 355 522 405 naasonnr
544 356 727 405 ursaceus.
763 359 858 406 unm
881 356 939 408 27-
952 357 987 407 eo
1187 343 1252 409 725

83 517 168 583 illum
198 515 389 583 humilitatis
412 536 508 583 causa
530 536 639 584 ocreas
663 517 713 583 rel
741 517 918 585 subtalares
947 519 1083 585 dissutus
1113 519 1252 605 plerum·

84 633 204 720 quoad
226 638 380 699 sartorem
405 634 539 700 misisse.
575 633 844 700 Murmurantibus
869 639 973 701 aulem
997 634 1035 702 de
1059 636 1117 701 hoo
1140 635 1252 720 aliqui-

84 750 153 817 bus:
190 750 294 819 Sinite
316 748 420 834 inquit
443 751 586 835 fratres,
615 754 724 827 circiter
746 774 797 815 res
820 754 975 839 episcopii
996 754 1158 818 elmoeiae
1180 766 1252 818 aaut

77 866 234 950 fideliam
257 869 348 931 eoam
370 867 478 932 usibus
502 890 554 933 eae
575 870 748 953 proflipme
770 890 834 933 noa
858 870 1010 934 debemus.

169 982 222 1047 28.
257 980 326 1047 Hec
348 981 382 1045 in
405 983 521 1048 uestitu
544 984 572 1048 ei
594 982 760 1066 frugalitas
783 982 858 1063 fuit3
884 987 917 1049 al
938 985 971 1049 in
988 984 1073 1049 victu
1097 982 1252 1067 quomodo

83 1117 115 1163 se
136 1097 352 1181 restrinxerit,
380 1098 433 1163 rix
464 1099 520 1164 ulli
543 1098 692 1164 credibile
715 1097 881 1164 uidebitur.
924 1098 1005 1164 Nam
1030 1098 1148 1164 dixisse
1171 1098 1253 1165 huuc

83 1218 239 1298 procerte
255 1212 444 1299 accepimns,
467 1234 627 1298 nunquam
649 1235 683 1280 se
699 1214 739 1279 ad
755 1215 936 1280 sacietatem
954 1234 1067 1301 panem
1083 1214 1115 1281 in
1133 1214 1252 1301 episco-

83 1334 157 1414 patu
179 1328 364 1395 comedisse.
400 1329 533 1416 Semper
554 1332 639 1397 enim
663 1329 787 1395 sobrius
810 1350 846 1395 ac
871 1350 949 1417 pene
969 1330 1093 1397 ieiunus
1115 1331 1153 1396 ds
1175 1350 1252 1396 cena

83 1444 130 1511 vel
145 1444 280 1531 prandio
296 1446 449 1528 surrexit3
472 1448 619 1533 apposita
633 1449 739 1513 omnia
754 1446 887 1513 infirmis
904 1447 1094 1534 pauperibus
1111 1466 1147 1513 ac
1163 1466 1251 1513 men·

82 1559 159 1627 dicis
182 1561 365 1647 inpertiens.
454 1561 594 1640 Quodam
619 1564 729 1630 ieiunii
753 1568 895 1650 tempore
918 1563 1018 1629 multa
1042 1563 1172 1649 piscium
1197 1582 1253 1647 pe·

81 1678 173 1743 nuria
194 1677 264 1743 luit.
300 1676 362 1743 Sed
379 1677 505 1761 quidam
522 1687 706 1765 procurator
722 1680 789 1745 eius
805 1678 920 1745 lucium
938 1699 1035 1765 parve
1056 1678 1252 1763 quantitatis,

81 1799 221 1880 emptum
238 1792 358 1859 duobus
374 1794 493 1879 solidis,
512 1795 680 1881 prandenti
697 1796 820 1880 adtulit,
837 1796 916 1863 bene
933 1802 1095 1881 paratum3
1112 1795 1253 1861 modeste

82 1909 258 1994 obsecrans,
282 1914 319 1975 ut
340 1930 374 1976 se
400 1910 526 1977 uberius
548 1910 691 1977 reficeret
706 1912 755 1978 vel
778 1912 858 1995 cibo,
885 1912 1023 1997 quitum
1041 1931 1155 1995 magno
1178 1931 1253 1976 con·

81 2025 193 2093 stabat
241 2024 298 2091 Cui
315 2025 498 2113 episeopus:
517 2028 663 2110 Quanto?
677 2028 790 2112 inquit.
837 2027 1040 2093 Procurator:
1058 2028 1191 2094 Duobus
1208 2028 1254 2093 eit

81 2144 200 2209 cultilis.
235 2141 279 2207 Et
300 2143 482 2230 episeopus:
506 2144 610 2225 Absit,
634 2158 669 2210 at
683 2148 778 2210 miser
796 2146 867 2211 Otto
889 2146 973 2211 aolus
989 2144 1081 2209 laodic
1096 2156 1140 2209 tot
1155 2146 1251 2209 dena·

80 2264 145 2325 n'os
167 2260 321 2325 absumat.
356 2256 543 2343 Levansque
566 2259 702 2326 discum:
727 2261 828 2346 Defer
851 2261 897 2327 ait
919 2263 1001 2327 bane
1012 2264 1192 2348 preciosum
1208 2264 1252 2325 ci-

80 2380 151 2444 bum
167 2374 291 2443 cleon
314 2397 393 2457 neco,
418 2380 475 2463 qui
495 2378 592 2443 misdi
612 2400 659 2444 me
674 2380 744 2465 ipso
758 2381 934 2466 preciosior·
949 2400 1013 2443 esee
1028 2378 1131 2454 debet·
1154 2377 1252 2462 dses'er,

80 2498 228 2581 inquam,
253 2498 299 2574 ei,
323 2493 426 2558 secti
447 2507 570 2579 spretus
592 2497 627 2558 ia
651 2495 726 2560 lecto
748 2498 830 2560 iacet
852 2495 901 2559 cel
920 2495 1127 2582 paralyticus.
1166 2494 1253 2558 Nam

81 2632 135 2697 epo
156 2611 305 2676 retectas
327 2611 385 2674 boc
401 2633 450 2674 me
463 2633 548 2696 pane
563 2611 710 2692 reficiam.
804 2607 856 2674 Sic
879 2608 932 2673 ills
956 2608 987 2673 ln
1012 2606 1173 2693 opulentia
1196 2627 1254 2673 sua

79 2724 202 2792 deliciis
224 2723 381 2791 affluebat.

168 2843 223 2907 29.
259 2840 407 2907 Pretcrea
428 2841 460 2906 in
477 2841 702 2907 consuetudine
717 2839 836 2924 habuit,
861 2860 879 2906 a
895 2839 1040 2906 manibus
1056 2838 1251 2906 sacerdotum

78 2958 111 3024 in
134 2957 278 3024 conclavi
301 2957 481 3042 corporales
505 2956 647 3042 accipere
671 2956 869 3044 disciplinas,
897 2977 972 3022 sane
996 2955 1073 3022 adeo
1097 2975 1194 3040 acres,
1220 2961 1254 3020 ut

79 3094 173 3141 cruor
195 3072 365 3158 aliquando
388 3073 490 3139 latera
512 3073 579 3138 eius
602 3073 747 3155 tingeret
782 3073 855 3161 lpse
871 3093 995 3158 quoque
1014 3077 1103 3159 pater
1119 3071 1254 3154 celestis,

79 3191 133 3276 qui
148 3191 210 3257 ait:
234 3191 316 3277 Epo,
339 3213 418 3277 quoa
434 3212 516 3270 omo,
540 3211 640 3276 arpeo
664 3203 691 3256 et
708 3193 826 3277 caadpo
836 3185 854 3271 ¹,
879 3210 935 3255 suo
951 3187 1108 3255 interdum
1125 3187 1254 3254 verbere

79 3307 118 3373 ud
140 3307 352 3374 eruditionem
377 3325 446 3371 eum
470 3305 629 3388 tangebat
1366 3369 1379 3390 .

168 3427 225 3488 30.
253 3421 398 3489 Referam
414 3441 511 3487 unum
528 3420 567 3486 de
582 3420 715 3504 flagellis
730 3421 808 3503 eius,
825 3440 1014 3506 causamque
1030 3419 1096 3486 sive
1112 3420 1254 3486 ordinem
1271 3437 1422 3494 illa-1123

77 3539 273 3622 monstrabo,
297 3537 413 3624 quidve
435 3537 509 3604 inde
529 3537 602 3603 boui
619 3538 809 3624 provenerit.
844 3536 927 3602 Dum
944 3537 1024 3603 sorte
1047 3537 1080 3601 in
1097 3536 1176 3620 vico,
1201 3536 1254 3620 qui

78 3657 196 3724 dicitnr
210 3638 448 3736 Bisolreubacb’,
472 3652 648 3719 divinarum
666 3674 769 3718 rerum
788 3653 955 3736 studiosus,
979 3652 1131 3719 cartulam
1147 3658 1254 3738 patro·

78 3774 235 3840 ciuiorum
265 3770 395 3854 legisset
421 3776 454 3836 et
481 3770 514 3835 in
546 3790 601 3835 ara
630 3769 790 3835 ecclesiole
824 3769 941 3834 multas
975 3773 1007 3834 et
1040 3769 1253 3854 permaximas

78 3894 262 3956 sanctorum
286 3886 436 3971 reliquias
459 3885 638 3952 reconditas
660 3891 854 3968 agnosceret,
879 3885 917 3952 ad
939 3883 1094 3950 nobiliora
1108 3883 1177 3950 loca
1200 3903 1253 3950 eas
1310 3911 1313 3918 ·

78 4005 254 4072 transferre
277 4002 445 4087 cogitabat,
468 4002 522 4068 ubi
547 4001 693 4088 ampliori
717 4002 833 4066 bonore
849 4001 955 4066 divine
970 4001 1131 4066 servitutis
1148 4000 1254 4066 areli·

78 4123 176 4206 glosis
201 4120 390 4187 colerentur.
426 4119 535 4203 ltaque
558 4119 729 4204 assumptis
753 4117 890 4201 clericis,
917 4117 1033 4183 ieiunio
1058 4121 1089 4182 et
1111 4117 1254 4184 oratione

79 4239 250 4325 premissa,
273 4237 328 4323 pia
349 4242 387 4302 ut
408 4236 526 4303 dictum
550 4239 600 4301 est
613 4235 786 4301 intentione
809 4232 946 4318 sigillum
964 4233 1072 4299 altaris
1088 4231 1166 4298 solvi
1183 4253 1254 4319 pre-

82 4356 176 4442 cepit.
214 4353 277 4419 Sed
301 4353 510 4420 besitautibus
532 4353 654 4418 cunctis
676 4371 713 4417 ae
726 4349 969 4437 trepidantibus,
991 4351 1060 4435 ipse
1081 4349 1255 4416 ferramen-

152 4488 177 4541 1.
197 4484 327 4556 Apuad,
342 4485 384 4541 19.
491 4485 517 4539 2.
536 4481 718 4539 Pflcbeubscb
736 4498 754 4537 a
770 4479 928 4552 Bamberga
944 4480 980 4536 ad
998 4481 1138 4538 orientem.
