3142 4850
388 311 576 361 rrrsnonsn
598 312 878 364 summussos.
914 311 933 362 2
1179 295 1243 363 477

86 469 160 555 quod
181 490 262 539 unus
283 470 389 537 minus
418 475 543 560 posset,
571 492 592 539 a
613 472 734 541 duobus
758 476 814 539 aut
836 470 937 539 tribus
959 469 1148 539 cumulatius
1171 492 1246 557 sup·
1300 487 1369 543 1007

85 585 223 671 pleretur.
261 585 326 653 Sed
346 586 411 653 iam
428 606 569 653 errorum
585 587 680 673 plenu
694 592 768 655 sunt
782 586 899 655 omnia.
935 586 985 679 llli
1000 590 1100 653 totam
1116 607 1245 673 operam
1260 560 1405 620 ΜΝ

85 720 165 767 mam
191 722 250 789 pro
273 702 438 769 animabus
464 703 624 770 lucrandis
649 703 866 784 insumebant3
895 723 968 787 nos,
999 700 1154 787 quomodo
1177 722 1246 770 cor·

84 836 156 902 pora
180 818 357 902 foveamus,
387 819 556 905 praecipue
583 819 767 903 summanus.
808 818 859 885 Illi
887 838 945 905 pre
969 817 1070 902 caelo,
1102 839 1159 885 nos
1188 837 1245 906 pro

83 937 162 999 terra
182 933 405 1021 disceptamus.
440 934 511 1002 Nou
533 941 617 1004 esset
637 940 745 1001 tamen
767 952 906 1001 neccsse.
941 934 1040 1001 Terra
1059 933 1149 999 nobis
1168 934 1246 1001 estis

83 1048 152 1129 erit3
174 1048 214 1115 de
236 1049 323 1117 caelo
345 1050 519 1133 videamus,
543 1050 571 1115 si
594 1049 737 1117 uelimus.

163 1164 200 1231 In
227 1165 277 1231 his
304 1166 451 1233 omnibus
482 1164 657 1252 temporale
682 1165 822 1249 lucrum,
857 1164 941 1249 quod
973 1162 1115 1233 homines
1144 1165 1246 1249 magis

82 1282 203 1346 tuentur
226 1285 259 1347 ot
279 1281 391 1367 inquo
413 1282 518 1349 lamae
539 1287 613 1348 tuae
634 1280 758 1347 detrahi
779 1279 945 1365 formidas,
967 1299 1030 1347 non
1053 1280 1247 1347 imminuetur

81 1394 144 1460 tibi.
177 1394 278 1461 blulto
300 1397 384 1463 onim
407 1398 542 1485 potiora,
567 1402 602 1463 ut
624 1397 729 1481 audio,
752 1400 849 1481 atque
871 1395 999 1461 utiliora
1014 1396 1078 1461 iam
1098 1395 1246 1463 reddidit.

81 1508 180 1595 Atque
211 1510 306 1577 etiam
334 1512 481 1579 redderet
501 1517 535 1579 at
556 1513 660 1580 mbae
687 1512 822 1579 forsitan
844 1509 969 1595 reddet,
1004 1511 1032 1575 si
1060 1515 1183 1577 tantum
1213 1511 1247 1576 in

81 1624 268 1693 audentiam
291 1628 397 1695 uenies
420 1634 468 1713 ot,
499 1627 671 1696 secundum
695 1625 779 1713 quod
801 1626 848 1693 tui
870 1632 1030 1693 consortes
1055 1626 1112 1693 tibi
1135 1617 1247 1693 cobsu·

80 1738 151 1824 lent
174 1761 259 1825 ages.

163 1855 273 1925 Liceat
294 1857 373 1925 mibi
403 1878 481 1943 paco
508 1864 565 1926 tua
586 1859 662 1943 boc,
691 1858 775 1945 quod
803 1878 898 1943 super
922 1857 1031 1923 eadem
1059 1878 1095 1923 ra
1124 1876 1247 1928 mecum

78 1972 144 2057 ipse
156 1974 386 2041 sermocinatus
401 1994 446 2058 es,
469 1974 528 2041 tibi
542 1974 576 2039 in
592 1994 701 2041 aurem
717 1992 890 2041 susurrare.
925 1972 1037 2039 Nonus
1057 1973 1243 2057 recordaris,

80 2087 167 2173 quod,
189 2088 226 2155 in
248 2088 355 2175 priore
377 2108 460 2155 anno
483 2089 525 2155 ad
547 2088 1335 2173 eundemlocumlllabenbergensom)nobis1006

80 2204 301 2289 equitantibus,
323 2224 375 2271 me
398 2204 550 2272 mvocato
574 2205 615 2270 ad
636 2210 679 2289 te,
701 2204 916 2273 huiuscemodi
940 2224 1128 2289 sermonem,
1156 2207 1246 2290 quasi

79 2311 260 2403 praoicires,
282 2319 399 2387 habero
421 2320 548 2406 cepisti:
576 2320 605 2387 si
626 2340 685 2387 rer
707 2319 752 2387 ibi
773 2319 877 2390 facere
900 2318 996 2387 uellet
1018 2320 1246 2407 episcopatum,

77 2434 165 2502 uode
187 2436 278 2502 illum
297 2435 446 2504 ecclcsiae
460 2441 544 2520 tuae,
568 2436 653 2524 quod
668 2436 726 2503 tibi
741 2436 850 2503 utilius
866 2441 959 2520 esset,
985 2455 1077 2522 posse
1091 2435 1245 2522 tribuere3

78 2555 108 2617 te
128 2572 263 2638 parvum
285 2552 360 2619 indo
374 2553 510 2620 fructum
527 2552 659 2634 habcro;
682 2557 782 2619 totam
797 2551 885 2621 illam
902 2557 1021 2618 terram
1036 2571 1116 2638 pene
1132 2552 1246 2620 silvam

78 2685 159 2749 essm
189 2667 320 2736 Sclavos
342 2668 387 2735 ibi
414 2667 573 2749 habituum
602 2673 635 2734 te
661 2667 697 2734 in
723 2667 779 2734 illu
805 2667 979 2752 longinqua
1006 2667 1055 2734 rel
1084 2687 1245 2754 nunquam

79 2781 125 2848 rol
145 2804 219 2852 raro
244 2784 387 2850 vonisse..
415 2783 543 2866 Nonne,
568 2783 646 2850 haec
668 2784 702 2849 in
724 2781 807 2850 huno
829 2782 957 2850 modum
980 2783 1065 2850 diota
1088 2801 1173 2868 esso,
1197 2805 1247 2850 re-

79 2897 171 2966 colis?
210 2899 277 2968 Gur
298 2899 392 2966 modo
417 2899 544 2965 difficile
567 2899 701 2983 videtur,
729 2897 812 2984 quod
840 2903 915 2964 tunc
938 2897 1030 2966 facile
1053 2898 1153 2966 visum
1179 2899 1247 2966 ost?
1302 2904 1372 2960 1007

162 3013 247 3084 Ecce
269 3015 344 3100 iam,
368 3020 404 3081 ut
418 3014 552 3099 confido,
575 3033 763 3100 cognoscere
784 3019 884 3100 potes,
908 3033 959 3080 me
975 3013 1032 3080 tibi
1051 3013 1169 3082 iniusto
1184 3035 1246 3083 nou
1262 2980 1316 3037 pm
1328 2977 1407 3025 ΝΜ

80 3147 245 3214 suggerere
266 3150 326 3197 neo
347 3131 482 3197 hortari:
512 3130 641 3217 utplus
664 3149 769 3213 regem
793 3131 906 3196 timeas
930 3149 1023 3215 quam
1047 3129 1165 3212 Deum3
1192 3131 1248 3196 sed

79 3249 113 3312 aa
132 3245 222 3313 illum
252 3252 383 3334 propter
406 3246 489 3313 bunc
515 3251 547 3314 ct
574 3245 688 3330 diligas
711 3251 743 3311 et
769 3246 934 3330 formides,
965 3245 1157 3332 honestaque
1184 3265 1248 3312 non

81 3363 284 3448 praecipienti
306 3362 361 3429 sed
383 3361 576 3449 supplicanti
598 3381 636 3428 ac
658 3360 832 3430 retribuere
852 3360 968 3429 volenti
992 3361 1153 3428 concedas.
1188 3360 1249 3430 Lc-

81 3475 207 3563 siusque
229 3479 291 3545 tibi
312 3479 383 3560 erit,
406 3479 525 3566 partito
540 3479 574 3543 in
590 3477 686 3545 ulium
705 3497 815 3568 onere;
838 3476 961 3544 lucilius
978 3496 1101 3562 quoque
1116 3477 1155 3544 de
1170 3497 1248 3564 pau·

81 3589 212 3659 oloribus
237 3593 402 3673 animabus
423 3594 630 3680 procurandis
652 3593 806 3660 rationem
830 3593 898 3660 Deo
921 3591 1051 3660 reddere
1074 3594 1203 3680 potoris.

165 3708 284 3788 Quodsi
308 3709 410 3777 adbuc
431 3709 541 3776 cedere
564 3730 627 3777 uon
642 3710 691 3800 vis
714 3715 755 3793 et
779 3709 854 3793 quia
867 3708 983 3794 legitur
999 3707 1100 3776 Deum
1117 3729 1249 3792 regnare

81 3820 179 3891 facere
201 3824 393 3912 bipocritam
407 3831 536 3914 propter
552 3825 790 3910 peruersitatem
807 3823 916 3910 populi
926 3821 942 3907 ¹,
964 3823 1175 3890 resistendum
1190 3845 1249 3912 pu-

82 3941 138 4022 tas,
159 3941 222 4006 uisi
246 3939 351 4026 aliquo
375 3948 560 4024 argumento
582 3941 767 4024 subruatur,
791 3940 910 4022 dicam,
933 3939 1006 4006 iude
1030 3939 1112 4026 quod
1135 3939 1247 4008 sentio

83 4051 266 4140 Apostolus,
294 4075 445 4140 organum
469 4055 603 4140 Christi,
631 4055 775 4127 inflatum
799 4077 818 4122 a
842 4054 962 4142 Spiritu
985 4060 1110 4138 sancto,
1139 4053 1250 4122 fallere

83 4186 275 4257 nequaquam
291 4177 405 4258 potest
433 4171 588 4256 Quicquid
604 4180 706 4255 sonat,
722 4191 830 4237 uerum
847 4176 909 4252 est;
932 4171 986 4236 sed
1001 4170 1250 4256 intellegentiam

151 4329 175 4381 1.
193 4327 253 4382 lob.
266 4329 309 4397 34,
328 4330 377 4384 80:
403 4329 471 4399 ,Qui
488 4343 605 4398 regnare
622 4328 689 4384 lacit
708 4328 844 4385 hominem
863 4327 1033 4399 hypocritam
1058 4331 1169 4400 propter
1185 4343 1249 4399 peo-

84 4417 142 4468 csta
157 4417 281 4486 populi“.
