3142 4850
303 322 370 388 428
689 339 854 387 notanter
876 339 1003 386 coner.
1038 335 1092 387 aar

208 515 277 569 1130
304 499 419 580 theria)
443 498 558 565 illustri
582 505 614 564 et
641 500 777 583 glorioso
801 499 1014 566 Romanorum
1036 498 1104 582 regi
1130 496 1266 564 sautem
1293 503 1327 564 et
1349 502 1460 584 aposto

195 588 285 636 Μ
302 615 396 682 licam
419 614 679 683 benedictionem.

392 731 546 809 Quoniam
571 732 756 799 excellentia
778 729 954 796 nobilitatis
975 735 1051 796 tuae
1076 729 1218 796 studiosa
1239 735 1272 796 et
1292 729 1463 796 ferrenein

303 846 454 913 fidelitate
477 847 562 914 beati
577 846 664 914 Petri
686 866 813 933 semper
836 847 959 913 exstitit
980 851 1013 912 et
1035 846 1158 930 derum,
1181 845 1307 912 divinae
1324 845 1464 912 bonitatis

302 964 406 1045 gratia
428 982 594 1049 personam
619 969 706 1029 tuam
722 962 895 1029 honoribus
913 962 1075 1028 deeomdt
1088 967 1183 1046 atoue
1205 961 1247 1028 ad
1260 960 1464 1028 defensionen

303 1098 378 1144 snae
402 1077 550 1145 ecclesiae
574 1084 606 1144 et
628 1084 746 1145 statam
769 1079 896 1164 imperii
917 1077 1153 1144 reformandum
1175 1076 1217 1143 ad
1236 1077 1327 1160 regni
1346 1077 1465 1159 lastigie

303 1193 495 1260 sublimarit
539 1194 745 1262 Predeceesor
775 1214 900 1279 qnoque
924 1199 1036 1264 ⁴noster
1061 1192 1163 1260 felicis
1191 1193 1364 1259 memoriae
1392 1211 1467 1278 pepe

302 1309 498 1394 Htonorius),
522 1311 595 1394 quia
619 1331 676 1396 per
691 1313 722 1376 to
736 1309 869 1376 multam
887 1309 1054 1375 utilitatem
1078 1309 1212 1376 aeneia
1227 1308 1380 1376 ecclesiae
1402 1328 1466 1394 pro

302 1431 467 1492 venturam
475 1437 496 1510 ¹,
520 1425 705 1492 electionem
729 1426 768 1492 de
790 1432 822 1492 te
845 1426 885 1493 ab
901 1424 1318 1512 archiepiscopisepiseopie
1333 1443 1372 1490 ac
1386 1423 1467 1507 regni

303 1541 498 1628 principibus
512 1543 635 1624 ,samm
660 1563 717 1628 pro
740 1543 863 1609 unitae
889 1541 1040 1608 eeclesiae
1062 1547 1095 1628 et
1115 1541 1205 1625 regni
1230 1537 1465 1606 inviolabiliter·

302 1658 517 1724 conservanda
531 1659 718 1724 auctoritate
741 1658 916 1746 apostolica
931 1656 1139 1740 confirmavit,
1162 1663 1196 1724 et
1219 1676 1276 1743 pro
1298 1654 1466 1742 imperialis

302 1772 466 1856 dignitatis
492 1774 688 1859 plenitudine
712 1773 913 1860 suscipienda
940 1794 998 1860 per
1026 1773 1176 1838 dilectum
1198 1771 1297 1837 tiliam
1327 1777 1468 1839 noemam

303 1887 524 1970 Gterbardum)
548 1892 675 1956 sanctas
690 1889 851 1955 Romanae
866 1890 1016 1956 eeclesiae
1038 1889 1247 1976 presbiterum
1269 1888 1466 1970 cardinalem,

301 2011 334 2071 te
357 2006 526 2072 adsedem
550 2004 755 2091 apostolicam
780 2005 932 2072 evocavit.

390 2121 458 2199 Quo
480 2123 631 2187 nimirum
654 2121 812 2187 hnmanae
834 2121 1022 2186 conditionis
1043 2120 1113 2204 lege
1133 2119 1227 2187 rebus
1250 2119 1400 2186 humenis
1420 2139 1469 2187 ex·
1556 2162 1557 2185 r

301 2242 425 2323 empto,
455 2238 536 2322 qnod
561 2257 619 2320 ego
641 2237 756 2320 dignus
778 2258 842 2303 non
865 2238 928 2320 lui,
956 2236 1097 2323 episcopi
1120 2241 1152 2302 et
1178 2236 1342 2303 catholici⁶
1373 2235 1470 2302 cerdi-
1556 2204 1557 2257 l

301 2351 389 2420 nales
413 2372 465 2418 me
492 2353 567 2420 licet
594 2354 728 2420 inuitum
760 2359 793 2419 et
821 2353 1010 2420 renitentem
1030 2353 1064 2417 ia
1087 2351 1263 2418 Romanam
1291 2351 1470 2439 pontificem
1556 2354 1557 2432 f

299 2470 492 2537 unanimiter
508 2469 677 2554 elegerunt.
713 2469 843 2553 Quibus,
865 2473 990 2536 utente
1005 2468 1108 2535 Mum
1130 2468 1252 2553 loquer,
1275 2470 1368 2535 nulla
1386 2468 1469 2537 amb

298 2586 396 2652 itione
428 2586 583 2669 bonoris⁶,
616 2584 704 2652 nulla
733 2588 861 2652 omnino
894 2585 1151 2671 praesumptione
1179 2604 1340 2650 assensum
1380 2606 1468 2673 prac-

300 2702 392 2786 bens,
420 2702 475 2768 sed
499 2702 566 2768 sola
588 2708 637 2769 tot
658 2708 880 2785 mutorumque
907 2700 1125 2783 religiosorum
1149 2701 1289 2767 virorum
1312 2722 1380 2769 non
1403 2702 1470 2769 aba·

300 2838 359 2903 que
382 2819 472 2902 gravi
494 2818 635 2903 periculo
656 2815 1107 2904 mutempnendacompulsus
1121 2816 1312 2901 obedientie,
1334 2816 1471 2885 confisae

298 2935 428 3021 insuper
443 2934 482 2999 de
498 2935 723 3019 omnipotentis
735 2933 795 2999 Dei
810 2932 1037 3015 misericordia,
1051 2933 1229 2999 iniunctum
1241 2933 1320 2999 mihi
1331 2934 1470 3001 officium

300 3050 339 3115 ad
361 3050 511 3116 honorem
536 3049 596 3116 Dei
623 3055 655 3115 et
683 3050 833 3116 ecelesiae
855 3049 1015 3115 Romanae
1041 3050 1175 3135 suscepi.
1265 3048 1472 3116 Postmodum

299 3184 372 3230 vero
395 3165 533 3246 Ptetrus)
556 3163 688 3249 Leonis,
719 3166 773 3251 qui
803 3170 957 3251 papatum
985 3184 1004 3230 a
1032 3164 1134 3247 longis
1162 3170 1247 3231 retro
1274 3167 1472 3252 temporibus

299 3280 509 3365 affectaverat,
524 3286 690 3367 parentum
708 3281 866 3365 violentia,
883 3280 1045 3363 sanguinis
1061 3278 1222 3364 effusione,
1238 3281 1474 3349 decrustatione

299 3398 493 3461 sanctarum·
510 3397 684 3480 imaginum
707 3396 791 3463 beati
804 3394 892 3463 Petri
908 3396 1088 3462 cathedram
1105 3397 1279 3483 occupauit
1313 3396 1359 3464 Et
1382 3418 1473 3485 pere-

297 3512 404 3595 grinos
428 3512 477 3577 ac‘
498 3512 662 3597 religiosos
687 3534 838 3599 quosque,
862 3512 901 3578 ad
925 3512 1139 3598 apostolorum
1162 3511 1274 3578 limina
1294 3514 1474 3581 devotionis

298 3649 393 3695 cansa
408 3628 579 3713 venientes,
603 3634 711 3714 captos
736 3633 768 3694 et
789 3628 879 3695 tetris
896 3648 1056 3695 carcerum
1080 3626 1278 3712 squaloribus
1302 3650 1339 3696 ac
1358 3630 1475 3697 ferreis

297 3744 430 3811 vinculis
458 3744 670 3839 mancipatos,
701 3744 786 3810 fame
815 3745 869 3810 siti
896 3744 1091 3827 diversisque
1118 3749 1345 3811 tormentorum
1377 3766 1475 3829 gene-

296 3861 384 3929 ribus
399 3860 540 3927 cruciare
556 3879 618 3925 non
635 3858 759 3925 desinit.
796 3856 987 3944 Sanguinem
1004 3882 1127 3947 quoque
1142 3866 1285 3928 noenum
1301 3867 1333 3928 et
1347 3883 1475 3947 eornm,

297 3979 351 4063 qui
373 3978 535 4045 nobiscum
560 3980 648 4060 sunt,
678 3976 837 4043 sitibundo
860 3984 986 4064 pectore
1009 3979 1249 4064 concupiscens,
1277 3978 1398 4061 gladiis
1423 3999 1475 4044 ve·

295 4114 377 4160 neno
402 4093 453 4160 acr
476 4092 669 4159 multimodis
693 4093 928 4179 proditionibus
951 4094 1035 4160 vitae
1058 4099 1184 4160 noshae
1206 4094 1389 4161 insidiatur.

385 4209 446 4276 Pro
470 4210 557 4277 cuius
574 4208 687 4276 sevitia
701 4207 938 4295 comprimenda
960 4216 992 4276 et
1014 4213 1099 4276 statu
1120 4213 1187 4276 tam
1205 4209 1357 4277 ecclesiae
1376 4229 1475 4296 quam

365 4400 386 4433 a.
410 4386 589 4446 prointnremV.
691 4386 714 4432 b.
737 4384 882 4433 inviolabiter
895 4386 919 4433 V.
1018 4400 1038 4433 c.
1061 4387 1151 4434 catoliei
1167 4386 1193 4434 Ζ.
1290 4388 1313 4433 d.
1335 4388 1474 4435 ambitionis

296 4464 382 4511 honore
399 4465 442 4512 VZ.
536 4480 556 4512 a.
580 4478 668 4512 eecmm
683 4465 711 4512 Ζ.
802 4464 820 4511 t
843 4464 887 4512 hee
901 4466 928 4513 Z.
