3142 4850
314 305 380 374 392
700 321 866 372 uniamur
888 321 1015 372 bonnm
1052 318 1105 370 are

146 499 298 556 was-1125
314 484 437 568 sordis,
467 488 662 569 postremum
686 484 759 568 ipsa
779 487 907 548 nostrae
931 481 1083 549 eoolesias
1105 499 1203 566 snpra
1224 479 1352 546 modurn
1372 499 1470 562 awa·

314 606 406 668 vatae
428 599 601 666 tribulatio.
637 598 698 666 Pro
722 599 811 666 euius
834 597 1031 669 lamentabili
1053 597 1148 663 ruina
1168 615 1233 664 non
1255 600 1376 662 mutum
1397 593 1471 662 dole

314 735 384 782 mus
400 721 433 781 at
446 714 680 799 contristamur,
698 720 849 798 qnantum
863 713 947 799 quod
958 713 1077 784 dotano
1093 716 1184 798 patre
1199 717 1307 778 nostro
1321 731 1359 778 ex
1374 710 1473 778 eaden

315 831 416 896 ruina
429 829 532 897 orbati
555 851 679 912 sumum
708 829 763 913 qui
790 829 881 895 nobis
910 834 943 896 et
965 828 1115 894 eeclesiae
1137 831 1265 895 nostras
1286 827 1391 892 omnia
1409 826 1473 890 bao-

316 945 423 1030 t'enns‚
455 965 517 1030 quo
538 946 701 1029 dignitatis
729 951 762 1011 at
786 943 934 1011 utilitatis
957 950 1064 1027 erant,
1092 949 1226 1030 paterna
1247 961 1324 1008 eura
1344 940 1474 1007 sollerter

315 1059 455 1148 providit
477 1066 509 1128 st
531 1062 673 1128 caritatis
697 1081 827 1127 munere
850 1059 1104 1126 amministravit.
1139 1059 1266 1137 Quare
1288 1058 1328 1123 do
1350 1062 1413 1124 tans
1433 1077 1476 1123 re

316 1173 447 1264 pentina
469 1182 502 1243 et
524 1177 715 1244 intolerabili
728 1174 911 1242 calamitate
924 1182 1037 1262 stupor
1052 1181 1085 1240 et
1097 1170 1247 1242 hebitudo
1263 1175 1379 1240 mentis
1393 1193 1477 1258 super

314 1311 384 1376 nos,
409 1292 522 1360 domne
545 1297 637 1378 puter
659 1287 782 1375 dilecte,
805 1291 930 1357 uendit.
967 1290 1049 1356 Nam
1072 1291 1155 1356 sient
1176 1288 1266 1355 navis
1290 1289 1408 1356 sollerti
1428 1308 1476 1370 gu

317 1409 483 1476 bornatore
498 1407 650 1474 destituta
673 1413 738 1472 ant'
750 1406 882 1472 {lustum
905 1411 960 1472 ent
978 1404 1127 1473 ductibus
1148 1407 1337 1488 inmergitur
1352 1411 1406 1470 ant
1419 1423 1478 1470 seo

316 1524 400 1610 pulis
422 1523 557 1590 illiditur
580 1529 612 1589 et
634 1523 679 1589 sio
706 1521 868 1608 planetum
893 1523 994 1605 magis
1016 1522 1138 1587 invenit
1159 1541 1254 1606 quam
1277 1525 1419 1607 portum,
1439 1519 1478 1585 sie

311 1645 349 1706 et
371 1659 428 1704 nos
450 1639 568 1722 miseri,
592 1643 681 1704 muto
705 1643 828 1706 restore
843 1634 975 1722 viduati,
997 1639 1108 1704 multis
1130 1638 1233 1705 modis
1247 1637 1283 1702 in
1297 1637 1358 1702 boo
1371 1634 1477 1702 mundo

316 1761 478 1840 tamquam
501 1755 534 1819 in
557 1755 746 1837 nandagoso
769 1755 852 1819 mari
874 1754 1100 1840 padodtumur.

406 1869 496 1937 Unde
519 1875 607 1937 tanto
632 1875 751 1936 ettam
776 1869 897 1936 inmani
921 1869 1143 1954 doloremque
1166 1869 1207 1934 ad
1221 1868 1305 1934 ritas
1327 1867 1414 1934 tedia
1433 1866 1479 1931 do

316 1984 496 2069 iteremus,
516 1986 554 2050 'si
577 2003 639 2050 non
663 1986 696 2050 in
719 1985 888 2052 alsmantia
909 1991 1017 2051 uestra
1045 2004 1134 2071 spem
1157 2003 1221 2050 nou
1246 1983 1342 2049 modo
1369 1981 1480 2048 eonsdd

316 2102 374 2167 sed
403 2102 498 2167 etiam
528 2101 638 2166 auxilii
667 2100 864 2167 haberemus.
908 2100 1020 2167 Ponite
1048 2119 1123 2183 ergo
1154 2100 1243 2166 vobis
1271 2106 1348 2166 ante
1375 2097 1479 2181 oeulos,

317 2222 417 2283 totam
441 2216 605 2288 eoolesiam
633 2221 793 2301 nostram,
822 2222 889 2281 tam
911 2215 1029 2284 elerum
1053 2235 1149 2300 quarn
1178 2215 1331 2302 populum
1360 2214 1480 2301 pedibm

318 2333 433 2399 vestrm
457 2331 607 2417 affusum,
631 2337 697 2398 tam
720 2330 933 2398 miserabilem
954 2349 1063 2399 soram
1086 2331 1175 2399 vobis
1198 2330 1366 2418 deplorare
1388 2328 1481 2415 quod·

319 2450 468 2516 moniam.
502 2448 546 2515 Et
568 2450 652 2534 quia
675 2453 797 2515 restore
817 2449 972 2530 destituti,
994 2448 1093 2515 adum
1116 2454 1312 2535 praeteritos
1337 2454 1479 2515 restorem

318 2586 381 2632 non
405 2565 573 2649 habemus,
601 2565 643 2631 ad
669 2584 726 2631 nos
754 2565 926 2648 dignemini
951 2565 1073 2647 renirs;
1103 2571 1139 2631 nt
1165 2584 1239 2647 nos,
1267 2566 1323 2649 qui
1354 2562 1480 2631 estimati

270 2752 281 2777 .
318 2700 426 2749 sumus
451 2683 533 2747 siout
555 2698 629 2746 oves
657 2680 823 2746 eooisionis
832 2677 850 2764 ¹,
879 2681 954 2765 qnia
981 2680 1021 2746 ad
1048 2680 1268 2747 sustinendum
1298 2685 1407 2747 tantae
1433 2676 1478 2743 ad·

319 2798 478 2865 versitatis
501 2774 624 2883 pondus
651 2795 791 2882 impares
815 2816 940 2879 sumus,
967 2793 1002 2861 in
1024 2796 1085 2862 Dei
1109 2801 1141 2862 st
1162 2796 1260 2862 vostri
1288 2796 1482 2863 miseratione

318 2915 475 3001 respirare
497 2912 668 2979 valeamus.
1298 2890 1301 2894 ’

409 3030 458 3097 De
480 3035 601 3112 oetero,
631 3026 772 3111 domine,
802 3033 927 3093 vestrae
955 3027 1084 3113 piatatis
1111 3028 1249 3115 petimus
1278 3028 1481 3107 serenitatem,

319 3152 356 3211 ut
378 3166 397 3210 a
411 3144 548 3211 dominis
564 3144 691 3227 nostris,
715 3143 867 3209 iratribus
882 3145 1007 3228 vostris,
1031 3164 1109 3229 quos
1132 3145 1174 3211 ad
1189 3164 1347 3211 summam
1363 3160 1483 3210 manum

321 3261 431 3347 omnis„
445 3260 612 3347 probitatis
635 3259 780 3327 novimus
805 3280 874 3326 esso
888 3266 1054 3345 provsotos
1070 3266 1102 3326 et
1116 3262 1238 3327 visoora
1256 3258 1484 3328 miserimrrliae

319 3376 457 3460 indutos,
471 3376 657 3443 sententiam
674 3394 769 3461 super
781 3376 841 3442 hoo
850 3376 933 3443 facto
948 3376 1127 3461 requiretis,
1139 3377 1275 3443 seilicet:
1290 3378 1321 3442 si
1335 3378 1369 3443 in
1382 3374 1482 3442 eaden

321 3492 467 3577 seelssia,
500 3492 653 3575 sanguine
675 3490 797 3578 polluta
822 3492 985 3558 hominurn
1008 3512 1048 3559 ax
1071 3492 1182 3559 eadem
1203 3493 1297 3559 ruina
1325 3498 1484 3578 oppresso

319 3626 407 3691 rum,
437 3612 634 3674 mauronte
658 3606 775 3673 Christi
803 3607 932 3674 lieentia
954 3608 1062 3674 domni
1084 3605 1244 3695 episeopi'
1266 3608 1392 3693 possint
1411 3605 1485 3673 mle

321 3724 415 3791 brari.
449 3724 529 3802 Quia
544 3723 683 3809 qnidam,
705 3720 859 3791 habentes
872 3725 1036 3790 seientiam
1052 3724 1108 3792 sed
1123 3744 1187 3791 non
1202 3724 1374 3791 seeundum
1389 3722 1483 3790 zelun

321 3830 409 3923 ber,
440 3845 568 3907 nostrae
594 3837 801 3926 prosperitati
830 3840 981 3906 baotonns
1003 3840 1197 3924 inridentes,
1226 3839 1375 3907 videntur
1403 3834 1485 3904 nobis

322 3955 361 4021 ds
384 3956 495 4023 eadem
516 3976 552 4023 re
575 3954 780 4022 inelementsr
807 3956 1036 4039 quaestionari3
1062 3976 1136 4023 enm
1157 3962 1296 4041 sensim,
1321 3956 1484 4023 altarem

322 4071 477 4137 mansisse
499 4070 689 4157 inpollntum
713 4076 745 4137 ot
765 4071 963 4136 inviolatum.

396 4230 419 4282 1.
438 4228 483 4284 rs.
495 4228 539 4296 43,
558 4226 601 4281 aa.
717 4212 742 4283 'a
767 4227 918 4283 senaar
942 4229 1064 4300 episcopt
1082 4229 1278 4301 astiagensis,
1303 4224 1482 4285 ross-rar.

323 4314 349 4371 3.
372 4314 413 4371 Cf.
432 4316 511 4371 Rom.
525 4316 567 4387 10,
586 4317 611 4373 2.

802 4424 1015 4435 ,ιι-.-
