3142 4850
310 241 353 306 98
701 256 867 306 unanarcr
888 256 1016 305 consa.
1050 254 1086 304 cs

193 429 263 486 1075
308 416 495 502 dampnetur
518 413 651 499 quilibet
672 413 795 482 inutilis
818 414 996 500 operarius,
1019 419 1062 497 et,
1086 413 1115 479 si
1131 414 1305 497 tempestas
1321 409 1416 476 bodie
1430 408 1478 476 in·

182 503 289 561 mm
306 530 401 615 gruit,
434 549 514 614 quae
536 549 594 595 nos
618 529 657 594 ab
682 549 776 615 opere
799 529 943 616 repellat,
967 549 1037 624 cras
1060 527 1192 594 caelitus
1213 525 1339 594 reddita
1360 525 1479 592 sereni·

305 651 371 712 tate
394 645 533 712 studium
556 649 700 711 nostrum
722 645 756 710 in
778 644 813 710 id
835 646 942 731 ipsum
963 648 1116 710 resumat

395 761 504 845 ltaque
531 760 648 826 indixit
676 760 849 826 auctoritas
876 763 1000 826 νοοίτοο
1029 764 1155 826 sanctae
1188 755 1404 843 paternitatis:
1433 759 1480 837 ut,

306 881 426 944 statuta
448 875 499 941 dio
521 874 659 941 collectis
682 875 845 959 fratribus,
868 895 908 942 ex
930 874 1123 960 apostolicae
1144 871 1311 956 legationis
1327 869 1478 936 mandato

306 990 474 1058 concilium
502 989 672 1057 debeamus
695 989 870 1071 celebrare,
901 996 932 1056 et
954 988 1104 1073 quicquid
1125 989 1160 1054 in
1183 986 1347 1076 provincia
1368 990 1426 1050 aut
1445 984 1481 1049 in

306 1125 403 1189 regno
425 1110 533 1172 nostro
557 1105 607 1170 vel
629 1124 686 1190 per
708 1106 923 1190 symoniacam
945 1104 1081 1172 heresim
1104 1102 1154 1169 vel
1183 1100 1481 1187 quomodocunque·

306 1227 417 1288 contra
437 1219 580 1302 regulam
603 1219 835 1286 ecclesiasticae
862 1221 1061 1287 rectitudinis
1084 1235 1252 1305 perperam
1278 1220 1404 1298 gestum
1426 1219 1483 1279 aut

307 1335 390 1402 male
417 1339 605 1420 usurpatum
637 1335 687 1400 vel
716 1340 835 1402 ίοοιοτο
867 1340 1109 1422 praesumptum
1143 1332 1329 1415 occurrerit,
1363 1328 1482 1396 iudicio

306 1451 441 1516 fratrum
464 1449 605 1516 recidere
626 1469 690 1516 non
713 1449 895 1518 differamus
917 1450 998 1518 falce
1019 1448 1173 1516 iusticias.

396 1565 485 1644 Quod
508 1566 704 1651 praecipitis,
732 1565 776 1630 mi
798 1570 906 1651 pater,
929 1585 1045 1650 equum
1067 1569 1117 1632 est
1137 1568 1170 1630 et
1190 1565 1325 1642 iustum3
1349 1566 1382 1640 et
1403 1560 1484 1626 baec

307 1702 365 1768 per
385 1681 565 1767 provincias
588 1679 637 1746 bis
660 1680 694 1746 in
717 1699 800 1746 anno
822 1679 893 1748 fieri
914 1680 1066 1746 mandant
1095 1680 1224 1747 decreta
1244 1696 1407 1744 sacrorum
1428 1695 1484 1742 ca·

307 1816 425 1864 nonum
435 1793 452 1862 ¹.
492 1794 556 1862 Sed
584 1797 624 1861 ad
653 1795 737 1880 quod
764 1801 797 1862 et
818 1796 1015 1862 decretorum
1044 1795 1216 1860 auctoritas
1242 1797 1275 1860 et
1296 1796 1404 1859 vestra
1425 1811 1484 1878 pa·

307 1913 441 1978 ternitas
464 1910 614 1996 impellit,
641 1910 680 1976 ab
703 1911 762 1976 hoc
785 1914 818 1976 et
838 1929 945 1976 rerum
966 1909 1158 1996 inequalitas
1181 1913 1213 1974 οί
1234 1909 1327 1974 buius
1349 1907 1485 1991 maligni

308 2023 460 2113 temporis
488 2025 713 2110 importunitas
740 2046 799 2091 nos
826 2025 919 2109 longe
946 2026 1081 2112 repellit
1172 2023 1317 2108 Denique
1338 2024 1485 2090 auditum

309 2141 467 2208 credimus
495 2145 620 2206 νοοίτοο
648 2140 849 2227 paternitati:
879 2148 1015 2225 quantus
1043 2142 1077 2206 in
1104 2159 1202 2224 regno
1230 2145 1338 2206 nostro
1364 2144 1484 2222 mutus,

310 2261 429 2342 quanta
451 2255 493 2321 sit
515 2256 722 2341 perturbatio,
751 2275 843 2340 quam
867 2257 1045 2342 pernicioso
1067 2257 1151 2324 bella
1171 2259 1357 2339 gmmantur
1378 2259 1413 2320 et
1434 2275 1487 2321 se-

310 2372 455 2455 ditiones,
479 2371 561 2437 sicut
582 2371 759 2439 audiuimus
775 2370 834 2439 exl
850 2369 1041 2457 euangelio².
1076 2372 1229 2440 Auditum
1247 2372 1376 2456 inquam
1392 2369 1486 2441 vobis

310 2488 466 2555 credimus
489 2487 527 2553 de
550 2488 642 2571 bello,
666 2487 750 2571 quod
773 2488 935 2555 adomino
957 2494 1065 2554 nostro
1086 2508 1159 2572 rege
1174 2489 1294 2554 factum
1308 2490 1358 2552 est
1371 2491 1488 2553 centn

218 2621 293 2668 ruas
311 2602 452 2669 Saxones
475 2609 507 2668 et
530 2603 717 2685 Thuringos,
741 2609 773 2667 et
796 2604 952 2685 quomodo
975 2604 1106 2671 dextera
1120 2603 1252 2671 Domini
1273 2602 1489 2689 prostraverit

311 2723 344 2785 οί
364 2718 522 2801 fugaverit
543 2717 676 2784 rebelles
698 2724 730 2784 et
751 2718 868 2804 impios
875 2714 896 2784 ³.
931 2717 975 2783 Et
996 2724 1104 2785 ίοοιοτι
1118 2718 1222 2785 adhuc
1243 2718 1278 2783 in
1301 2717 1412 2785 eadem
1428 2717 1488 2784 ob-

221 2898 223 2901 .
310 2835 496 2901 stinatione⁰
530 2834 705 2921 perdurant
738 2833 837 2900 stiam
864 2834 954 2915 uicti3
990 2834 1164 2901 etiterum
1198 2832 1354 2920 perfidum
1388 2838 1488 2920 caput

309 2949 417 3016 levant
440 2968 486 3031 ac,
509 2948 610 3015 tocius
633 2948 723 3030 regni
744 2948 867 3031 gladios
889 2953 1001 3015 contra
1023 2970 1057 3015 se
1080 2953 1244 3033 acuentes,
1266 2950 1380 3017 iterum
1404 2950 1488 3016 reci·

310 3064 374 3130 dua
395 3064 479 3129 bella
506 3069 631 3147 parant.
723 3062 813 3129 Unde
835 3065 998 3147 timemus,
1029 3064 1114 3149 quod
1140 3085 1198 3150 pro
1220 3069 1350 3150 peccato
1372 3064 1490 3150 populi

310 3179 349 3245 de
371 3178 487 3260 vagina
509 3196 568 3243 sua
590 3177 720 3243 ednotus
743 3179 785 3243 sit
807 3178 931 3261 gladius
954 3180 1100 3260 Domini3
1124 3184 1156 3245 et
1177 3180 1241 3246 nisi
1263 3200 1321 3264 per
1344 3183 1488 3246 vestram

311 3294 507 3375 aliorumque
535 3298 715 3359 sanctorum
745 3295 938 3379 propicietur
964 3294 1238 3377 intercessionem,
1266 3293 1403 3359 forsitan
1432 3294 1490 3361 de-

312 3408 412 3475 seviet
433 3427 533 3492 usque
556 3407 595 3473 ad
617 3408 867 3475 internicionem.
903 3408 1013 3475 Soluto
1034 3429 1173 3494 namque
1193 3409 1282 3495 pacis
1297 3408 1431 3477 ‚vinculo
1456 3414 1491 3476 et

312 3528 406 3609 rupto
436 3523 620 3610 disciplinae
649 3524 753 3607 frenc,
781 3543 858 3607 gens
881 3524 1018 3608 insurgit
1041 3530 1152 3591 contra
1180 3530 1323 3608 gentem
1353 3525 1393 3591 de
1421 3529 1490 3592 ter·

312 3640 407 3705 minis
429 3640 519 3722 regni
540 3638 664 3705 hostilis
687 3638 812 3721 gladius
835 3640 1060 3707 ortaminavit
1080 3640 1280 3707 concordiam
1303 3646 1336 3707 et
1357 3660 1489 3726 paccm3

313 3759 346 3820 et
365 3754 414 3820 ita
428 3754 714 3822 obmutescentibus
730 3753 886 3837 euangelii
900 3754 997 3838 tubis,
1011 3775 1071 3821 nec
1084 3774 1198 3841 praeco
1213 3756 1360 3823 clamoris
1374 3774 1491 3823 rocem

312 3889 370 3936 nec
392 3868 527 3956 populus
550 3868 646 3936 babet
669 3870 819 3938 audiendi
841 3890 960 3937 aurem.
1302 3865 1306 3871 ’

383 4078 404 4111 a
428 4076 562 4123 quocunque
579 4046 646 4109 modo
662 4064 689 4111 Z.
767 4064 789 4110 b.
813 4065 839 4111 in
854 4065 878 4120 V,
896 4078 923 4111 ex
939 4064 965 4111 Z.
1043 4078 1063 4111 c.
1088 4066 1226 4112 ostinationc
1242 4064 1268 4111 Ζ.

385 4168 409 4221 1.
428 4166 579 4221 Burohardi
592 4166 736 4222 decr.143
754 4167 889 4233 (Gratiani
906 4168 980 4224 decr.
992 4167 1042 4223 P.l
1055 4168 1130 4223 D.18
1144 4184 1167 4223 c.
1174 4170 1212 4234 2).
1277 4169 1303 4223 2.
1321 4168 1390 4223 Luc.
1399 4170 1445 4238 al,
1456 4171 1490 4224 9:

315 4253 401 4324 ,Cum
419 4260 511 4309 autern
529 4253 670 4309 audieritis
687 4257 791 4325 praelia
808 4262 837 4312 et
848 4256 1007 4326 seditiones,
1027 4257 1112 4312 nolite
1129 4256 1251 4315 terrorif.
1309 4257 1336 4312 3.
1354 4256 1401 4312 dio
1413 4258 1431 4313 s
1443 4256 1493 4313 lu·

314 4340 352 4395 nii
365 4342 443 4397 1075.
