<?xml version="1.0" encoding="UTF-8"?>
<!DOCTYPE html PUBLIC "-//W3C//DTD XHTML 1.0 Transitional//EN"
    "http://www.w3.org/TR/xhtml1/DTD/xhtml1-transitional.dtd">
<html xmlns="http://www.w3.org/1999/xhtml" xml:lang="en" lang="en">
 <head>
  <title>
</title>
<meta http-equiv="Content-Type" content="text/html;charset=utf-8" />
  <meta name='ocr-system' content='tesseract 3.04.00' />
  <meta name='ocr-capabilities' content='ocr_page ocr_carea ocr_par ocr_line ocrx_word'/>
</head>
<body>
  <div class='ocr_page' id='page_1' title='image "./bibliothecareru06jaffgoog_0814.png"; bbox 0 0 3142 4850; ppageno 0'>
   <div class='ocr_carea' id='block_1_1' title="bbox 362 319 1255 385">
    <p class='ocr_par' dir='ltr' id='par_1_1' title="bbox 362 319 1255 385">
     <span class='ocr_line' id='line_1_1' title="bbox 362 319 1255 385; baseline 0.004 -5"><span class='ocrx_word' id='word_1_1' title='bbox 362 331 540 382; x_wconf 80' lang='lat' dir='ltr'><strong>nnnnosm</strong></span> <span class='ocrx_word' id='word_1_2' title='bbox 564 334 745 383; x_wconf 84' lang='lat' dir='ltr'><strong>omnooos.</strong></span> <span class='ocrx_word' id='word_1_3' title='bbox 781 336 847 383; x_wconf 80' lang='lat' dir='ltr'><strong>mu</strong></span> <span class='ocrx_word' id='word_1_4' title='bbox 864 336 903 383; x_wconf 89' lang='lat'><strong>111</strong></span> <span class='ocrx_word' id='word_1_5' title='bbox 925 334 981 385; x_wconf 76' lang='lat' dir='ltr'><strong>ne</strong></span> <span class='ocrx_word' id='word_1_6' title='bbox 1190 319 1255 384; x_wconf 78' lang='lat'><strong>799</strong></span> 
     </span>
    </p>
   </div>
   <div class='ocr_carea' id='block_1_2' title="bbox 70 486 1385 4054">
    <p class='ocr_par' dir='ltr' id='par_1_2' title="bbox 70 486 1385 4054">
     <span class='ocr_line' id='line_1_2' title="bbox 82 486 1345 580; baseline 0.01 -26"><span class='ocrx_word' id='word_1_7' title='bbox 82 486 175 555; x_wconf 88' lang='lat' dir='ltr'><strong>tiliois</strong></span> <span class='ocrx_word' id='word_1_8' title='bbox 198 490 338 557; x_wconf 82' lang='lat' dir='ltr'><strong>animum</strong></span> <span class='ocrx_word' id='word_1_9' title='bbox 361 491 461 559; x_wconf 90' lang='lat' dir='ltr'><strong>lenire</strong></span> <span class='ocrx_word' id='word_1_10' title='bbox 483 494 666 562; x_wconf 88' lang='lat' dir='ltr'><strong>muneribus</strong></span> <span class='ocrx_word' id='word_1_11' title='bbox 690 516 747 580; x_wconf 93' lang='lat' dir='ltr'><strong>pro</strong></span> <span class='ocrx_word' id='word_1_12' title='bbox 764 495 831 561; x_wconf 91' lang='lat' dir='ltr'><strong>edis</strong></span> <span class='ocrx_word' id='word_1_13' title='bbox 845 495 1101 576; x_wconf 86' lang='lat' dir='ltr'><strong>oonserrutione;</strong></span> <span class='ocrx_word' id='word_1_14' title='bbox 1126 495 1255 562; x_wconf 79' lang='lat' dir='ltr'><strong>tondum</strong></span> <span class='ocrx_word' id='word_1_15' title='bbox 1276 512 1345 567; x_wconf 76' lang='lat'>1127</span> 
     </span>
     <span class='ocr_line' id='line_1_3' title="bbox 81 606 1256 697; baseline 0.005 -26"><span class='ocrx_word' id='word_1_16' title='bbox 81 610 246 690; x_wconf 76' lang='lat' dir='ltr'><strong>rogantes,</strong></span> <span class='ocrx_word' id='word_1_17' title='bbox 273 611 309 673; x_wconf 90' lang='lat' dir='ltr'><strong>ut</strong></span> <span class='ocrx_word' id='word_1_18' title='bbox 331 606 381 674; x_wconf 87' lang='lat' dir='ltr'><strong>vel</strong></span> <span class='ocrx_word' id='word_1_19' title='bbox 403 608 436 674; x_wconf 92' lang='lat' dir='ltr'><strong>in</strong></span> <span class='ocrx_word' id='word_1_20' title='bbox 459 608 622 677; x_wconf 73' lang='lat' dir='ltr'><strong>basilicam</strong></span> <span class='ocrx_word' id='word_1_21' title='bbox 646 610 852 679; x_wconf 76' lang='lat' dir='ltr'><strong>ordinaretur.</strong></span> <span class='ocrx_word' id='word_1_22' title='bbox 888 609 951 679; x_wconf 89' lang='lat' dir='ltr'><strong>Sed</strong></span> <span class='ocrx_word' id='word_1_23' title='bbox 974 610 1158 697; x_wconf 89' lang='lat' dir='ltr'><strong>episeopus,</strong></span> <span class='ocrx_word' id='word_1_24' title='bbox 1181 630 1256 677; x_wconf 91' lang='lat' dir='ltr'><strong>oon·</strong></span> 
     </span>
     <span class='ocr_line' id='line_1_4' title="bbox 82 724 1254 810; baseline 0.006 -23"><span class='ocrx_word' id='word_1_25' title='bbox 82 724 204 788; x_wconf 87' lang='lat' dir='ltr'><strong>stunter</strong></span> <span class='ocrx_word' id='word_1_26' title='bbox 227 742 334 807; x_wconf 76' lang='lat' dir='ltr'><strong>agens,</strong></span> <span class='ocrx_word' id='word_1_27' title='bbox 357 724 521 807; x_wconf 80' lang='lat' dir='ltr'><strong>indignum</strong></span> <span class='ocrx_word' id='word_1_28' title='bbox 545 746 614 793; x_wconf 90' lang='lat' dir='ltr'><strong>esse</strong></span> <span class='ocrx_word' id='word_1_29' title='bbox 637 726 770 810; x_wconf 84' lang='lat' dir='ltr'><strong>dieebet,</strong></span> <span class='ocrx_word' id='word_1_30' title='bbox 795 727 895 810; x_wconf 91' lang='lat' dir='ltr'><strong>edem,</strong></span> <span class='ocrx_word' id='word_1_31' title='bbox 919 724 978 792; x_wconf 88' lang='lat' dir='ltr'><strong>sub</strong></span> <span class='ocrx_word' id='word_1_32' title='bbox 1001 726 1096 793; x_wconf 88' lang='lat' dir='ltr'><strong>titulo</strong></span> <span class='ocrx_word' id='word_1_33' title='bbox 1112 728 1254 794; x_wconf 91' lang='lat' dir='ltr'><strong>demonis</strong></span> 
     </span>
     <span class='ocr_line' id='line_1_5' title="bbox 83 836 1255 927; baseline 0.005 -24"><span class='ocrx_word' id='word_1_34' title='bbox 83 836 259 904; x_wconf 86' lang='lat' dir='ltr'><strong>edilioetum</strong></span> <span class='ocrx_word' id='word_1_35' title='bbox 287 838 512 925; x_wconf 89' lang='lat' dir='ltr'><strong>immundoque</strong></span> <span class='ocrx_word' id='word_1_36' title='bbox 534 841 598 907; x_wconf 92' lang='lat' dir='ltr'><strong>ritu</strong></span> <span class='ocrx_word' id='word_1_37' title='bbox 621 843 835 927; x_wconf 79' lang='lat' dir='ltr'><strong>profanatum,</strong></span> <span class='ocrx_word' id='word_1_38' title='bbox 864 841 980 909; x_wconf 87' lang='lat' dir='ltr'><strong>divinis</strong></span> <span class='ocrx_word' id='word_1_39' title='bbox 1003 843 1112 911; x_wconf 89' lang='lat' dir='ltr'><strong>usibus</strong></span> <span class='ocrx_word' id='word_1_40' title='bbox 1135 844 1255 909; x_wconf 82' lang='lat' dir='ltr'><strong>munsi-</strong></span> 
     </span>
     <span class='ocr_line' id='line_1_6' title="bbox 82 952 1254 1045; baseline 0.006 -26"><span class='ocrx_word' id='word_1_41' title='bbox 82 952 169 1038; x_wconf 80' lang='lat' dir='ltr'><strong>puri:</strong></span> <span class='ocrx_word' id='word_1_42' title='bbox 193 954 281 1019; x_wconf 89' lang='lat' dir='ltr'><strong>Nom</strong></span> <span class='ocrx_word' id='word_1_43' title='bbox 304 978 364 1041; x_wconf 84' lang='lat' dir='ltr'><strong>que</strong></span> <span class='ocrx_word' id='word_1_44' title='bbox 387 960 547 1024; x_wconf 79' lang='lat' dir='ltr'><strong>conventio</strong></span> <span class='ocrx_word' id='word_1_45' title='bbox 563 958 680 1025; x_wconf 58' lang='lat' dir='ltr'><strong>Otiosi</strong></span> <span class='ocrx_word' id='word_1_46' title='bbox 701 961 745 1024; x_wconf 86' lang='lat' dir='ltr'><strong>ud</strong></span> <span class='ocrx_word' id='word_1_47' title='bbox 766 958 874 1025; x_wconf 79' lang='lat' dir='ltr'><strong>Belial</strong></span> <span class='ocrx_word' id='word_1_48' title='bbox 882 953 900 1039; x_wconf 89' lang='lat'><strong>¹,</strong></span> <span class='ocrx_word' id='word_1_49' title='bbox 925 972 980 1025; x_wconf 82' lang='lat' dir='ltr'><strong>aut</strong></span> <span class='ocrx_word' id='word_1_50' title='bbox 1001 981 1061 1045; x_wconf 80' lang='lat' dir='ltr'><strong>quo</strong></span> <span class='ocrx_word' id='word_1_51' title='bbox 1083 963 1254 1026; x_wconf 78' lang='lat' dir='ltr'><strong>eommuni-</strong></span> 
     </span>
     <span class='ocr_line' id='line_1_7' title="bbox 81 1070 1255 1161; baseline 0.008 -29"><span class='ocrx_word' id='word_1_52' title='bbox 81 1072 164 1133; x_wconf 80' lang='lat' dir='ltr'><strong>euto&#39;o</strong></span> <span class='ocrx_word' id='word_1_53' title='bbox 192 1072 307 1155; x_wconf 75' lang='lat' dir='ltr'><strong>templo</strong></span> <span class='ocrx_word' id='word_1_54' title='bbox 330 1072 396 1137; x_wconf 74' lang='lat' dir='ltr'><strong>Det</strong></span> <span class='ocrx_word' id='word_1_55' title='bbox 423 1096 492 1137; x_wconf 75' lang='lat' dir='ltr'><strong>oum</strong></span> <span class='ocrx_word' id='word_1_56' title='bbox 520 1074 632 1161; x_wconf 83' lang='lat' dir='ltr'><strong>templo</strong></span> <span class='ocrx_word' id='word_1_57' title='bbox 660 1070 866 1159; x_wconf 75' lang='lat' dir='ltr'><strong>ydolorum?²</strong></span> <span class='ocrx_word' id='word_1_58' title='bbox 900 1072 1034 1141; x_wconf 76' lang='lat' dir='ltr'><strong>Dicebat</strong></span> <span class='ocrx_word' id='word_1_59' title='bbox 1062 1073 1255 1141; x_wconf 73' lang='lat' dir='ltr'><strong>autemillis</strong></span> 
     </span>
     <span class='ocr_line' id='line_1_8' title="bbox 81 1184 1254 1278; baseline 0.005 -27"><span class='ocrx_word' id='word_1_60' title='bbox 81 1190 114 1251; x_wconf 90' lang='lat' dir='ltr'><strong>et</strong></span> <span class='ocrx_word' id='word_1_61' title='bbox 136 1184 389 1253; x_wconf 88' lang='lat' dir='ltr'><strong>similitudinem:</strong></span> <span class='ocrx_word' id='word_1_62' title='bbox 415 1188 582 1275; x_wconf 78' lang='lat' dir='ltr'><strong><em>Numquid</em></strong></span> <span class='ocrx_word' id='word_1_63' title='bbox 604 1194 764 1257; x_wconf 66' lang='lat' dir='ltr'><strong>seminatio</strong></span> <span class='ocrx_word' id='word_1_64' title='bbox 778 1192 947 1275; x_wconf 77' lang='lat' dir='ltr'><strong>frumenta</strong></span> <span class='ocrx_word' id='word_1_65' title='bbox 966 1204 1070 1257; x_wconf 82' lang='lat' dir='ltr'><strong>oestro</strong></span> <span class='ocrx_word' id='word_1_66' title='bbox 1083 1214 1180 1278; x_wconf 82' lang='lat' dir='ltr'><strong>super</strong></span> <span class='ocrx_word' id='word_1_67' title='bbox 1194 1194 1254 1257; x_wconf 85' lang='lat' dir='ltr'><strong>du·</strong></span> 
     </span>
     <span class='ocr_line' id='line_1_9' title="bbox 80 1304 1255 1394; baseline 0.005 -27"><span class='ocrx_word' id='word_1_68' title='bbox 80 1323 149 1367; x_wconf 84' lang='lat' dir='ltr'><strong>moe</strong></span> <span class='ocrx_word' id='word_1_69' title='bbox 172 1314 227 1367; x_wconf 85' lang='lat' dir='ltr'><strong>aut</strong></span> <span class='ocrx_word' id='word_1_70' title='bbox 249 1305 382 1388; x_wconf 74' lang='lat' dir='ltr'><strong>spinosi</strong></span> <span class='ocrx_word' id='word_1_71' title='bbox 415 1304 491 1370; x_wconf 83' lang='lat' dir='ltr'><strong>Non</strong></span> <span class='ocrx_word' id='word_1_72' title='bbox 511 1318 598 1390; x_wconf 81' lang='lat' dir='ltr'><strong>puto.</strong></span> <span class='ocrx_word' id='word_1_73' title='bbox 636 1305 728 1373; x_wconf 80' lang='lat' dir='ltr'><strong>Siout</strong></span> <span class='ocrx_word' id='word_1_74' title='bbox 751 1328 825 1391; x_wconf 78' lang='lat' dir='ltr'><strong>erqo</strong></span> <span class='ocrx_word' id='word_1_75' title='bbox 848 1307 887 1371; x_wconf 74' lang='lat' dir='ltr'><strong>&lt;lo</strong></span> <span class='ocrx_word' id='word_1_76' title='bbox 909 1310 997 1391; x_wconf 71' lang='lat' dir='ltr'><strong>apris</strong></span> <span class='ocrx_word' id='word_1_77' title='bbox 1020 1310 1129 1373; x_wconf 68' lang='lat' dir='ltr'><strong>vesum</strong></span> <span class='ocrx_word' id='word_1_78' title='bbox 1143 1311 1255 1394; x_wconf 79' lang='lat' dir='ltr'><strong>spinos</strong></span> 
     </span>
     <span class='ocr_line' id='line_1_10' title="bbox 81 1418 1385 1508; baseline 0.005 -27"><span class='ocrx_word' id='word_1_79' title='bbox 81 1418 251 1483; x_wconf 70' lang='lat' dir='ltr'><strong><em>eradicatis</em></strong></span> <span class='ocrx_word' id='word_1_80' title='bbox 274 1441 312 1483; x_wconf 85' lang='lat' dir='ltr'><strong>uo</strong></span> <span class='ocrx_word' id='word_1_81' title='bbox 334 1420 476 1499; x_wconf 78' lang='lat' dir='ltr'><strong>tribulos,</strong></span> <span class='ocrx_word' id='word_1_82' title='bbox 501 1434 545 1503; x_wconf 85' lang='lat' dir='ltr'><strong>ut,</strong></span> <span class='ocrx_word' id='word_1_83' title='bbox 568 1424 661 1487; x_wconf 71' lang='grc' dir='ltr'><strong>ιάιιῖε</strong></span> <span class='ocrx_word' id='word_1_84' title='bbox 684 1421 773 1487; x_wconf 71' lang='lat' dir='ltr'><strong>honos</strong></span> <span class='ocrx_word' id='word_1_85' title='bbox 796 1422 976 1502; x_wconf 80' lang='lat' dir='ltr'><strong>seminibus,</strong></span> <span class='ocrx_word' id='word_1_86' title='bbox 1002 1435 1126 1508; x_wconf 76' lang='lat' dir='ltr'><strong>optatos</strong></span> <span class='ocrx_word' id='word_1_87' title='bbox 1141 1436 1254 1508; x_wconf 76' lang='lat' dir='ltr'><strong>eeqetes</strong></span> <span class='ocrx_word' id='word_1_88' title='bbox 1379 1434 1385 1439; x_wconf 86' lang='grc'><em>“</em></span> 
     </span>
     <span class='ocr_line' id='line_1_11' title="bbox 70 1534 1255 1625; baseline 0.005 -27"><span class='ocrx_word' id='word_1_89' title='bbox 70 1534 166 1617; x_wconf 78' lang='lat' dir='ltr'><strong>ferre</strong></span> <span class='ocrx_word' id='word_1_90' title='bbox 189 1547 313 1620; x_wconf 74' lang='lat' dir='ltr'><strong>queunt,</strong></span> <span class='ocrx_word' id='word_1_91' title='bbox 338 1538 383 1603; x_wconf 80' lang='lat' dir='ltr'><strong>itu</strong></span> <span class='ocrx_word' id='word_1_92' title='bbox 407 1548 436 1601; x_wconf 85' lang='lat' dir='ltr'><strong>et</strong></span> <span class='ocrx_word' id='word_1_93' title='bbox 457 1536 539 1601; x_wconf 81' lang='lat' dir='ltr'><strong>tono</strong></span> <span class='ocrx_word' id='word_1_94' title='bbox 552 1539 692 1603; x_wconf 81' lang='lat' dir='ltr'><strong>radicem</strong></span> <span class='ocrx_word' id='word_1_95' title='bbox 713 1538 873 1623; x_wconf 64' lang='lat' dir='ltr'><strong>ydolatrie</strong></span> <span class='ocrx_word' id='word_1_96' title='bbox 893 1542 1081 1624; x_wconf 80' lang='lat' dir='ltr'><strong>spinamque</strong></span> <span class='ocrx_word' id='word_1_97' title='bbox 1100 1541 1255 1625; x_wconf 76' lang='lat' dir='ltr'><strong>perditio·</strong></span> 
     </span>
     <span class='ocr_line' id='line_1_12' title="bbox 80 1652 1255 1739; baseline 0.005 -25"><span class='ocrx_word' id='word_1_98' title='bbox 80 1653 132 1714; x_wconf 80' lang='lat' dir='ltr'><strong>uie</strong></span> <span class='ocrx_word' id='word_1_99' title='bbox 161 1652 200 1715; x_wconf 84' lang='lat' dir='ltr'><strong>do</strong></span> <span class='ocrx_word' id='word_1_100' title='bbox 227 1652 329 1716; x_wconf 84' lang='lat' dir='ltr'><strong>modio</strong></span> <span class='ocrx_word' id='word_1_101' title='bbox 359 1666 496 1718; x_wconf 70' lang='lat' dir='ltr'><strong>tuomum</strong></span> <span class='ocrx_word' id='word_1_102' title='bbox 514 1654 668 1737; x_wconf 60' lang='lat' dir='ltr'><strong>tunditur</strong></span> <span class='ocrx_word' id='word_1_103' title='bbox 695 1656 870 1739; x_wconf 63' lang='lat' dir='ltr'><strong>exstirpari</strong></span> <span class='ocrx_word' id='word_1_104' title='bbox 891 1666 1026 1739; x_wconf 79' lang='lat' dir='ltr'><strong>oportet,</strong></span> <span class='ocrx_word' id='word_1_105' title='bbox 1056 1666 1092 1719; x_wconf 84' lang='lat' dir='ltr'><strong>ut</strong></span> <span class='ocrx_word' id='word_1_106' title='bbox 1113 1657 1153 1719; x_wconf 80' lang='lat' dir='ltr'><strong>ds</strong></span> <span class='ocrx_word' id='word_1_107' title='bbox 1173 1655 1255 1720; x_wconf 80' lang='lat' dir='ltr'><strong>tono</strong></span> 
     </span>
     <span class='ocr_line' id='line_1_13' title="bbox 80 1768 1254 1853; baseline 0.003 -22"><span class='ocrx_word' id='word_1_108' title='bbox 80 1768 241 1853; x_wconf 63' lang='lat' dir='ltr'><strong>manselli</strong></span> <span class='ocrx_word' id='word_1_109' title='bbox 270 1770 386 1833; x_wconf 79' lang='lat' dir='ltr'><strong>semine</strong></span> <span class='ocrx_word' id='word_1_110' title='bbox 419 1770 515 1833; x_wconf 81' lang='lat' dir='ltr'><strong>cordo</strong></span> <span class='ocrx_word' id='word_1_111' title='bbox 550 1781 653 1834; x_wconf 80' lang='lat' dir='ltr'><strong>oestro</strong></span> <span class='ocrx_word' id='word_1_112' title='bbox 680 1769 876 1852; x_wconf 74' lang='lat' dir='ltr'><strong>fruoeu&#39;fieent</strong></span> <span class='ocrx_word' id='word_1_113' title='bbox 909 1772 944 1833; x_wconf 82' lang='lat' dir='ltr'><strong>io</strong></span> <span class='ocrx_word' id='word_1_114' title='bbox 977 1773 1075 1835; x_wconf 85' lang='lat' dir='ltr'><strong>uitam</strong></span> <span class='ocrx_word' id='word_1_115' title='bbox 1108 1782 1254 1836; x_wconf 64' lang='lat' dir='ltr'><strong>ammons</strong></span> 
     </span>
     <span class='ocr_line' id='line_1_14' title="bbox 80 1880 1254 1970; baseline 0.003 -23"><span class='ocrx_word' id='word_1_116' title='bbox 80 1880 141 1947; x_wconf 91' lang='lat' dir='ltr'><strong>His</strong></span> <span class='ocrx_word' id='word_1_117' title='bbox 169 1885 202 1949; x_wconf 92' lang='lat' dir='ltr'><strong>et</strong></span> <span class='ocrx_word' id='word_1_118' title='bbox 232 1882 302 1949; x_wconf 85' lang='lat' dir='ltr'><strong>eliis</strong></span> <span class='ocrx_word' id='word_1_119' title='bbox 336 1881 515 1949; x_wconf 88' lang='lat' dir='ltr'><strong>huiusmodi</strong></span> <span class='ocrx_word' id='word_1_120' title='bbox 549 1882 745 1950; x_wconf 80' lang='lat' dir='ltr'><strong>sermonibus</strong></span> <span class='ocrx_word' id='word_1_121' title='bbox 776 1887 931 1969; x_wconf 90' lang='lat' dir='ltr'><strong>oportune</strong></span> <span class='ocrx_word' id='word_1_122' title='bbox 956 1884 1137 1970; x_wconf 81' lang='lat' dir='ltr'><strong>importune</strong></span> <span class='ocrx_word' id='word_1_123' title='bbox 1165 1884 1254 1951; x_wconf 87' lang='lat' dir='ltr'><strong>obse·</strong></span> 
     </span>
     <span class='ocr_line' id='line_1_15' title="bbox 79 1994 1255 2085; baseline 0.003 -22"><span class='ocrx_word' id='word_1_124' title='bbox 79 1997 199 2064; x_wconf 83' lang='lat' dir='ltr'><strong>orendo</strong></span> <span class='ocrx_word' id='word_1_125' title='bbox 222 1998 414 2085; x_wconf 76' lang='lat' dir='ltr'><strong>increpando</strong></span> <span class='ocrx_word' id='word_1_126' title='bbox 437 1994 613 2081; x_wconf 80' lang='lat' dir='ltr'><strong>orguendo⁸</strong></span> <span class='ocrx_word' id='word_1_127' title='bbox 635 2019 693 2085; x_wconf 91' lang='lat' dir='ltr'><strong>per</strong></span> <span class='ocrx_word' id='word_1_128' title='bbox 715 1998 855 2082; x_wconf 78' lang='lat' dir='ltr'><strong>singulm</strong></span> <span class='ocrx_word' id='word_1_129' title='bbox 878 1998 945 2066; x_wconf 90' lang='lat' dir='ltr'><strong>dies</strong></span> <span class='ocrx_word' id='word_1_130' title='bbox 967 1998 1133 2083; x_wconf 87' lang='lat' dir='ltr'><strong>insistens,</strong></span> <span class='ocrx_word' id='word_1_131' title='bbox 1158 2001 1255 2067; x_wconf 93' lang='lat' dir='ltr'><strong>duros</strong></span> 
     </span>
     <span class='ocr_line' id='line_1_16' title="bbox 78 2112 1255 2201; baseline 0.001 -21"><span class='ocrx_word' id='word_1_132' title='bbox 78 2113 247 2197; x_wconf 74' lang='lat' dir='ltr'><strong>gentilium</strong></span> <span class='ocrx_word' id='word_1_133' title='bbox 272 2114 393 2181; x_wconf 86' lang='lat' dir='ltr'><strong>unimos</strong></span> <span class='ocrx_word' id='word_1_134' title='bbox 417 2114 545 2181; x_wconf 71' lang='lat' dir='ltr'><strong>tandem</strong></span> <span class='ocrx_word' id='word_1_135' title='bbox 570 2114 616 2181; x_wconf 85' lang='lat' dir='ltr'><strong>ito</strong></span> <span class='ocrx_word' id='word_1_136' title='bbox 638 2112 806 2198; x_wconf 79' lang='lat' dir='ltr'><strong>emollivit,</strong></span> <span class='ocrx_word' id='word_1_137' title='bbox 835 2119 872 2181; x_wconf 93' lang='lat' dir='ltr'><strong>ut</strong></span> <span class='ocrx_word' id='word_1_138' title='bbox 893 2114 956 2201; x_wconf 89' lang='lat' dir='ltr'><strong>ipsi</strong></span> <span class='ocrx_word' id='word_1_139' title='bbox 979 2114 1070 2181; x_wconf 89' lang='lat' dir='ltr'><strong>edem</strong></span> <span class='ocrx_word' id='word_1_140' title='bbox 1093 2115 1255 2181; x_wconf 79' lang='lat' dir='ltr'><strong>execrabi-</strong></span> 
     </span>
     <span class='ocr_line' id='line_1_17' title="bbox 78 2228 1255 2315; baseline 0.001 -20"><span class='ocrx_word' id='word_1_141' title='bbox 78 2228 155 2312; x_wconf 91' lang='lat' dir='ltr'><strong>lem,</strong></span> <span class='ocrx_word' id='word_1_142' title='bbox 179 2229 218 2296; x_wconf 90' lang='lat' dir='ltr'><strong>de</strong></span> <span class='ocrx_word' id='word_1_143' title='bbox 240 2250 303 2314; x_wconf 87' lang='lat' dir='ltr'><strong>qus</strong></span> <span class='ocrx_word' id='word_1_144' title='bbox 324 2235 392 2297; x_wconf 81' lang='lat' dir='ltr'><strong>tutu</strong></span> <span class='ocrx_word' id='word_1_145' title='bbox 414 2230 536 2315; x_wconf 76' lang='lat' dir='ltr'><strong>questio</strong></span> <span class='ocrx_word' id='word_1_146' title='bbox 559 2229 629 2314; x_wconf 83' lang='lat' dir='ltr'><strong>luit,</strong></span> <span class='ocrx_word' id='word_1_147' title='bbox 653 2230 719 2296; x_wconf 90' lang='lat' dir='ltr'><strong>suis</strong></span> <span class='ocrx_word' id='word_1_148' title='bbox 742 2230 888 2297; x_wconf 86' lang='lat' dir='ltr'><strong>menibus</strong></span> <span class='ocrx_word' id='word_1_149' title='bbox 910 2230 1146 2314; x_wconf 75' lang='lat' dir='ltr'><strong>confringerent</strong></span> <span class='ocrx_word' id='word_1_150' title='bbox 1165 2236 1197 2298; x_wconf 89' lang='lat' dir='ltr'><strong>et</strong></span> <span class='ocrx_word' id='word_1_151' title='bbox 1211 2232 1255 2297; x_wconf 91' lang='lat' dir='ltr'><strong>si·</strong></span> 
     </span>
     <span class='ocr_line' id='line_1_18' title="bbox 77 2324 1315 2432; baseline 0.003 -21"><span class='ocrx_word' id='word_1_152' title='bbox 77 2344 223 2412; x_wconf 83' lang='lat' dir='ltr'><strong>mulsere</strong></span> <span class='ocrx_word' id='word_1_153' title='bbox 245 2350 469 2432; x_wconf 71' lang='lat' dir='ltr'><strong>protererent.</strong></span> <span class='ocrx_word' id='word_1_154' title='bbox 1310 2324 1315 2331; x_wconf 44' lang='grc'><strong><em>’</em></strong></span> 
     </span>
     <span class='ocr_line' id='line_1_19' title="bbox 172 2460 1255 2546; baseline 0.005 -22"><span class='ocrx_word' id='word_1_155' title='bbox 172 2462 202 2526; x_wconf 90' lang='grc'><strong>8.</strong></span> <span class='ocrx_word' id='word_1_156' title='bbox 232 2460 316 2528; x_wconf 90' lang='lat' dir='ltr'><strong>Dum</strong></span> <span class='ocrx_word' id='word_1_157' title='bbox 333 2483 371 2530; x_wconf 86' lang='lat' dir='ltr'><strong>ee</strong></span> <span class='ocrx_word' id='word_1_158' title='bbox 386 2463 585 2546; x_wconf 78' lang='lat' dir='ltr'><strong>gerebantur,</strong></span> <span class='ocrx_word' id='word_1_159' title='bbox 608 2460 703 2545; x_wconf 77' lang='lat' dir='ltr'><strong>legati</strong></span> <span class='ocrx_word' id='word_1_160' title='bbox 719 2463 911 2530; x_wconf 80' lang='lat' dir='ltr'><strong>marchionis</strong></span> <span class='ocrx_word' id='word_1_161' title='bbox 921 2463 1087 2530; x_wconf 83' lang='lat' dir='ltr'><strong>Adalberti</strong></span> <span class='ocrx_word' id='word_1_162' title='bbox 1103 2462 1142 2529; x_wconf 92' lang='lat' dir='ltr'><strong>de</strong></span> <span class='ocrx_word' id='word_1_163' title='bbox 1155 2463 1255 2530; x_wconf 81' lang='lat' dir='ltr'><strong>Suro-</strong></span> 
     </span>
     <span class='ocr_line' id='line_1_20' title="bbox 77 2575 1253 2664; baseline 0.001 -22"><span class='ocrx_word' id='word_1_164' title='bbox 77 2575 136 2643; x_wconf 84' lang='lat' dir='ltr'><strong>nis</strong></span> <span class='ocrx_word' id='word_1_165' title='bbox 150 2595 370 2662; x_wconf 85' lang='lat' dir='ltr'><strong>supervenere,</strong></span> <span class='ocrx_word' id='word_1_166' title='bbox 394 2597 491 2664; x_wconf 89' lang='lat' dir='ltr'><strong>operu</strong></span> <span class='ocrx_word' id='word_1_167' title='bbox 514 2583 545 2645; x_wconf 89' lang='lat' dir='ltr'><strong>et</strong></span> <span class='ocrx_word' id='word_1_168' title='bbox 567 2583 684 2645; x_wconf 79' lang='lat' dir='ltr'><strong>statum</strong></span> <span class='ocrx_word' id='word_1_169' title='bbox 707 2577 848 2664; x_wconf 88' lang='lat' dir='ltr'><strong>episeopi</strong></span> <span class='ocrx_word' id='word_1_170' title='bbox 869 2578 1009 2646; x_wconf 77' lang='lat' dir='ltr'><strong>studiose</strong></span> <span class='ocrx_word' id='word_1_171' title='bbox 1029 2575 1253 2663; x_wconf 84' lang='lat' dir='ltr'><strong>inquirentes‘.</strong></span> 
     </span>
     <span class='ocr_line' id='line_1_21' title="bbox 77 2690 1253 2782; baseline 0.002 -22"><span class='ocrx_word' id='word_1_172' title='bbox 77 2690 222 2760; x_wconf 82' lang='lat' dir='ltr'><strong>Murohio</strong></span> <span class='ocrx_word' id='word_1_173' title='bbox 247 2693 374 2778; x_wconf 87' lang='lat' dir='ltr'><strong>etenim,</strong></span> <span class='ocrx_word' id='word_1_174' title='bbox 397 2714 469 2762; x_wconf 90' lang='lat' dir='ltr'><strong>oum</strong></span> <span class='ocrx_word' id='word_1_175' title='bbox 492 2699 576 2761; x_wconf 89' lang='lat' dir='ltr'><strong>esset</strong></span> <span class='ocrx_word' id='word_1_176' title='bbox 598 2694 717 2760; x_wconf 78' lang='lat' dir='ltr'><strong>amieos</strong></span> <span class='ocrx_word' id='word_1_177' title='bbox 732 2693 825 2761; x_wconf 83' lang='lat' dir='ltr'><strong>vuldo</strong></span> <span class='ocrx_word' id='word_1_178' title='bbox 847 2714 886 2760; x_wconf 86' lang='lat' dir='ltr'><strong>eo</strong></span> <span class='ocrx_word' id='word_1_179' title='bbox 905 2693 1071 2761; x_wconf 84' lang='lat' dir='ltr'><strong>tumiliuris</strong></span> <span class='ocrx_word' id='word_1_180' title='bbox 1094 2695 1253 2782; x_wconf 82' lang='lat' dir='ltr'><strong>episeopo,</strong></span> 
     </span>
     <span class='ocr_line' id='line_1_22' title="bbox 75 2809 1254 2898; baseline 0.002 -23"><span class='ocrx_word' id='word_1_181' title='bbox 75 2810 116 2876; x_wconf 89' lang='lat' dir='ltr'><strong>in</strong></span> <span class='ocrx_word' id='word_1_182' title='bbox 138 2816 232 2894; x_wconf 77' lang='lat' dir='ltr'><strong>gente</strong></span> <span class='ocrx_word' id='word_1_183' title='bbox 254 2809 390 2877; x_wconf 82' lang='lat' dir='ltr'><strong>barbaro</strong></span> <span class='ocrx_word' id='word_1_184' title='bbox 411 2810 494 2878; x_wconf 90' lang='lat' dir='ltr'><strong>huno</strong></span> <span class='ocrx_word' id='word_1_185' title='bbox 516 2810 708 2898; x_wconf 77' lang='lat' dir='ltr'><strong>periolituri&#39;</strong></span> <span class='ocrx_word' id='word_1_186' title='bbox 732 2809 908 2892; x_wconf 87' lang='lat' dir='ltr'><strong>metoebut;</strong></span> <span class='ocrx_word' id='word_1_187' title='bbox 931 2810 1026 2894; x_wconf 82' lang='lat' dir='ltr'><strong>undo,</strong></span> <span class='ocrx_word' id='word_1_188' title='bbox 1047 2812 1075 2877; x_wconf 90' lang='lat' dir='ltr'><strong>si</strong></span> <span class='ocrx_word' id='word_1_189' title='bbox 1097 2830 1178 2898; x_wconf 85' lang='lat' dir='ltr'><strong>epm</strong></span> <span class='ocrx_word' id='word_1_190' title='bbox 1197 2811 1254 2877; x_wconf 84' lang='lat' dir='ltr'><strong>hu-</strong></span> 
     </span>
     <span class='ocr_line' id='line_1_23' title="bbox 76 2925 1254 3014; baseline 0 -21"><span class='ocrx_word' id='word_1_191' title='bbox 76 2925 180 3010; x_wconf 87' lang='lat' dir='ltr'><strong>bsret,</strong></span> <span class='ocrx_word' id='word_1_192' title='bbox 204 2927 376 3013; x_wconf 87' lang='lat' dir='ltr'><strong>presidium</strong></span> <span class='ocrx_word' id='word_1_193' title='bbox 401 2928 430 2994; x_wconf 89' lang='lat' dir='ltr'><strong>ei</strong></span> <span class='ocrx_word' id='word_1_194' title='bbox 453 2931 485 2994; x_wconf 92' lang='lat' dir='ltr'><strong>et</strong></span> <span class='ocrx_word' id='word_1_195' title='bbox 500 2947 591 3014; x_wconf 92' lang='lat' dir='ltr'><strong>opem</strong></span> <span class='ocrx_word' id='word_1_196' title='bbox 607 2927 690 2995; x_wconf 87' lang='lat' dir='ltr'><strong>ferre</strong></span> <span class='ocrx_word' id='word_1_197' title='bbox 705 2925 862 3013; x_wconf 73' lang='lat' dir='ltr'><strong>sopiebat</strong></span> <span class='ocrx_word' id='word_1_198' title='bbox 897 2925 1029 2993; x_wconf 84' lang='lat' dir='ltr'><strong>Aituere</strong></span> <span class='ocrx_word' id='word_1_199' title='bbox 1043 2926 1138 2993; x_wconf 89' lang='lat' dir='ltr'><strong>simul</strong></span> <span class='ocrx_word' id='word_1_200' title='bbox 1153 2928 1254 3014; x_wconf 87' lang='lat' dir='ltr'><strong>ipsius</strong></span> 
     </span>
     <span class='ocr_line' id='line_1_24' title="bbox 76 3041 1253 3130; baseline -0.001 -20"><span class='ocrx_word' id='word_1_201' title='bbox 76 3041 223 3129; x_wconf 89' lang='lat' dir='ltr'><strong>episoopi</strong></span> <span class='ocrx_word' id='word_1_202' title='bbox 246 3044 404 3110; x_wconf 78' lang='lat' dir='ltr'><strong>economi⁰</strong></span> <span class='ocrx_word' id='word_1_203' title='bbox 429 3048 461 3110; x_wconf 89' lang='lat' dir='ltr'><strong>et</strong></span> <span class='ocrx_word' id='word_1_204' title='bbox 475 3041 721 3130; x_wconf 76' lang='lat' dir='ltr'><strong>‘proourutorum</strong></span> <span class='ocrx_word' id='word_1_205' title='bbox 745 3043 864 3128; x_wconf 90' lang='lat' dir='ltr'><strong>nunoii,</strong></span> <span class='ocrx_word' id='word_1_206' title='bbox 887 3063 999 3110; x_wconf 85' lang='lat' dir='ltr'><strong>surum</strong></span> <span class='ocrx_word' id='word_1_207' title='bbox 1022 3048 1055 3110; x_wconf 92' lang='lat' dir='ltr'><strong>et</strong></span> <span class='ocrx_word' id='word_1_208' title='bbox 1076 3048 1253 3129; x_wconf 74' lang='lat' dir='ltr'><strong>argentum,</strong></span> 
     </span>
     <span class='ocr_line' id='line_1_25' title="bbox 74 3155 1253 3245; baseline 0.002 -21"><span class='ocrx_word' id='word_1_209' title='bbox 74 3165 185 3228; x_wconf 83' lang='lat' dir='ltr'><strong>vestes</strong></span> <span class='ocrx_word' id='word_1_210' title='bbox 208 3179 331 3245; x_wconf 88' lang='lat' dir='ltr'><strong>quoqne</strong></span> <span class='ocrx_word' id='word_1_211' title='bbox 354 3163 386 3226; x_wconf 87' lang='lat' dir='ltr'><strong>et</strong></span> <span class='ocrx_word' id='word_1_212' title='bbox 408 3159 473 3227; x_wconf 86' lang='lat' dir='ltr'><strong>eliu</strong></span> <span class='ocrx_word' id='word_1_213' title='bbox 493 3160 674 3227; x_wconf 74' lang='lat' dir='ltr'><strong>necessarie</strong></span> <span class='ocrx_word' id='word_1_214' title='bbox 695 3161 725 3226; x_wconf 92' lang='lat' dir='ltr'><strong>ei</strong></span> <span class='ocrx_word' id='word_1_215' title='bbox 748 3159 932 3226; x_wconf 82' lang='lat' dir='ltr'><strong>deferentes.</strong></span> <span class='ocrx_word' id='word_1_216' title='bbox 967 3157 1010 3224; x_wconf 92' lang='lat' dir='ltr'><strong>Ut</strong></span> <span class='ocrx_word' id='word_1_217' title='bbox 1032 3159 1116 3226; x_wconf 90' lang='lat' dir='ltr'><strong>euim</strong></span> <span class='ocrx_word' id='word_1_218' title='bbox 1138 3155 1253 3245; x_wconf 79' lang='lat' dir='ltr'><strong>supru⁸</strong></span> 
     </span>
     <span class='ocr_line' id='line_1_26' title="bbox 75 3274 1253 3360; baseline 0.001 -18"><span class='ocrx_word' id='word_1_219' title='bbox 75 3275 201 3342; x_wconf 89' lang='lat' dir='ltr'><strong>dietum</strong></span> <span class='ocrx_word' id='word_1_220' title='bbox 224 3281 282 3357; x_wconf 89' lang='lat' dir='ltr'><strong>est,</strong></span> <span class='ocrx_word' id='word_1_221' title='bbox 307 3274 382 3342; x_wconf 90' lang='lat' dir='ltr'><strong>lieet</strong></span> <span class='ocrx_word' id='word_1_222' title='bbox 404 3275 602 3360; x_wconf 76' lang='lat' dir='ltr'><strong>euangelium</strong></span> <span class='ocrx_word' id='word_1_223' title='bbox 627 3275 822 3342; x_wconf 84' lang='lat' dir='ltr'><strong>unnnnoiuns</strong></span> <span class='ocrx_word' id='word_1_224' title='bbox 845 3274 885 3342; x_wconf 92' lang='lat' dir='ltr'><strong>de</strong></span> <span class='ocrx_word' id='word_1_225' title='bbox 899 3274 1063 3357; x_wconf 75' lang='lat' dir='ltr'><strong>euangelio</strong></span> <span class='ocrx_word' id='word_1_226' title='bbox 1078 3275 1185 3340; x_wconf 88' lang='lat' dir='ltr'><strong>rivere</strong></span> <span class='ocrx_word' id='word_1_227' title='bbox 1199 3274 1253 3343; x_wconf 89' lang='lat' dir='ltr'><strong>de-</strong></span> 
     </span>
     <span class='ocr_line' id='line_1_27' title="bbox 75 3389 1253 3477; baseline -0.002 -19"><span class='ocrx_word' id='word_1_228' title='bbox 75 3391 186 3474; x_wconf 89' lang='lat' dir='ltr'><strong>beret,</strong></span> <span class='ocrx_word' id='word_1_229' title='bbox 213 3391 283 3477; x_wconf 90' lang='lat' dir='ltr'><strong>ipse</strong></span> <span class='ocrx_word' id='word_1_230' title='bbox 305 3390 401 3458; x_wconf 91' lang='lat' dir='ltr'><strong>niohil</strong></span> <span class='ocrx_word' id='word_1_231' title='bbox 424 3391 536 3459; x_wconf 89' lang='lat' dir='ltr'><strong>horum</strong></span> <span class='ocrx_word' id='word_1_232' title='bbox 559 3392 606 3458; x_wconf 89' lang='lat' dir='ltr'><strong>uti</strong></span> <span class='ocrx_word' id='word_1_233' title='bbox 629 3391 754 3475; x_wconf 88' lang='lat' dir='ltr'><strong>rolens,</strong></span> <span class='ocrx_word' id='word_1_234' title='bbox 782 3391 848 3457; x_wconf 89' lang='lat' dir='ltr'><strong>suis</strong></span> <span class='ocrx_word' id='word_1_235' title='bbox 870 3409 905 3457; x_wconf 88' lang='lat' dir='ltr'><strong>se</strong></span> <span class='ocrx_word' id='word_1_236' title='bbox 927 3394 1051 3456; x_wconf 84' lang='lat' dir='ltr'><strong>tentum</strong></span> <span class='ocrx_word' id='word_1_237' title='bbox 1074 3389 1253 3477; x_wconf 76' lang='lat' dir='ltr'><strong>sumpt&#39;bus</strong></span> 
     </span>
     <span class='ocr_line' id='line_1_28' title="bbox 72 3503 1252 3592; baseline -0.004 -16"><span class='ocrx_word' id='word_1_238' title='bbox 72 3503 320 3590; x_wconf 68' lang='lat' dir='ltr'><strong>transigebut⁴⁶.</strong></span> <span class='ocrx_word' id='word_1_239' title='bbox 357 3507 456 3590; x_wconf 77' lang='lat' dir='ltr'><strong>Igitur</strong></span> <span class='ocrx_word' id='word_1_240' title='bbox 478 3506 598 3591; x_wconf 77' lang='lat' dir='ltr'><strong>legatos</strong></span> <span class='ocrx_word' id='word_1_241' title='bbox 614 3527 723 3574; x_wconf 93' lang='lat' dir='ltr'><strong>omnes</strong></span> <span class='ocrx_word' id='word_1_242' title='bbox 741 3506 826 3592; x_wconf 82' lang='lat' dir='ltr'><strong>apud</strong></span> <span class='ocrx_word' id='word_1_243' title='bbox 841 3526 876 3574; x_wconf 88' lang='lat' dir='ltr'><strong>se</strong></span> <span class='ocrx_word' id='word_1_244' title='bbox 895 3505 941 3572; x_wconf 89' lang='lat' dir='ltr'><strong>ibi</strong></span> <span class='ocrx_word' id='word_1_245' title='bbox 955 3510 1022 3572; x_wconf 82' lang='lat' dir='ltr'><strong>tom</strong></span> <span class='ocrx_word' id='word_1_246' title='bbox 1038 3504 1091 3572; x_wconf 91' lang='lat' dir='ltr'><strong>diu</strong></span> <span class='ocrx_word' id='word_1_247' title='bbox 1106 3504 1252 3590; x_wconf 89' lang='lat' dir='ltr'><strong>detinuit,</strong></span> 
     </span>
     <span class='ocr_line' id='line_1_29' title="bbox 73 3620 1252 3710; baseline -0.002 -20"><span class='ocrx_word' id='word_1_248' title='bbox 73 3640 243 3710; x_wconf 85' lang='lat' dir='ltr'><strong>quousque</strong></span> <span class='ocrx_word' id='word_1_249' title='bbox 258 3621 393 3689; x_wconf 83' lang='lat' dir='ltr'><strong>ridendo</strong></span> <span class='ocrx_word' id='word_1_250' title='bbox 418 3627 450 3690; x_wconf 93' lang='lat' dir='ltr'><strong>et</strong></span> <span class='ocrx_word' id='word_1_251' title='bbox 472 3623 627 3691; x_wconf 84' lang='lat' dir='ltr'><strong>audiendo</strong></span> <span class='ocrx_word' id='word_1_252' title='bbox 645 3623 812 3705; x_wconf 76' lang='lat' dir='ltr'><strong>disserent</strong></span> <span class='ocrx_word' id='word_1_253' title='bbox 835 3621 911 3707; x_wconf 90' lang='lat' dir='ltr'><strong>quid</strong></span> <span class='ocrx_word' id='word_1_254' title='bbox 926 3621 966 3688; x_wconf 91' lang='lat' dir='ltr'><strong>de</strong></span> <span class='ocrx_word' id='word_1_255' title='bbox 980 3620 1082 3707; x_wconf 89' lang='lat' dir='ltr'><strong>ipsius</strong></span> <span class='ocrx_word' id='word_1_256' title='bbox 1104 3620 1252 3708; x_wconf 87' lang='lat' dir='ltr'><strong>oporibus</strong></span> 
     </span>
     <span class='ocr_line' id='line_1_30' title="bbox 72 3736 1251 3823; baseline -0.003 -16"><span class='ocrx_word' id='word_1_257' title='bbox 72 3743 138 3808; x_wconf 88' lang='lat' dir='ltr'><strong>unt</strong></span> <span class='ocrx_word' id='word_1_258' title='bbox 165 3743 249 3805; x_wconf 82' lang='lat' dir='ltr'><strong>stetu</strong></span> <span class='ocrx_word' id='word_1_259' title='bbox 277 3738 395 3806; x_wconf 84' lang='lat' dir='ltr'><strong>referre</strong></span> <span class='ocrx_word' id='word_1_260' title='bbox 417 3737 576 3806; x_wconf 87' lang='lat' dir='ltr'><strong>deberent</strong></span> <span class='ocrx_word' id='word_1_261' title='bbox 669 3737 784 3822; x_wconf 86' lang='lat' dir='ltr'><strong>Porro,</strong></span> <span class='ocrx_word' id='word_1_262' title='bbox 813 3737 983 3823; x_wconf 82' lang='lat' dir='ltr'><strong>baptizetis</strong></span> <span class='ocrx_word' id='word_1_263' title='bbox 1011 3736 1156 3804; x_wconf 85' lang='lat' dir='ltr'><strong>omnibns</strong></span> <span class='ocrx_word' id='word_1_264' title='bbox 1185 3743 1251 3804; x_wconf 86' lang='lat' dir='ltr'><strong>tum</strong></span> 
     </span>
     <span class='ocr_line' id='line_1_31' title="bbox 71 3851 1252 3938; baseline -0.003 -16"><span class='ocrx_word' id='word_1_265' title='bbox 71 3854 159 3922; x_wconf 87' lang='lat' dir='ltr'><strong>viris</strong></span> <span class='ocrx_word' id='word_1_266' title='bbox 187 3873 281 3938; x_wconf 81' lang='lat' dir='ltr'><strong>quum</strong></span> <span class='ocrx_word' id='word_1_267' title='bbox 311 3853 494 3922; x_wconf 88' lang='lat' dir='ltr'><strong>mulieribus</strong></span> <span class='ocrx_word' id='word_1_268' title='bbox 521 3854 621 3922; x_wconf 82' lang='lat' dir='ltr'><strong>tooim</strong></span> <span class='ocrx_word' id='word_1_269' title='bbox 643 3853 799 3937; x_wconf 86' lang='lat' dir='ltr'><strong>oiritetis,</strong></span> <span class='ocrx_word' id='word_1_270' title='bbox 827 3852 868 3918; x_wconf 86' lang='lat' dir='ltr'><strong>ud</strong></span> <span class='ocrx_word' id='word_1_271' title='bbox 889 3851 1120 3920; x_wconf 83' lang='lat' dir='ltr'><strong>dedioutionom</strong></span> <span class='ocrx_word' id='word_1_272' title='bbox 1142 3853 1252 3920; x_wconf 78' lang='lat' dir='ltr'><strong>alteris</strong></span> 
     </span>
     <span class='ocr_line' id='line_1_32' title="bbox 71 3967 1252 4054; baseline -0.003 -14"><span class='ocrx_word' id='word_1_273' title='bbox 71 3989 118 4040; x_wconf 80' lang='lat' dir='ltr'><strong>so</strong></span> <span class='ocrx_word' id='word_1_274' title='bbox 141 3969 313 4038; x_wconf 85' lang='lat' dir='ltr'><strong>sunetuurii</strong></span> <span class='ocrx_word' id='word_1_275' title='bbox 335 3971 399 4036; x_wconf 90' lang='lat' dir='ltr'><strong>iam</strong></span> <span class='ocrx_word' id='word_1_276' title='bbox 422 3971 580 4054; x_wconf 74' lang='lat' dir='ltr'><strong>surgentis</strong></span> <span class='ocrx_word' id='word_1_277' title='bbox 603 3967 732 4038; x_wconf 85' lang='lat' dir='ltr'><strong>busilioe</strong></span> <span class='ocrx_word' id='word_1_278' title='bbox 749 3968 851 4036; x_wconf 83' lang='lat' dir='ltr'><strong>multu</strong></span> <span class='ocrx_word' id='word_1_279' title='bbox 865 3967 1059 4036; x_wconf 83' lang='lat' dir='ltr'><strong>exultetione</strong></span> <span class='ocrx_word' id='word_1_280' title='bbox 1073 3967 1183 4054; x_wconf 85' lang='lat' dir='ltr'><strong>populi</strong></span> <span class='ocrx_word' id='word_1_281' title='bbox 1197 3967 1252 4037; x_wconf 90' lang='lat' dir='ltr'><strong>de-</strong></span> 
     </span>
    </p>
   </div>
   <div class='ocr_carea' id='block_1_3' title="bbox 69 4162 1250 4303">
    <p class='ocr_par' dir='ltr' id='par_1_3' title="bbox 69 4162 1250 4303">
     <span class='ocr_line' id='line_1_33' title="bbox 153 4162 1250 4226; baseline -0.001 -14"><span class='ocrx_word' id='word_1_282' title='bbox 153 4179 174 4212; x_wconf 77' lang='lat' dir='ltr'><strong>u.</strong></span> <span class='ocrx_word' id='word_1_283' title='bbox 196 4167 350 4226; x_wconf 85' lang='lat' dir='ltr'><strong>proterrerent</strong></span> <span class='ocrx_word' id='word_1_284' title='bbox 366 4165 396 4212; x_wconf 87' lang='lat' dir='ltr'><strong>N.</strong></span> <span class='ocrx_word' id='word_1_285' title='bbox 512 4165 535 4212; x_wconf 85' lang='lat' dir='ltr'><strong>b.</strong></span> <span class='ocrx_word' id='word_1_286' title='bbox 559 4164 671 4224; x_wconf 77' lang='lat' dir='ltr'><strong>prediotri</strong></span> <span class='ocrx_word' id='word_1_287' title='bbox 687 4164 722 4221; x_wconf 88' lang='lat' dir='ltr'><strong>N,</strong></span> <span class='ocrx_word' id='word_1_288' title='bbox 742 4163 867 4224; x_wconf 74' lang='lat' dir='ltr'><strong>petiolitsri</strong></span> <span class='ocrx_word' id='word_1_289' title='bbox 882 4162 935 4209; x_wconf 80' lang='lat' dir='ltr'><strong>BR.</strong></span> <span class='ocrx_word' id='word_1_290' title='bbox 1055 4176 1075 4208; x_wconf 77' lang='lat' dir='ltr'><strong>u</strong></span> <span class='ocrx_word' id='word_1_291' title='bbox 1099 4164 1203 4210; x_wconf 68' lang='lat' dir='ltr'><strong>ieonomi</strong></span> <span class='ocrx_word' id='word_1_292' title='bbox 1219 4163 1250 4211; x_wconf 85' lang='lat' dir='ltr'><strong>N.</strong></span> 
     </span>
     <span class='ocr_line' id='line_1_34' title="bbox 69 4243 523 4303; baseline -0.011 -8"><span class='ocrx_word' id='word_1_293' title='bbox 69 4247 100 4295; x_wconf 86' lang='lat' dir='ltr'><strong>d.</strong></span> <span class='ocrx_word' id='word_1_294' title='bbox 127 4243 252 4292; x_wconf 72' lang='lat' dir='ltr'><strong>nmnoou</strong></span> <span class='ocrx_word' id='word_1_295' title='bbox 268 4243 322 4300; x_wconf 87' lang='lat' dir='ltr'><strong>NB,</strong></span> <span class='ocrx_word' id='word_1_296' title='bbox 338 4244 478 4303; x_wconf 74' lang='lat' dir='ltr'><strong>trmsigebst</strong></span> <span class='ocrx_word' id='word_1_297' title='bbox 493 4243 523 4290; x_wconf 79' lang='lat' dir='ltr'><strong>n.</strong></span> 
     </span>
    </p>
   </div>
   <div class='ocr_carea' id='block_1_4' title="bbox 68 4352 1250 4515">
    <p class='ocr_par' dir='ltr' id='par_1_4' title="bbox 68 4352 1250 4515">
     <span class='ocr_line' id='line_1_35' title="bbox 153 4352 1250 4427; baseline -0.002 -16"><span class='ocrx_word' id='word_1_298' title='bbox 153 4357 178 4412; x_wconf 93' lang='lat'><strong>1.</strong></span> <span class='ocrx_word' id='word_1_299' title='bbox 196 4355 326 4427; x_wconf 68' lang='lat' dir='ltr'><strong>soors,</strong></span> <span class='ocrx_word' id='word_1_300' title='bbox 341 4357 383 4412; x_wconf 75' lang='lat'><strong>15.</strong></span> <span class='ocrx_word' id='word_1_301' title='bbox 472 4357 498 4413; x_wconf 76' lang='lat'><strong>2.</strong></span> <span class='ocrx_word' id='word_1_302' title='bbox 517 4353 663 4412; x_wconf 69' lang='lat' dir='ltr'><strong>(ltdcor.</strong></span> <span class='ocrx_word' id='word_1_303' title='bbox 676 4356 702 4426; x_wconf 85' lang='lat'><strong>6,</strong></span> <span class='ocrx_word' id='word_1_304' title='bbox 716 4356 758 4410; x_wconf 78' lang='lat'><strong>16.</strong></span> <span class='ocrx_word' id='word_1_305' title='bbox 848 4355 874 4409; x_wconf 83' lang='lat'><strong>3.</strong></span> <span class='ocrx_word' id='word_1_306' title='bbox 893 4352 1032 4422; x_wconf 60' lang='lat' dir='ltr'><strong>sulum,</strong></span> <span class='ocrx_word' id='word_1_307' title='bbox 1051 4355 1077 4409; x_wconf 73' lang='lat'><strong>2.</strong></span> <span class='ocrx_word' id='word_1_308' title='bbox 1160 4354 1187 4409; x_wconf 80' lang='lat'><strong>4.</strong></span> <span class='ocrx_word' id='word_1_309' title='bbox 1207 4352 1250 4409; x_wconf 74' lang='lat' dir='ltr'><strong>(tt.</strong></span> 
     </span>
     <span class='ocr_line' id='line_1_36' title="bbox 68 4439 1038 4515; baseline -0.005 -14"><span class='ocrx_word' id='word_1_310' title='bbox 68 4444 142 4504; x_wconf 84' lang='lat' dir='ltr'><strong>Ebu</strong></span> <span class='ocrx_word' id='word_1_311' title='bbox 154 4443 194 4500; x_wconf 92' lang='lat' dir='ltr'><strong>lll</strong></span> <span class='ocrx_word' id='word_1_312' title='bbox 207 4445 248 4500; x_wconf 85' lang='lat'><strong>10.</strong></span> <span class='ocrx_word' id='word_1_313' title='bbox 349 4445 374 4500; x_wconf 79' lang='lat'><strong>5.</strong></span> <span class='ocrx_word' id='word_1_314' title='bbox 393 4461 421 4515; x_wconf 92' lang='lat' dir='ltr'><strong>p.</strong></span> <span class='ocrx_word' id='word_1_315' title='bbox 435 4445 495 4514; x_wconf 72' lang='lat'><strong>790,</strong></span> <span class='ocrx_word' id='word_1_316' title='bbox 514 4443 545 4500; x_wconf 85' lang='lat' dir='ltr'><strong>L.</strong></span> <span class='ocrx_word' id='word_1_317' title='bbox 558 4443 597 4501; x_wconf 92' lang='lat'><strong>111</strong></span> <span class='ocrx_word' id='word_1_318' title='bbox 615 4459 639 4500; x_wconf 89' lang='lat' dir='ltr'><strong>o.</strong></span> <span class='ocrx_word' id='word_1_319' title='bbox 651 4445 675 4500; x_wconf 93' lang='lat'><strong>1.</strong></span> <span class='ocrx_word' id='word_1_320' title='bbox 782 4445 809 4498; x_wconf 79' lang='grc'><strong>6.</strong></span> <span class='ocrx_word' id='word_1_321' title='bbox 828 4439 1038 4498; x_wconf 57' lang='lat' dir='ltr'><strong>cretulus.</strong></span> 
     </span>
    </p>
   </div>
   <div class='ocr_carea' id='block_1_5' title="bbox 0 0 1576 4850">
    <p class='ocr_par' dir='ltr' id='par_1_5' title="bbox 0 0 1576 4850">
     <span class='ocr_line' id='line_1_37' title="bbox 0 0 1576 4850; baseline 0 4"><span class='ocrx_word' id='word_1_322' title='bbox 0 0 1576 4850; x_wconf 95' lang='lat' dir='ltr'><strong> </strong></span> 
     </span>
    </p>
   </div>
  </div>
 </body>
</html>
