3142 4850
490 334 657 385 nunnmcr
680 335 808 385 00an
842 333 878 386 ca
1206 316 1271 383 179

94 493 183 560 nohis
204 494 348 576 tradidit,
373 513 409 560 ec
431 493 579 561 videlicet
601 494 663 578 die,
686 515 748 580 quo
772 495 935 582 primitiva
961 493 1095 561 ecclesia
1116 494 1192 560 inde
1214 493 1270 560 ab
1290 508 1359 562 1099

93 611 175 675 iccta
195 611 267 693 fnit,
291 629 362 676 cum
384 610 502 676 festum
522 611 561 676 de
576 610 772 696 dispersione
797 611 1011 696 apostolorum
1027 609 1171 675 amultis
1193 607 1271 675 fide-
1288 579 1369 627 “¹⁸¹⁵

93 723 174 790 libus
197 725 385 792 celebratur.
425 724 523 791 Etsi
551 726 633 792 scire
662 725 864 810 desideratis,
894 725 969 810 quid
993 724 1033 791 de
1053 724 1196 792 hostibus
1225 725 1270 790 ibi

92 841 228 926 repertis
257 841 376 908 factum
398 841 522 924 fuerit·,
552 842 678 908 scitote:
710 843 786 926 quia
812 841 847 907 in
869 841 994 927 porticu
1017 839 1214 908 Salomonis*
1238 845 1271 906 et

92 957 126 1021 in
155 957 277 1042 templo
314 957 382 1023 eius
415 958 516 1024 nostri
551 957 735 1043 equitabant
766 959 800 1022 in
835 955 988 1041 sanguine
1024 955 1270 1024 Sarracenorum

90 1092 192 1158 usque
216 1072 258 1138 ad
280 1093 383 1156 genua
406 1091 566 1157 equorum.

181 1187 307 1256 Deinde
335 1208 406 1255 cnm
430 1189 610 1254 ordinatum
634 1193 731 1272 esset,
756 1188 810 1273 qui
833 1187 995 1254 civitatem
1017 1187 1154 1254 retinere
1177 1187 1270 1254 debc-

92 1309 163 1370 rcnt
188 1309 222 1370 ot
251 1303 305 1370 alii
335 1324 443 1371 amore
469 1305 593 1390 patriae
621 1309 655 1370 et
675 1305 795 1390 pietate
822 1309 989 1390 parentum
1017 1323 1145 1369 suornm
1167 1304 1271 1370 redire

91 1419 285 1504 noluissent,
315 1421 500 1486 nunciatum
523 1425 572 1486 est
594 1420 701 1504 nohis,
725 1420 809 1506 qnod
831 1440 888 1488 rex
910 1418 1148 1487 Babiloniorum
1171 1419 1270 1485 Asea-

93 1534 217 1602 lonam‘
234 1537 374 1602 venisset
395 1555 468 1602 cnm
488 1535 711 1602 innumerabili
734 1536 938 1603 multitudine
959 1555 1171 1622 paganorum
1195 1535 1271 1602 duc·

94 1655 183 1717 turus
213 1651 370 1734 Francos,
401 1653 455 1736 qui
485 1651 676 1718 lerosolimis
707 1659 814 1736 erant,
847 1653 881 1717 in
908 1652 1126 1738 captivitatem
1156 1656 1189 1716 et
1215 1669 1271 1716 er·

94 1773 292 1852 pugnaturus
309 1767 522 1851 Antiochiam,
546 1769 627 1834 sicut
649 1769 718 1854 ipse
742 1767 833 1834 dixit
867 1767 972 1834 Aliter
993 1773 1099 1833 autem
1114 1765 1270 1832 Dominus

95 1887 249 1950 statuerat
273 1884 312 1949 do
334 1883 434 1949 nohis.
471 1882 580 1967 Itaque
603 1903 675 1950 oum
698 1884 731 1950 in
754 1885 888 1950 veriaco
910 1884 1189 1969 comperissemus,
1215 1901 1271 1949 cx·

96 2001 226 2066 ercitum
249 1999 496 2084 Babyloniorum
519 1997 676 2065 Ascalone
699 2017 778 2082 csse,
802 1997 1020 2066 contendimus
1044 1998 1168 2066 chriam
1195 1995 1270 2082 illis,

95 2113 210 2180 relictis
240 2114 374 2182 sarcinis
398 2120 431 2180 et
451 2113 587 2180 infirmis
609 2115 726 2180 nostris
748 2115 782 2180 in
806 2114 975 2182 Ierusalem
1006 2133 1077 2180 cum
1100 2113 1269 2200 praesidio.

95 2227 236 2315 (dumque
259 2231 416 2298 exereitus
446 2233 555 2298 noster
582 2235 614 2296 et
636 2229 774 2298 hostium
797 2251 832 2296 oe
854 2229 1108 2316 conspexissent,
1139 2227 1270 2313 genibus

94 2342 180 2412 deris
200 2345 380 2412 adiutorem
396 2346 497 2412 Deum
522 2346 753 2412 invocavimus:
779 2351 823 2429 ut,
846 2347 958 2431 quiin
981 2345 1052 2412 aliis
1074 2345 1192 2412 nostris
1215 2363 1271 2410 ne·

95 2462 294 2529 cessitatihus
309 2462 413 2545 legem
428 2462 670 2529 christianorum
687 2460 939 2543 confirmaverat,
961 2462 995 2527 in
1013 2460 1173 2548 praesenti
1188 2460 1270 2529 hello

95 2578 263 2644 confractis
292 2578 413 2645 viribus
442 2578 687 2644 Sarracenorum
717 2584 750 2645 et
777 2577 908 2661 diaboli,
938 2596 1071 2660 regnum
1093 2574 1212 2643 Christi
1239 2580 1272 2641 et

96 2693 244 2761 ecclesiae
268 2694 512 2779 amariusque
538 2692 579 2761 ad
602 2694 708 2761 mured
731 2714 832 2779 usquo
862 2714 985 2779 quaque
1008 2693 1164 2759 dilataret
1204 2691 1271 2757 Nec

94 2828 189 2893 mora,
215 2809 428 2875 clamantibus
452 2809 491 2877 ad
515 2830 548 2875 ee
564 2809 649 2875 Deus
674 2808 764 2877 afluit
786 2813 880 2894 atque
897 2814 1002 2877 tantas
1026 2808 1171 2875 audatiae
1186 2806 1269 2873 vires
1287 2828 1345 2886 nug.
1355 2829 1386 2876 14

93 2926 298 3005 ministravit,
322 2932 368 3007 ut,
393 2925 446 3009 qui
461 2944 518 2991 nos
533 2925 568 2991 in
583 2925 704 2991 hostem
721 2936 866 2992 currere·
882 2925 1012 3009 videret,
1035 2926 1155 2990 lonhm
1169 2942 1270 3008 aquae

93 3038 181 3107 rinae
217 3042 383 3107 sicientem
422 3060 549 3107 cerrum
585 3060 711 3125 segnem
750 3041 956 3107 adiudicaret.
1003 3040 1085 3107 lliro
1125 3038 1271 3105 videlicet

8 3158 10 3209 ἰ
91 3157 201 3241 modo,
234 3176 306 3223 cnm
337 3155 371 3221 in
398 3156 538 3227 exercitu
566 3162 675 3223 nostro
703 3176 766 3223 non
795 3156 867 3242 plus
897 3176 991 3241 quam
1022 3156 1159 3241 quinque
1180 3154 1271 3221 milia

8 3272 10 3281 ’
91 3272 246 3339 militnm¹
275 3276 307 3339 et
335 3272 509 3357 quindecim
540 3272 630 3338 milia
662 3272 805 3358 peditum
832 3272 969 3339 luissent
1001 3277 1035 3337 et
1067 3271 1100 3337 in
1129 3271 1271 3338 exercitu

91 3386 230 3455 hostium
262 3392 385 3455 centum
410 3388 499 3453 milia
522 3388 664 3473 equitnm
692 3394 725 3453 et
753 3388 985 3474 quadringenta
1011 3387 1101 3454 milia
1127 3388 1269 3473 peditum

8 3542 9 3547 κ
90 3522 156 3569 esse
183 3505 379 3589 potuissent.
421 3504 509 3571 Tunc
536 3503 690 3571 mirabilis
713 3503 801 3571 Deus
828 3505 863 3569 in
891 3504 991 3569 servis
1014 3504 1080 3569 suis
1111 3503 1270 3589 apparuit,

8 3618 10 3625 ’
90 3636 174 3703 cum,
208 3625 383 3703 anmquam
406 3618 661 3704 confligeremus,
685 3640 743 3706 pro
767 3619 834 3686 solo
857 3620 979 3705 impetu
1002 3624 1110 3685 neutro
1133 3618 1214 3684 hauc
1235 3618 1270 3683 in

8 3736 9 3741 ’
90 3734 192 3818 lugam
224 3734 464 3801 multitudinem
487 3734 658 3819 convertit,
686 3740 718 3802 et
745 3736 853 3801 omnia
875 3755 965 3801 arma
988 3754 1097 3801 eorum
1121 3732 1269 3818 diripuit3

90 3856 132 3933 ul,
156 3852 184 3917 si
209 3851 363 3937 deinceps
386 3850 477 3917 nohis
500 3850 670 3917 rebellare⁸
693 3850 820 3934 vellent,
843 3871 906 3917 non
930 3850 1082 3918 haherent
1105 3868 1208 3932 arma,
1236 3847 1270 3913 in

8 3955 10 4033 i
91 3965 202 4049 quihus
226 3972 405 4052 sperarent.
441 3966 490 4033 De
514 3966 623 4053 spoliis
646 3986 720 4031 vero
743 3984 807 4033 non
830 3972 879 4032 est
901 3964 1144 4051 quaerendum,
1171 3983 1271 4049 quau-

9 4066 10 4073 *
92 4085 156 4146 tum
178 4087 317 4168 captum
343 4083 398 4165 sit,
429 4081 494 4148 uhii
518 4081 658 4149 thesauri
686 4082 769 4164 regis
792 4081 986 4167 Babyloniae
1003 4080 1158 4166 occupati
1187 4084 1269 4145 sunt

93 4194 285 4265 Ceciderunt
310 4195 430 4283 itaque*
453 4196 497 4263 ihi
520 4196 591 4282 plus
616 4217 710 4281 quam
734 4203 860 4264 centum
875 4197 965 4262 milia
979 4194 1138 4262 ldarorum
1155 4194 1269 4279 gladio.

157 4390 178 4422 a
202 4372 288 4423 om.G.
354 4374 376 4419 h.
396 4374 564 4421 SalemouisB.
627 4390 646 4421 c.
665 4376 799 4422 Ascalonem
811 4376 833 4420 l'.
897 4376 920 4421 d.
940 4374 1131 4421 admarcooaV.
1194 4388 1215 4420 e.
1235 4374 1270 4419 in-

98 4468 179 4503 currere
189 4456 217 4503 G.
285 4453 303 4500 l.
322 4454 418 4511 equitum
429 4454 456 4499 G.
519 4452 741 4514 proposueram.
794 4454 817 4499 h.
833 4455 910 4502 cnaB.
962 4454 978 4499 i.
994 4456 1020 4500 ut
1029 4455 1059 4500 B.
1109 4452 1133 4498 k.
1149 4452 1270 4499 csaVZB.

1000 4538 1058 4593 12*
