3142 4850
431 325 599 376 nunnumr
619 327 748 377 oonnx.
783 325 845 378 srr.
858 325 912 378 nnn
1193 309 1261 377 386

100 483 237 552 inrerbo
260 484 389 551 Domini
419 492 452 550 et
477 507 517 552 ex
546 488 733 560 austeritate
760 488 863 554 ssnoti
885 487 971 555 Petri
1004 494 1037 554 et
1058 490 1128 554 eins
1149 487 1258 554 ricerii
1304 505 1375 558 1122

100 597 298 683 significamus
321 619 358 669 un
380 602 608 688 praecipimus:
638 607 688 686 ut,
716 603 894 687 quicunque
917 602 1028 671 sdems
1048 603 1194 690 possitis,
1218 603 1259 670 sd
1276 576 1408 636 ¹⁸²⁴*

98 721 227 784 sonetum
252 722 284 782 et
311 717 488 784 universale
517 718 683 784 eouoilium
711 719 744 784 in
770 719 939 784 ustiritste
965 726 1094 786 snnntne
1120 714 1258 784 Μεθ’

97 830 265 915 llognntise
287 829 508 900 eelebrsndum
525 831 710 916 oneumotis3
736 833 885 918 quatinus
906 834 952 901 ini
974 833 1015 900 de
1036 853 1117 920 psoe
1137 839 1171 900 et
1184 853 1258 899 onn-

97 947 192 1013 nordis
214 949 295 1014 inter
318 968 451 1031 regnum
480 954 513 1016 st
535 951 746 1016 ssoerdotium
770 950 864 1016 etde
886 953 973 1015 stetu
999 949 1167 1034 ecelesiae,
1197 970 1258 1035 que

94 1059 155 1128 Deo
169 1063 284 1149 plenite
299 1069 383 1146 suut,
399 1066 559 1131 communi
574 1065 705 1132 oonsilio
721 1071 859 1132 traetsre
870 1062 1055 1131 ualeamus·
1072 1062 1109 1131 ln
1121 1063 1258 1132 Domino

95 1179 169 1244 enirn
191 1178 392 1263 confidimns,
416 1181 500 1265 quod
522 1181 624 1268 ipsius
647 1183 751 1265 grstia
772 1181 864 1247 nobis
886 1181 919 1246 in
942 1182 1010 1246 eius
1032 1182 1161 1248 nemine
1183 1201 1258 1247 non·
1387 1174 1391 1179 ’

92 1295 221 1378 gregato
244 1315 306 1361 non
330 1295 442 1382 deerit,
467 1297 520 1382 qni
543 1298 576 1364 in
600 1297 775 1381 euangelio,
803 1296 858 1364 nbi
881 1297 944 1363 duo
966 1297 1018 1364 rel
1040 1303 1106 1364 tres
1128 1317 1259 1380 congre·

91 1410 150 1494 goti
172 1411 204 1476 iu
228 1412 295 1478 eius
318 1413 446 1479 nomine
474 1413 607 1496 fuerint,
637 1413 669 1480 in
693 1413 798 1480 medio
820 1433 928 1480 eorum
960 1413 1102 1480 futurum
1125 1433 1160 1480 se
1189 1432 1259 1481 esse

91 1523 256 1610 promisit².

90 1831 171 1904 212.
191 1838 308 1924 Leqati
330 1839 472 1906 sonans
496 1838 639 1907 otonem
655 1841 678 1904 I
695 1843 877 1928 episcopum
899 1841 1162 1927 Bansberpensem
1188 1863 1256 1906 mo-

191 1967 276 2034 nent,
300 1967 335 2020 oe
356 1957 408 2020 dio
429 1956 661 2042 &Septembris
685 1957 887 2042 Mopuotiom
908 1960 1040 2025 omiat'.
1121 1955 1161 2036 [E
1178 1957 1257 2036 304)

168 2101 385 2185 Llsmbertus)
398 2105 553 2172 Ostiensis
569 2106 735 2192 episeopus
749 2105 859 2186 Sino)
871 2101 1047 2192 presbiter⁸
1059 2105 1259 2189 Glregorius)
1303 2113 1374 2168 1122

85 2215 231 2285 dissonus
256 2217 431 2286 cardinales
455 2227 487 2286 st
508 2221 605 2304 logni
623 2221 795 2289 venerabili
817 2221 910 2290 lrntri
926 2221 1062 2304 Olttnni)
1076 2217 1257 2289 Bsbsuber·
1274 2186 1405 2244 ¹⁸¹'‘⁸¹¹⁸'

83 2335 167 2414 gensi
183 2335 342 2421 'episeopo
366 2335 500 2403 salutem
523 2339 557 2402 in
580 2337 715 2404 Christo.

167 2450 216 2516 Ex
235 2452 357 2520 domini
374 2454 474 2520 nostri
490 2448 610 2540 pepse⁴
629 2454 788 2539 totiusque
803 2453 964 2520 Romnum
983 2452 1135 2519 eoolssise
1150 2460 1259 2520 suetu-

82 2562 173 2633 ritste
194 2586 256 2653 pro
278 2564 418 2635 eiusdem
439 2569 590 2635 ecelesiae
605 2575 637 2635 st
652 2570 740 2653 regni
756 2588 835 2655 pnee
850 2569 1070 2655 componenda
1085 2588 1156 2637 eum
1173 2570 1258 2653 regis

82 2698 118 2745 se
136 2685 320 2770 prinoipem
343 2686 467 2751 nuunlls
491 2686 650 2769 destinati,
676 2686 715 2751 sd
739 2691 846 2771 pentes
869 2685 947 2752 istss
963 2686 1163 2751 sesessirnus.
1197 2684 1258 2751 Ve-

80 2816 147 2863 mur
171 2800 328 2883 quiores
352 2820 409 2887 pro
433 2800 583 2867 eudesius
605 2801 752 2867 libertate
774 2801 893 2867 tuende
922 2799 1087 2867 sollioitsri
1111 2818 1149 2866 ne
1170 2799 1257 2866 loon·

81 2930 147 2980 rnre
175 2918 400 2999 eognovimus,
431 2917 519 2999 ideo,
548 2918 576 2982 si
605 2914 691 3002 proin
719 2936 756 2982 ae
784 2911 1025 3001 tranquillitatis
1053 2914 1169 2981 intuitu
1198 2935 1256 2983 uos

81 3026 247 3097 elementis
263 3030 373 3098 dirius
386 3033 545 3119 respicere
559 3032 704 3116 voluerit
721 3052 776 3097 vos
792 3037 955 3117 tamquam
971 3031 1139 3118 speoinlsm
1156 3032 1257 3117 ipsius

80 3147 186 3211 metris
210 3146 316 3213 filium
340 3166 378 3215 se
392 3148 540 3215 dilentum
557 3148 590 3213 in
606 3148 732 3215 Ohristo
754 3149 887 3215 fratrem
907 3147 1008 3234 ipsius
1031 3147 1120 3234 posis
1135 3153 1169 3213 et
1181 3166 1258 3213 eon·

81 3259 242 3329 solutionis
266 3264 456 3349 participem
480 3284 549 3331 esse
572 3262 800 3331 desideramus.
841 3256 1042 3349 Quapropter
1062 3260 1256 3329 insternitnti

80 3384 198 3446 vestrae
229 3400 291 3465 per
318 3379 501 3465 praesenu's
523 3380 642 3465 seripts
668 3379 872 3445 mundemus:
901 3384 952 3462 ut,
982 3379 1069 3444 omni
1093 3379 1256 3445 suessione

79 3500 210 3579 mmols,
241 3497 279 3564 in
304 3495 416 3563 metes
438 3494 557 3561 Merite
583 3496 752 3562 nativitate
771 3493 956 3578 liogannes
976 3494 1068 3561 nobis
1091 3511 1256 3563 oeeurrere

80 3610 239 3679 omnesne.

146 3783 166 3816 s.
192 3786 223 3818 en
241 3770 356 3817 Vidit:
378 3766 513 3830 Epistola
533 3771 676 3827 eiusdem
699 3760 828 3830 xpm.

145 3884 170 3938 1.
189 3882 270 3954 Sept
287 3884 312 3937 8.
420 3884 445 3938 2.
464 3880 560 3937 naoth.
574 3882 616 3951 18,
635 3883 678 3936 20.
786 3879 812 3937 d.
831 3878 922 3953 presb.
935 3878 1009 3935 eund.
1022 3880 1064 3935 tit
1079 3879 1108 3935 S.
1121 3879 1254 3949 Stephani

79 3966 115 4033 (¹¹1
131 3969 361 4038 condomense).
468 3972 494 4026 4.
518 3968 618 4027 (inlinisi
635 3970 668 4025 11.

559 4222 772 4231 ...--—-—--

120 4438 198 4492 Jnm‘.
214 4441 364 4485 Bibliothees
373 4442 403 4485 V.
