3142 4850
362 339 486 390 neonus
509 341 589 388 vrrs
612 341 1013 393 orrorrs.u1s.1sr.22
1071 314 1074 320 ’
1207 327 1273 394 616

102 497 226 563 sideriis
248 518 356 564 sorum
381 499 468 565 etin
491 499 551 566 boc
580 506 612 566 st
639 501 675 566 in
697 501 843 568 omnibus
870 503 1086 587 promtissima
1108 503 1273 572 allectione
1290 521 1359 575 1121

101 613 286 697 pariturum.

189 727 232 792 22
249 727 328 808 (23).
359 729 645 813 Appropinquantc
659 747 733 795 vero
750 729 860 795 eudem
875 732 1091 798 sacratissima
1105 733 1166 816 die,
1185 753 1272 798 sum·
1287 753 1346 810 sug.

101 861 169 906 mus
193 841 321 924 arbiter,
345 843 399 926 qui
423 863 500 926 quos
524 848 610 908 amet
633 844 763 928 corripit
786 851 819 910 et
839 847 974 928 castiget
982 843 1001 928 ¹,
1023 847 1107 913 bunc
1128 847 1273 914 beatissi-

100 975 184 1021 mum
209 961 332 1041 patrem
355 957 527 1042 corporalis
551 957 736 1040 egritudinis
759 963 825 1024 tam
848 961 938 1042 gravi
960 961 1095 1046 perculit
1116 961 1272 1045 molestia,

99 1076 145 1152 ut,
174 1071 303 1155 penitus
324 1071 426 1137 fracta
447 1073 588 1158 corporis
611 1074 738 1153 virtute,
766 1074 968 1142 decumberet
989 1095 1177 1160 omnemque
1199 1064 1272 1162 prc-

99 1185 202 1270 posite
218 1184 424 1252 dedicationis
439 1187 645 1254 intentionem
662 1194 877 1274 postponeret
911 1189 979 1266 Quo
994 1191 1112 1274 audito,
1132 1192 1273 1260 universi

99 1300 199 1366 nimia
226 1302 360 1367 meroris
389 1301 549 1368 anxietate
575 1303 805 1388 percelluntur,
834 1310 963 1370 cunctos
991 1305 1090 1373 nubes
1117 1313 1150 1372 et
1170 1307 1272 1388 caligo

98 1414 227 1480 tristitie
250 1415 384 1482 involvit
405 1423 436 1482 et
453 1451 491 1462 -
511 1422 547 1482 ut
569 1422 684 1484 natura
706 1419 815 1484 docet:
844 1420 948 1504 capite
969 1419 1143 1503 vulnerato,
1166 1427 1273 1489 cetera

98 1547 223 1613 quoque
239 1529 382 1596 membra
396 1529 504 1596 dolore
519 1533 612 1598 atteri
629 1567 670 1578 —·-
688 1531 872 1615 languorem
894 1535 940 1618 pii
963 1536 1099 1619 pastoris
1122 1555 1200 1618 grex
1217 1536 1272 1602 de·

97 1649 190 1709 votus
206 1663 296 1710 suum
313 1644 494 1730 deputabat
528 1645 628 1727 Unde,
652 1647 736 1730 quod
751 1647 853 1713 solum
876 1649 910 1714 in
932 1647 982 1714 bis
1000 1655 1070 1714 erat
1085 1649 1271 1734 semodium,

96 1763 165 1824 toto
188 1759 228 1824 ad
251 1759 354 1826 Deum
377 1761 470 1826 corde
493 1762 652 1844 conuersi,
678 1761 855 1828 lacrimosis
877 1763 1023 1848 suspiriis
1045 1783 1116 1830 cum
1139 1764 1272 1830 oblatio-

96 1873 191 1940 nibus
214 1873 388 1940 bcstiarum
418 1881 449 1941 et
473 1875 713 1942 elemosinarum
737 1877 871 1943 salutem
895 1877 924 1943 ei
953 1884 986 1943 ct
1011 1879 1198 1964 sospitatem
1219 1895 1271 1946 oe-

96 1988 174 2054 litus
202 1989 371 2074 imprecari
400 2009 463 2056 non
493 1991 674 2072 cessabant3
709 1991 823 2074 donec,
854 1993 1050 2077 prospiciens
1079 1993 1119 2058 de
1146 1993 1271 2061 excelso

96 2111 208 2170 sancto
237 2101 313 2170 suc²
341 2103 496 2170 Dominus
525 2105 679 2172 clamores
708 2112 740 2172 et
767 2108 903 2189 gemitus
937 2125 1113 2193 pauperum
1141 2127 1272 2174 suorum

96 2218 249 2286 exaudire
272 2195 499 2302 dgnam‘est.
539 2220 604 2286 lllis
628 2223 712 2287 enim
736 2227 826 2288 tanta
848 2241 976 2306 precum
1001 2228 1033 2288 ct
1055 2228 1200 2288 sotorum
1222 2223 1271 2288 in·

96 2335 217 2400 dantia
246 2335 351 2400 divine
378 2355 471 2401 aures
497 2335 661 2402 clementio
690 2336 906 2421 pulsantibus,
935 2337 1072 2420 quedam
1099 2337 1150 2403 die
1180 2342 1272 2424 pater

95 2450 254 2533 amabilis,
278 2450 351 2517 dum
377 2452 552 2517 meridiano
574 2470 706 2536 sompno
722 2453 806 2537 apud
822 2459 960 2519 castrum
976 2452 1161 2519 Botenstsin
1183 2452 1271 2537 qnie-

95 2570 209 2649 sceret,
233 2564 314 2631 vidit
335 2567 512 2650 speciosum
537 2566 692 2649 iuvenem,
723 2568 776 2650 qui
799 2588 836 2633 re
858 2587 932 2634 vera
955 2566 1085 2650 angelus
1107 2566 1168 2633 Dei
1192 2572 1272 2650 erat,

94 2680 179 2748 lecto
202 2701 258 2747 suo
280 2679 546 2763 gratulabundum
570 2682 717 2748 assistere
740 2687 772 2749 ot
786 2702 903 2764 magna
917 2682 1110 2749 iocunditate
1124 2682 1271 2767 antipho-

94 2816 189 2863 nam:
218 2798 260 2863 In
288 2799 416 2863 domurn
437 2797 573 2863 Domini
601 2798 728 2863 lctcctm
755 2800 871 2863 ibimus
900 2797 1044 2883 psallere.
1088 2797 1154 2863 Nec
1181 2814 1272 2863 mora

94 2912 353 2997 expergefactus,
383 2886 495 2977 senum
518 2930 552 2977 se
581 2916 614 2977 et
639 2910 827 2977 incolumem
851 2913 950 2979 sensit
971 2912 1158 2995 statimque,
1186 2909 1270 2994 quod

95 3028 178 3093 sisic
201 3027 418 3113 portenderet,
440 3026 607 3093 intellexit.
645 3025 863 3093 Et'accersito
885 3028 1048 3113 capellano
1071 3047 1129 3093 suo
1152 3024 1270 3091 Sibido

93 3143 250 3209 visionem
274 3142 435 3228 exposuit3
460 3160 592 3225 samque
607 3139 814 3207 ll'olframmo
838 3142 945 3209 abbati
967 3143 1111 3211 celeriter
1125 3140 1269 3207 nunciati

94 3264 128 3325 et
145 3257 252 3323 omnia
270 3258 376 3324 future
391 3256 581 3323 dedicationi
603 3258 782 3323 neccssaria
805 3258 927 3325 naviter
949 3258 1113 3344 preparari
1136 3256 1269 3326 manda·

94 3375 153 3440 rit
189 3372 256 3450 Quo
279 3373 392 3439 nuncio
415 3371 569 3438 letissimo
592 3372 682 3453 quasi
706 3391 857 3456 responso
874 3371 1025 3439 divinitus
1041 3378 1180 3457 accepto,
1204 3390 1270 3439 me·

92 3510 150 3555 ror
173 3488 389 3571 ingaudium,
413 3487 514 3553 luctus
538 3487 570 3551 in
594 3485 730 3551 leticiam
749 3506 858 3552 versus
875 3492 942 3566 est3
965 3488 1141 3571 cunctique,
1164 3486 1270 3553 debita

92 3604 227 3670 laudum
256 3603 406 3688 preconia
428 3622 491 3669 uon
514 3620 590 3667 sono
614 3607 736 3667 tentum
761 3602 825 3665 cris
847 3601 904 3668 sed
931 3608 964 3669 et
991 3601 1089 3669 iubilo
1111 3601 1216 3669 cordis
1235 3602 1269 3667 in

93 3720 198 3787 uelum
222 3718 373 3801 terentes,
399 3722 485 3783 tante
509 3716 740 3801 solempnitatis
764 3716 990 3785 iocunditatem
1013 3738 1070 3803 spo
1091 3716 1270 3800 flagrantis·

94 3836 180 3902 sima
201 3832 465 3918 prestolabantur.
549 3831 648 3913 igitur
664 3850 747 3897 auno
762 3830 893 3897 Domini
910 3834 1006 3915 1121,
1029 3833 1200 3899 indictione
1217 3833 1269 3913 14,
1287 3854 1374 3913 seper

94 3950 132 4015 in
153 3948 305 4015 Kalendis
329 3946 524 4032 Septembris
552 3947 730 4013 dedicatum
761 3951 810 4011 est
838 3946 1063 4013 monasterinm
1087 3947 1188 4012 sancti
1210 3944 1269 4011 Mi-

94 4064 215 4132 chaelis
238 4063 418 4146 archangeli
445 4063 478 4129 in
502 4068 609 4128 monte
632 4060 884 4144 Bubcnbergensi
907 4083 927 4127 a
950 4060 1122 4129 venerabili
1143 4060 1269 4143 Ottonc,

95 4180 237 4247 eiusdem
262 4178 345 4246 sedis
368 4184 478 4245 octavo
502 4179 665 4264 episcopo,
694 4178 727 4242 in
750 4176 868 4243 honore
897 4176 1064 4263 prescripti
1090 4174 1270 4259 archangeli

168 4428 194 4481 1.
212 4424 300 4497 Apoc.
313 4426 339 4495 3,
353 4425 396 4479 19.
609 4424 634 4477 2.
654 4422 699 4477 Ps.
713 4422 773 4492 101,
793 4422 836 4477 20.
