3142 4850
317 300 384 367 682
597 320 721 369 aeonas
743 320 824 369 vrrs
847 318 1004 367 orrum
1039 320 1104 369 nm
1120 320 1161 367 ιιι
1180 317 1217 367 m

217 492 285 546 tm
316 478 442 545 terrens
462 478 500 545 in
520 478 652 564 spirita:
675 480 752 549 Soio
775 479 908 547 sitnon
928 483 1049 565 ispum
1063 480 1151 545 vobit
1173 479 1371 545 violationem
1393 480 1486 545 laiss

201 565 302 623 mm
315 598 526 659 eoorotimime
551 596 780 681 solempnitatis
807 597 931 671 eadere,-
965 598 1020 659 sed
1046 595 1150 659 celesti
1174 598 1247 679 epae
1275 597 1396 673 omma,
1426 616 1488 679 pne

315 710 426 776 illa'oite
445 713 628 790 mouisti,
652 713 863 777 coaaomeoodo
882 712 963 795 sore
983 713 1141 775 mmm.
1171 708 1233 773 vix
1254 708 1313 774 heo
1333 708 1487 792 ediderat

315 829 349 889 et
376 841 448 889 eoae
474 824 565 891 iuxta
587 824 717 891 verbnm
745 826 813 893 eins
844 826 928 908 ignis
953 824 1016 891 Dei
1043 824 1157 891 oeoidit
1184 844 1202 889 e
1229 822 1296 891 oelo
1325 829 1488 907 homoque

314 956 436 1005 messes
457 958 568 1007 eorum
589 959 689 1024 noque
711 940 752 1007 ed
766 941 910 1007 lavillam
925 939 1131 1025 consumpsit
1166 937 1237 1021 Qui,
1255 944 1377 1005 reatum
1393 958 1487 1005 suum

315 1059 520 1137 agnoscentes
542 1073 581 1121 aa
601 1075 660 1140 pro
682 1055 743 1121 hoa
763 1055 949 1142 suppliciter
964 1056 1088 1123 veniam
1105 1058 1297 1139 expetentes,
1320 1054 1355 1119 in
1370 1073 1489 1136 magna

314 1168 465 1255 deinceps
486 1169 663 1237 reverantia
685 1172 839 1237 eximiam
861 1171 979 1238 Christi
1007 1170 1169 1237 martirem
1192 1167 1401 1236 Laurentium
1430 1168 1489 1235 ha·

316 1282 423 1365 baete,
446 1304 482 1351 se
503 1303 623 1368 suaque
645 1287 753 1352 omnia
773 1286 821 1353 illi
845 1286 964 1353 tuenda
985 1286 1226 1353 committentes

404 1398 483 1465 ltem
505 1399 539 1465 in
554 1399 632 1466 urbe
647 1399 763 1468 Games
785 1400 871 1469 diota
892 1401 1029 1468 rusticus
1043 1399 1173 1485 quidam
1187 1418 1258 1465 enm
1272 1400 1405 1483 ooninge
1426 1420 1488 1467 sna

198 1534 297 1593 asaro
315 1514 356 1581 ad
378 1514 559 1581 metendum
582 1515 705 1583 exierat
725 1517 759 1581 in
780 1516 1004 1603 solempnitate
1027 1515 1251 1601 assumptionis
1269 1513 1331 1581 Dei
1353 1516 1486 1597 genitri-

313 1630 361 1697 ais
382 1629 484 1698 Maris
510 1635 664 1715 perpetue
689 1632 831 1713 virginis.
871 1632 961 1710 Quod
990 1650 1121 1698 aernens
1148 1630 1307 1715 prediatus
1335 1630 1398 1697 viri
1422 1629 1486 1696 Dei

314 1745 436 1813 asseela
455 1744 615 1828 Bookeus,
637 1745 706 1813 zelo
729 1746 853 1813 iastioie
876 1754 997 1829 motus,
1020 1746 1182 1829 redarguit
1204 1745 1326 1813 disens:
1350 1744 1484 1827 Cessare,

312 1863 468 1947 sisselieee,
498 1874 621 1927 ooooooo.
660 1862 761 1929 Nullo
786 1866 880 1929 modo
902 1863 964 1947 soa
993 1876 1037 1929 eet
1058 1864 1131 1929 laio
1153 1864 1308 1927 deeeoira
1331 1866 1423 1948 operi
1449 1865 1485 1927 ia

313 1992 378 2045 tom
401 1977 515 2044 celebri
534 1979 746 2043 oaooeooimo
766 1980 878 2045 omorio
900 1978 1037 2045 Domini
1051 1979 1237 2062 festivitate.
1275 1976 1356 2043 Erat
1377 1981 1484 2043 autem

311 2091 393 2159 lesia
413 2091 561 2158 secunde.
596 2091 640 2158 Et
660 2092 724 2159 illi:
748 2094 936 2159 Hesternam
958 2093 1201 2177 inquiuntdieoo
1215 2095 1409 2159 ‹lomioioom
1425 2093 1483 2177 se-

311 2209 430 2273 re'otom
445 2208 626 2284 lotomom
647 2210 741 2275 lrodo‘e
755 2222 858 2275 aetem
874 2212 965 2295 operi
983 2232 1135 2275 massam
1154 2210 1314 2275 totondere
1328 2209 1481 2274 debemus.

311 2320 471 2389 Bookeus·
494 2327 615 2389 autem:
642 2324 688 2389 Et
708 2324 802 2389 totto
829 2324 934 2407 inquit
962 2346 1083 2391 eamme
1105 2328 1266 2391 amotione
1289 2324 1482 2407 fonnem

312 2451 357 2505 oet
378 2440 468 2505 nobis
490 2443 527 2504 io
547 2441 665 2506 sonoro
686 2443 798 2506 moeris
820 2441 965 2522 Domini,
996 2445 1084 2507 caiae
1106 2443 1284 2508 oeeooaale
1306 2443 1481 2528 aeeampa'o

311 2557 492 2620 ooioeroom
507 2553 625 2620 clerieo
645 2568 776 2622 eooeaoe
791 2556 960 2622 eeclesiam.
995 2555 1061 2620 Illis
1082 2560 1187 2624 entem
1201 2575 1266 2622 non
1281 2555 1481 2641 aequieseen·

310 2669 396 2736 tibus
419 2669 475 2736 sed
497 2670 657 2738 obstinata
677 2676 782 2738 mente
805 2675 896 2757 septo
923 2669 1024 2738 labori
1051 2671 1285 2753 insistentibus,
1315 2670 1480 2756 religiosus

311 2785 457 2852 saeerdos
478 2783 636 2852 Bookeua:
668 2787 753 2868 Quia
782 2785 828 2853 ait
854 2789 956 2854 vorbis
984 2791 1060 2852 oseis
1087 2809 1152 2853 ooo
1178 2789 1321 2868 aalma,
1349 2791 1479 2873 eonom's

310 2913 409 2968 aester
430 2905 490 2968 erit
510 2924 606 2988 super
624 2915 719 2988 capot
739 2915 891 2979 oestrumr
913 2906 980 2968 iam
1001 2925 1085 2968 oaoo
1107 2906 1366 2988 moaapreoaioais
1389 2904 1478 3002 laios

309 3018 482 3083 medaeam
510 3017 701 3084 oideootao
734 3039 841 3082 oetam
869 3020 996 3084 indiciis
1025 3020 1235 3104 eopera'ema‘oee'.
1339 3017 1477 3084 Necdum

310 3131 407 3200 verbe
428 3131 563 3214 linierat,
587 3137 619 3198 et
640 3151 712 3198 eooe
735 3131 871 3198 rustious
894 3131 949 3198 ille
970 3131 1148 3201 ineredulns
1171 3132 1285 3199 eeoidit
1306 3137 1475 3200 retrorsum

309 3252 344 3315 et
364 3247 536 3333 expiravit3
566 3252 751 3332 partemque
774 3247 906 3331 segetis,
932 3267 1024 3332 qnam
1048 3247 1193 3316 metendo
1216 3247 1475 3333 apprehenderat

309 3367 374 3428 tam
401 3361 477 3428 lorti
506 3362 619 3430 annisa
648 3364 742 3430 etiam
766 3363 905 3430 moriens
928 3381 1024 3428 maan
1049 3363 1194 3445 retinuit,
1225 3362 1373 3430 utnulla
1395 3365 1475 3450 quis·

309 3496 403 3561 quem
426 3479 549 3546 ratione
563 3477 615 3544 rel
636 3497 764 3544 manum
780 3479 904 3564 aperire
920 3476 969 3546 vel
990 3483 1127 3560 segetem
1150 3497 1259 3545 eruere
1281 3485 1402 3564 posset,
1424 3477 1475 3546 sed

308 3591 448 3660 mirabili
469 3592 580 3658 ordine
601 3613 672 3660 eum
696 3593 756 3659 hae
777 3593 935 3680 stupenda
956 3593 1136 3676 alligatione
1153 3592 1272 3660 tumulo
1287 3594 1474 3662 traderetur.

307 3706 421 3774 Mulier
440 3714 556 3791 autem
579 3709 757 3776 interventu
774 3708 833 3775 Dei
856 3709 1017 3792 genitricis
1032 3711 1097 3776 rite
1119 3713 1281 3776 reservata
1302 3709 1359 3776 sed
1381 3708 1475 3776 simili

307 3823 452 3909 prodigio
475 3823 621 3906 alligato,
644 3823 764 3891 seilicet
786 3825 893 3908 digitis
917 3843 987 3890 oum
1011 3830 1116 3908 segete
1139 3823 1244 3911 palmo
1267 3824 1474 3892 insolubiliter

308 3938 541 4021 adherentibus,
565 3945 703 4006 tremens
721 3940 762 4006 ad
777 3940 882 4005 virum
896 3939 957 4005 Dei
972 3939 1119 4006 Ottonem
1141 3939 1289 4023 euourrit,
1312 3939 1473 4006 deliotnm·

307 4073 368 4138 que
390 4073 482 4120 snum
504 4052 618 4122 humili
641 4054 835 4122 confessione
852 4053 1011 4137 detegens,
1033 4055 1156 4120 reniam
1180 4053 1366 4141 suppliciter
1381 4073 1471 4140 expe·

306 4169 367 4234 tiit.
400 4169 431 4234 Α
454 4189 515 4254 quo
538 4170 683 4257 protinas
705 4169 890 4252 oonsignoaa
912 4174 944 4238 et
966 4168 1007 4234 ad
1029 4165 1230 4236 memoriam¹
1253 4171 1357 4236 saneti
1378 4167 1470 4236 Adai·

309 4282 390 4350 berti
412 4286 552 4354 martiris
575 4285 642 4352 illie
663 4285 864 4353 mastitutam
888 4284 1075 4352 transmissa
1095 4290 1205 4352 aurata
1223 4289 1281 4352 eet
1371 4283 1414 4350 Et
1433 4301 1467 4350 ex

378 4437 399 4470 a.
421 4425 526 4474 Boaksns
540 4427 570 4474 E.
842 4417 866 4470 l.
886 4415 1039 4470 ecclesiam.
