3142 4850
457 335 623 384 numeror
645 335 773 384 sonex.
809 331 844 384 tt
1172 319 1237 384 153

78 610 129 679 74.
153 613 298 679 Urbanam
314 614 357 679 II
371 637 460 700 papo
484 615 640 699 episcopis
666 608 857 679 amesae
878 617 1009 696 incidat,
1032 635 1093 700 pro
1117 637 1238 680 escorn-

151 733 318 795 morrr'oots'e
342 730 560 816 quierntne
583 729 832 796 dedendiea'nt·.
938 723 942 729 ’
1102 728 1142 810 (Ε
1160 731 1237 810 176)

153 861 297 928 Urbanus
319 863 486 949 episcopus
515 881 624 928 seruus
652 881 816 928 serrorum
838 861 899 928 Dei
927 861 1083 948 episcopis
1105 860 1326 928 Germa-1089

76 977 138 1042 niae
157 979 191 1042 in
213 978 336 1044 unitae
351 976 501 1044 ecelesiae
517 977 696 1044 constitutis
718 975 853 1043 salntem
876 982 908 1044 et
922 978 1128 1064 apostolicam
1143 978 1237 1045 bene·

76 1091 242 1158 dictionem.

154 1209 300 1276 Fratrum
334 1213 515 1275 nostrorum
547 1207 777 1275 communicato
805 1208 937 1276 consilio
969 1209 1086 1295 diuque
1112 1229 1239 1276 excom-

75 1327 286 1392 municationis
316 1324 499 1410 quaestione
526 1328 677 1408 nactam,
712 1325 815 1390 sancti
841 1325 1109 1411 praedecessorisb
1137 1326 1240 1392 nosti

76 1440 209 1524 Gregorii
239 1441 429 1507 sententiam
459 1437 696 1524 confirmantes,
725 1440 869 1507 itesam
900 1440 1037 1508 Domino
1063 1443 1240 1529 inspirante

75 1557 353 1623 determinavimus.
392 1555 499 1622 Primo
529 1555 684 1641 siquidem
713 1555 814 1640 gradu
840 1555 1055 1624 &venustem
1084 1557 1240 1623 heresiar-

74 1672 167 1755 cham,
189 1672 351 1738 Romanae
374 1670 523 1740 ecclesiae
545 1671 725 1738 invasorem
735 1668 752 1756 ¹,
776 1692 848 1738 cnm
864 1673 1004 1739 eiusdem
1021 1673 1240 1759 perversitatis

76 1790 170 1874 capite
192 1789 232 1856 ab
255 1788 400 1855 omnibus
424 1786 575 1854 ecclesiae
597 1786 769 1854 catholicae
791 1788 943 1855 membris
970 1787 1107 1855 alienum
1130 1795 1162 1855 et
1184 1809 1240 1855 ex·

76 1905 331 1970 communicatum
357 1923 426 1968 esse
447 1921 620 1969 censemus.
657 1901 802 1970 Secundo
823 1923 893 1988 eos,
918 1902 972 1989 qui
988 1905 1085 1970 armis
1107 1906 1241 1990 pecunie

75 2019 196 2085 oonsilio
224 2025 281 2085 aut
307 2019 502 2104 obedientia,
532 2018 761 2086 ecclesiasticos
791 2021 930 2087 maxime
957 2021 1084 2086 ordines
1108 2025 1163 2087 aut
1183 2021 1240 2086 ho-

75 2153 159 2200 nores
180 2135 221 2202 ab
245 2136 290 2202 eis
314 2141 370 2201 aut
392 2153 500 2202 eornm
522 2135 698 2202 fautoribus
721 2136 919 2222 accipiendo,
950 2157 1059 2203 eorum
1080 2137 1241 2221 nequitiae

78 2251 304 2316 amminiculum
328 2251 580 2334 subministrant,
605 2252 661 2318 hos
684 2252 781 2335 igitur
797 2252 1017 2339 principaliter
1030 2253 1241 2320 anathematis

77 2366 199 2433 rmoulie
229 2367 455 2451 astringentem
489 2367 524 2434 in
557 2368 656 2435 tercio
683 2368 783 2451 gradu
811 2369 1079 2436 communicantes
1108 2371 1153 2437 eis
1180 2388 1239 2437 nos

79 2482 195 2565 quidem
217 2502 280 2549 non
304 2484 623 2568 excommunicamus,
647 2484 712 2569 sed,
735 2485 811 2569 quia
832 2504 867 2551 se
889 2504 998 2576 eorum
1020 2487 1241 2555 comrdunions

78 2598 309 2683 commaculant,
332 2618 530 2685 nequaquam
553 2602 588 2665 in
609 2607 750 2667 nostram
766 2600 950 2666 societatem
966 2601 1033 2667 sine
1047 2604 1241 2689 penitentiae

78 2712 187 2781 ultione
209 2720 241 2781 et
264 2713 461 2782 absolutione
483 2718 663 2803 recipimus.
699 2714 824 2783 Sanctis
842 2718 960 2802 qnippe
974 2718 1146 2785 canonibus
1169 2738 1242 2785 san·

79 2828 168 2896 dtom
190 2835 328 2897 oonstrd:
352 2836 398 2915 ut,
422 2832 476 2916 qui
499 2832 777 2899 excommunicatis
800 2832 1089 2918 communicaverit,
1117 2854 1242 2901 excom·

78 2948 253 3013 municetur.
338 2946 442 3033 Ipsius
464 2952 571 3014 tamen
586 2948 780 3035 penitentiae
797 2954 892 3033 atque
907 2948 1111 3016 absolutionis
1131 2950 1241 3019 modos

79 3080 113 3127 ea
138 3064 351 3145 moderatione
379 3063 599 3131 diserevimus:
630 3070 680 3149 ut,
705 3065 883 3151 quicunqne
906 3086 963 3133 seu
984 3066 1164 3150 ignorantia
1186 3086 1242 3134 seu

77 3176 187 3243 timore
212 3198 266 3246 seu
294 3179 482 3247 necessitate
510 3180 632 3263 negocii
659 3180 845 3266 cuiusquam
878 3182 1012 3249 maximi
1044 3189 1078 3250 et
1104 3184 1242 3250 maxime

77 3294 240 3360 necessarii
262 3313 372 3361 eorum
395 3314 429 3362 se
451 3296 596 3363 convictu
612 3296 802 3365 salutatione
817 3298 958 3365 oratione
973 3298 1024 3364 rel
1045 3298 1151 3366 osculo
1168 3320 1242 3367 oon·

78 3412 287 3495 terminaverit,
316 3430 388 3477 oum
418 3412 549 3479 minoris
578 3413 771 3498 penitentiae
794 3413 1063 3500 absolutionisque
1085 3416 1242 3483 medicina
1280 3412 1288 3418 ’

78 3534 199 3594 noemae
220 3528 379 3595 societatis
401 3528 604 3615 perticipium
629 3529 789 3595 sortiatur.
879 3528 944 3597 Eos
968 3551 1052 3616 sero,
1076 3532 1132 3617 qui
1147 3552 1242 3618 spon·

79 3646 164 3710 tanes
194 3651 246 3710 aut
272 3644 468 3727 negligenter
494 3644 680 3727 inciderint,
716 3645 775 3711 sub
808 3666 847 3712 ea
880 3647 1026 3714 uolumus
1057 3647 1243 3734 disciplinae

78 3758 253 3828 cohertione
275 3760 404 3847 suscipi,
428 3764 465 3827 ut
486 3760 598 3827 ceteris
621 3765 724 3827 metus
746 3762 929 3838 incutiatur.

142 3985 163 4018 ι
187 3986 216 4020 err
230 3974 250 4019 V
265 3974 324 4029 sta,
342 3972 364 4020 Ζ
372 3987 399 4034 p.
408 3972 463 4020 1⁷2.
622 3972 645 4021 b.
669 3973 859 4033 praedecessore·
874 3974 901 4021 Ζ.

146 4104 170 4159 1,
189 4102 356 4161 Clementem
368 4102 409 4159 111
427 4104 594 4174 antipapam.

552 4326 764 4336 ——-—-—
