3142 4850
457 331 624 380 oneusror
647 330 774 380 eonnx.
811 329 865 382 aee
1184 315 1249 380 417

163 484 298 571 Propter
321 488 475 556 unitatem
499 489 640 558 raritatis
656 488 783 573 Christi,
808 509 889 575 quae
911 496 961 556 est
974 490 1143 575 internos,
1165 491 1251 559 laeta
1270 505 1340 559 1129

86 605 151 666 sunt
172 600 262 667 uobis
285 603 400 687 omnio,
424 623 505 689 quae
520 605 611 672 vobis
634 610 709 672 sent
731 623 899 690 prospore3
922 607 957 672 in
979 605 1120 677 adversis
1144 611 1249 672 autem

85 715 224 800 quiequid
245 716 334 783 vobis
358 719 483 804 eeoidit,
510 707 601 786 nobis
625 739 748 804 quoque
771 720 934 787 ooaeoidit
973 719 1063 798 Quod
1087 726 1192 787 autom
1214 721 1248 786 in

83 832 234 915 pmeeenti
258 851 313 900 ros
341 835 523 918 conturbat,
555 835 716 920 idipsum
739 837 868 918 gravius
890 856 949 901 nos
978 855 1102 920 qnoque
1131 837 1249 902 eonti-

83 951 189 1028 eteret‚
215 947 275 1014 nisi
299 948 389 1016 deret
410 951 502 1018 nobis
523 950 748 1017 consolationis
772 957 896 1018 restrae
919 949 1083 1034 fiduciam,
1116 952 1170 1035 qui
1194 951 1250 1016 det

82 1061 169 1127 raetis
192 1063 286 1130 eorde
313 1062 480 1132 laeticiam.
515 1066 641 1132 Veritas
664 1067 749 1134 enim
778 1067 850 1152 ipsa
874 1086 929 1132 ros
957 1065 1104 1133 liberabit
1114 1063 1131 1131 ¹.
1172 1066 1249 1144 Quis

83 1175 157 1242 enim
182 1181 324 1263 sperarit
345 1182 379 1246 in
401 1180 538 1248 Domino
562 1189 595 1249 et
617 1181 786 1250 derelictus
809 1183 877 1248 est?

162 1291 349 1364 consoletur
375 1298 483 1382 itaque
507 1318 561 1366 ros
591 1300 694 1384 primo
723 1297 934 1366 oonseientiae
964 1302 1088 1384 restrae
1115 1297 1248 1382 puritas,

80 1411 162 1474 tanto
187 1409 226 1475 eb
242 1412 329 1477 omni
344 1413 458 1480 timore
474 1433 594 1496 secura,
618 1418 736 1499 quanto
752 1435 771 1478 e
787 1414 919 1479 erimine
936 1412 1058 1479 obieotu
1074 1412 1134 1478 sibi
1149 1411 1250 1478 libere

80 1527 131 1588 est.
165 1521 353 1594 consoletur
376 1549 442 1612 vos,
467 1530 548 1614 quod
574 1551 592 1595 a
614 1529 765 1595 iratribus
788 1535 822 1596 et
843 1528 1039 1615 coepiscopis
1056 1528 1170 1593 restris
1193 1525 1248 1593 bo·

77 1657 147 1706 num
163 1642 325 1710 meruistis
339 1643 455 1712 habere
473 1645 700 1728 testimoninm,
725 1645 819 1730 quod,
842 1645 870 1711 si
885 1644 925 1710 ad
941 1644 1120 1710 idrontum
1141 1643 1247 1726 inerit

76 1773 181 1822 ornnes
205 1777 267 1824 uno
283 1777 337 1826 ore
359 1759 528 1844 loquentur
546 1781 601 1845 pro
618 1760 717 1826 vobis.
753 1759 941 1827 Consoletur
961 1759 1056 1826 etiarn
1073 1779 1140 1840 vos,
1164 1759 1247 1843 quod

75 1867 107 1936 in
133 1873 267 1940 ecelesia
293 1874 436 1942 Romana
464 1875 653 1942 ordinatoris
677 1872 792 1942 vestri'
820 1876 991 1942 euomuitas
1021 1883 1153 1957 magne·
1181 1880 1246 1955 est;

74 1987 125 2070 qui
148 1995 224 2056 ente
252 1990 482 2058 ordinationem
506 1997 644 2058 vestram
667 1991 714 2056 ita
741 1990 909 2074 diligenter
932 1991 1075 2056 ordinem
1098 1994 1130 2056 et
1152 1989 1246 2056 liber-

74 2105 169 2170 mtem
185 2105 349 2173 eleotionis
361 2113 486 2174 restrae
501 2107 706 2190 examinavit,
721 2112 757 2172 ut
773 2107 836 2172 iem
852 2107 989 2193 amplius
1004 2107 1067 2174 iste
1081 2105 1246 2174 retraetari

73 2237 131 2284 non
156 2227 313 2307 oportent
403 2221 557 2290 Miremur
579 2223 691 2304 etiem,
721 2221 876 2307 quomodo
899 2241 985 2288 nuno
1005 2222 1067 2288 sibi
1096 2221 1247 2288 eontrarii

72 2333 134 2400 sint
156 2335 216 2420 illi,
242 2339 296 2422 qni
312 2345 396 2421 tune,
421 2339 494 2404 dato
513 2355 678 2421 consensu,
702 2343 766 2404 tem
784 2336 977 2404 ordinationi
992 2357 1087 2422 quam
1102 2337 1247 2404 electioni

71 2456 193 2519 restrae
219 2454 436 2521 interfuerunt.
524 2454 560 2521 ln
583 2455 631 2521 hie
657 2456 764 2538 itaque
779 2453 924 2521 volumus
940 2474 996 2521 ros
1018 2452 1192 2538 consolari*
1212 2454 1246 2519 iu

69 2563 217 2635 Domino.

156 2684 334 2753 Consilium
359 2692 464 2751 eutem
487 2690 629 2753 nostrum
656 2691 717 2751 est:
742 2686 769 2751 si
785 2686 850 2751 iam
865 2684 961 2751 letius
976 2684 1173 2767 divulgatum
1198 2692 1247 2751 est

68 2798 199 2865 verbum
224 2800 303 2867 illud
327 2801 469 2869 iniustae
485 2802 714 2869 criminationis
739 2806 877 2884 restree,
905 2800 995 2866 utin
1018 2800 1090 2886 ipsa
1112 2800 1246 2867 ecelesia

69 2920 174 2981 restra
189 2936 249 2983 roe
265 2936 441 3001 expurgare
459 2918 627 3000 satagetie3
654 2918 801 3001 quatinus
821 2916 906 3003 apud
922 2936 975 2984 eos
998 2915 1087 2981 nulla
1101 2916 1141 2981 de
1155 2915 1245 2982 robis

68 3040 196 3099 maneat
221 3032 369 3118 suspirio,
394 3033 476 3101 inter
499 3053 577 3117 qnos
593 3038 704 3099 sanate
719 3032 813 3101 debet
827 3053 896 3099 esse
912 3037 1018 3098 restra
1036 3033 1241 3099 conversatio.

67 3142 205 3215 Duoem⁸
231 3148 361 3233 insuper
391 3155 422 3215 et
450 3150 610 3235 principes
640 3152 759 3231 terrae,
789 3148 958 3234 praeeipus
986 3147 1244 3215 olomucensem·

68 3260 268 3351 episeopum⁴
292 3264 457 3332 eonciliate
479 3264 583 3345 vobis;
607 3270 640 3331 et
662 3284 864 3349 quaeeunque
886 3284 1040 3350 personas
1062 3265 1129 3331 eive
1146 3264 1245 3331 eoele-

67 3377 212 3447 eiaetiees
237 3380 304 3446 sive
327 3380 483 3449 sotulares
506 3380 591 3447 omni
616 3380 720 3447 studio
743 3380 877 3466 planete.
918 3379 1055 3447 Difficile
1077 3385 1127 3447 est
1149 3381 1244 3464 eninr,

67 3508 161 3561 nuum
192 3495 331 3581 aliquem
357 3496 407 3561 vel
435 3497 509 3563 odie
536 3496 585 3563 vel
615 3496 764 3563 offensam
797 3495 968 3563 multorum
997 3496 1163 3563 sustinere.
1202 3495 1245 3561 Et

66 3612 163 3677 nostri
200 3611 299 3679 offleii
328 3611 408 3693 ert⁶‚
441 3630 548 3679 eorem
583 3592 728 3679 emerius
763 3611 931 3681 humiliare
964 3632 1022 3679 nos
1052 3620 1085 3679 et
1118 3612 1245 3697 plaeere

66 3742 191 3807 omnes3
217 3732 255 3793 ut
270 3726 426 3809 omnibus,
442 3726 553 3793 silleri
570 3734 683 3813 potest,
707 3727 898 3813 pleoeemus.
982 3727 1035 3793 Sin
1050 3727 1143 3793 rebus
1159 3727 1245 3793 domi

66 3842 271 3927 conpositis,
301 3848 367 3910 tum
395 3842 529 3927 denique
553 3844 585 3909 in
610 3843 698 3909 ouria
720 3842 864 3911 Romana
886 3863 953 3909 rem
977 3847 1114 3909 vestram
1144 3842 1243 3924 agite3

66 3954 136 4035 quia
152 3977 271 4043 parum
289 3964 380 4025 extra
398 3958 575 4025 securitatis
593 3964 650 4042 est,
674 3958 747 4027 dum
765 3959 867 4027 adlruo
882 3958 994 4025 domus
1009 3962 1120 4025 nostra
1135 3962 1244 4023 eontra

64 4084 119 4135 noe
142 4072 370 4139 tumultuetur.
461 4072 639 4159 conparato
663 4076 770 4159 itaque
786 4075 876 4141 robis
893 4074 1002 4140 farore
1025 4073 1109 4159 apud
1132 4072 1243 4139 dudem

66 4187 97 4247 et
116 4188 283 4274 principes
313 4194 345 4254 et
368 4188 446 4254 alias
471 4208 671 4275 quaeeunque
694 4190 833 4274 regionis
856 4191 922 4255 sive
947 4189 1098 4256 eoelesise
1119 4192 1243 4254 vestrm

134 4351 155 4383 a.
180 4338 433 4395 magnaruatoriteaz
480 4338 503 4385 b.
520 4339 633 4389 consului
644 4354 684 4386 ros
694 4340 719 4387 Z.
767 4354 786 4387 a
804 4340 1004 4387 ltomuosnrenrl.
1052 4341 1075 4386 d.
1091 4338 1243 4387 eetoffioiiZ.

136 4432 160 4485 1.
181 4432 323 4501 lolr.8,3il.
352 4433 719 4505 2.Adelbertillloguntini.
745 4438 771 4490 3.
782 4434 981 4490 Sobieslauml.
1006 4433 1243 4490 4.Heinrioumll.

106 4526 189 4580 rene.
206 4530 353 4576 sisenem
364 4532 392 4576 v.
995 4533 1030 4588 27
