3142 4850
314 264 380 333 248
698 281 866 332 ununnrcr
887 281 1014 332 connx.
1052 278 1100 332 131

227 459 297 514 1106
313 441 408 510 ficare
430 441 637 526 decrevimus,
659 461 754 527 quam
777 441 1024 528 misericorditer
1042 441 1129 508 Deus
1150 461 1240 510 more
1261 461 1319 510 suo
1342 447 1417 530 post
1435 443 1479 511 iu·

236 533 290 580 ³¹⁸⁵·
314 578 440 627 mensos
462 558 587 626 labores
609 561 642 624 et
663 557 794 624 sudores
817 557 989 645 plurimos·
1011 558 1175 626 nobiscum
1198 563 1347 644 operetur
1369 561 1422 626 sit
1561 583 1562 586 ¹

207 693 296 742 aare
402 674 440 741 ln
461 674 513 741 die
536 679 645 740 sancto
668 673 883 760 pentecostesb
899 710 941 720 -
958 673 1013 757 qui
1035 672 1102 738 dies
1124 691 1165 740 ex
1187 673 1325 742 aduentu
1347 673 1481 761 Spiritus

314 790 416 857 saneti
438 795 580 858 sacratus
603 793 636 856 et
657 790 778 856 eunctis
800 787 944 857 fidelibus
970 788 1039 854 iure
1061 787 1245 874 sollempnis
1267 795 1333 874 est,
1360 789 1416 857 illo
1437 791 1481 858 in-

314 924 411 992 quam
432 905 484 972 dio
500 941 542 952 -
558 905 626 972 Deo
649 905 696 972 sic
717 905 894 988 ordinante,
916 906 949 970 in
965 904 1111 988 Anagnia
1133 905 1261 972 civitate
1282 905 1482 994 Campaniae,
1561 917 1562 970 3

314 1041 396 1106 quae
424 1020 611 1088 Romaniam
638 1021 753 1088 diuidit
781 1025 814 1088 et
842 1019 1008 1108 Apuliam,
1041 1020 1230 1108 episcopalis
1258 1021 1483 1090 benedictionis
1561 1117 1562 1120 Ἴ

313 1148 444 1206 munus*
468 1138 611 1222 quamvis
633 1137 782 1220 indignus
800 1135 936 1205 Domino
959 1136 1113 1220 largiente
1135 1137 1270 1224 suscepi,
1294 1137 1482 1206 venerabili¹
1560 1151 1562 1236 p

313 1272 399 1340 papa
419 1252 551 1319 domno·
569 1251 738 1336 P(aschali)
761 1273 892 1320 manum
915 1253 1107 1340 imponente,
1130 1253 1243 1320 ceteris
1267 1273 1340 1320 uero
1365 1253 1483 1340 episco-
1560 1311 1562 1338 ,

312 1367 364 1454 pis
397 1367 544 1454 plurimis
572 1369 829 1454 cooperantibus,
864 1368 947 1436 clero
983 1386 1107 1452 qnoque
1134 1366 1295 1436 Romanae
1325 1368 1483 1456 melesme,
1560 1349 1562 1432 l

314 1483 402 1550 cuius
416 1503 534 1567 magna
556 1503 630 1570 pars
647 1504 685 1550 ea
699 1484 751 1550 die
765 1484 801 1552 in
817 1483 949 1552 eandem
964 1483 1125 1550 aetatem
1138 1489 1341 1570 conserent
1363 1489 1483 1552 astante
1560 1477 1562 1498 ¹

314 1604 347 1666 et
367 1599 592 1666 consentiente.
625 1598 683 1666 Et‘
704 1600 788 1685 quod
810 1600 900 1685 nulli,
924 1598 1098 1666 allomano
1121 1597 1270 1684 ponb'fioe
1292 1605 1483 1686 consecrato,
1561 1593 1562 1672 Ϊ

312 1715 431 1782 nostris
452 1714 648 1802 temporibus
670 1717 821 1801 contigit,
851 1715 920 1782 sine
942 1714 1132 1800 obligatione
1155 1715 1288 1786 alicuius
1316 1717 1485 1784 iuramenti
1560 1687 1562 1714 ¹

313 1834 514 1898 couseeretus
536 1850 617 1896 sum.

313 2081 440 2147 semper
460 2080 617 2128 memores
639 2081 709 2128 esse
730 2062 897 2144 debemus;
921 2067 954 2130 ot
974 2065 1011 2128 ut
1025 2082 1080 2128 vos
1103 2082 1259 2130 memores
1281 2083 1351 2130 esee
1372 2063 1486 2150 velitis,

314 2187 405 2245 cum⁸
427 2177 601 2262 gratiarum
623 2177 747 2246 actione
770 2177 885 2247 obnixe
907 2197 1090 2265 precamen
1119 2179 1289 2266 praecipue
1311 2199 1385 2248 cum
1406 2179 1488 2248 abac

314 2312 410 2379 quam
432 2291 540 2380 plures
562 2293 761 2361 venerandae
782 2313 953 2381 personae,
977 2293 1016 2360 de
1039 2295 1163 2378 magnis
1186 2296 1280 2363 rebus
1302 2295 1389 2384 apud
1411 2315 1487 2384 apo·

314 2409 458 2478 stolicam
480 2408 587 2478 sedem
609 2413 750 2494 agentes,
772 2409 889 2477 inlecto
911 2411 1037 2495 negotio
1061 2409 1242 2480 redierintl.

402 2522 614 2609 Magnificate¹
643 2545 717 2611 ergo
746 2524 919 2594 Dominum
949 2546 1074 2593 mecum
1106 2531 1138 2593 et
1166 2528 1341 2595 exaltemus
1371 2547 1488 2600 nomen

313 2641 381 2708 eius
403 2636 572 2723 inuicem¹3
595 2641 647 2707 cui
662 2659 757 2725 quam
773 2641 868 2709 facile
886 2646 935 2709 eet
955 2642 1104 2711 resistere
1126 2642 1282 2729 superbis,
1305 2649 1373 2711 tam
1394 2644 1488 2715 facile

313 2761 364 2823 est
383 2756 555 2824 humilibus
578 2756 655 2823 dare
676 2754 840 2841 gradam'.
882 2757 963 2837 Quia
984 2778 1059 2825 vero
1083 2778 1230 2845 asperum
1254 2764 1317 2843 est,
1347 2762 1488 2828 confusis

312 2872 509 2960 temporibus
530 2893 600 2939 esse
622 2873 833 2959 praepositos,
855 2874 1029 2941 curandum
1043 2873 1134 2941 nobis
1150 2878 1199 2941 eat
1221 2880 1254 2941 et
1270 2876 1399 2943 omnino
1422 2882 1488 2945 sat·

313 2988 487 3073 agendum,
514 2993 552 3056 ut
577 3008 628 3055 res
651 2988 732 3057 dura
757 2987 815 3057 liat
835 2988 990 3057 mercedis
1012 2990 1145 3059 occasio.
1185 2989 1271 3059 Dum
1293 3012 1369 3076 ergo
1392 2994 1489 3061 semi-

312 3104 412 3172 nandi
433 3109 559 3192 tempus
581 3109 640 3189 eet,
662 3105 785 3171 semina
799 3104 953 3173 bonorum
969 3126 1101 3193 operum
1115 3126 1220 3175 serere
1236 3127 1300 3174 non
1315 3126 1489 3195 cessemus,

312 3224 350 3286 ut
370 3219 506 3287 maiores
528 3220 563 3286 in
585 3220 637 3286 die
659 3222 771 3288 messis
793 3221 934 3289 laetitiae
955 3222 1134 3309 manipulos
1156 3228 1365 3311 reportemus,
1388 3226 1491 3315 capiti

313 3339 433 3421 nosne,
454 3336 539 3420 quod
560 3341 610 3403 est
629 3335 784 3422 Christus,
806 3358 864 3423 per
886 3356 1070 3425 compagem
1091 3339 1239 3406 karitatis
1261 3340 1489 3425 adhaerentem

313 3566 361 3634 uti
382 3566 529 3653 palmites
552 3567 676 3635 devite
699 3568 792 3635 eiecti
814 3566 1019 3637 arescamus³.
1055 3569 1118 3637 Sed
1140 3571 1216 3655 quia
1235 3571 1269 3638 in
1292 3576 1492 3659 exequendis

313 3682 457 3751 iusticias
472 3684 620 3769 operibus
635 3684 762 3751 divinae
783 3685 903 3769 gratiae
927 3686 1082 3753 adiutorio
1105 3706 1184 3773 opus
1204 3694 1262 3773 est,
1286 3690 1492 3778 omnipoten-

313 3796 356 3867 tis
372 3796 433 3865 Dei
454 3799 591 3867 assiduis
613 3800 759 3886 precibus
781 3799 981 3869 clementiam
1004 3808 1143 3887 exorate,
1167 3808 1322 3889 quatenus
1344 3806 1386 3873 ad
1409 3807 1494 3877 haec

312 3912 405 3979 nobis
427 3913 589 4000 operanda
609 3921 642 3982 et
663 3916 744 3983 velle
765 3917 887 3985 tribuat
908 3921 941 3984 et
962 3938 1056 4005 posse
1078 3919 1243 4004 concedat,
1273 3926 1368 4006 atque
1391 3923 1428 3989 in
1453 3946 1494 3993 ea

314 4048 371 4095 nos
387 4030 439 4096 via
461 4050 533 4098 cum
555 4032 661 4099 fructu
682 4032 757 4099 boni
780 4032 895 4120 operis,
920 4054 1015 4119 qnam
1038 4054 1072 4101 se
1096 4054 1164 4103 esso
1186 4040 1321 4103 testatus
1337 4035 1415 4122 est⁴,
1442 4040 1494 4108 di-

383 4159 404 4190 a
428 4146 524 4193 sudores
538 4146 625 4194 stercen
639 4146 694 4195 add
707 4148 731 4196 V.
804 4149 827 4196 b.
850 4149 1011 4209 penthecostes
1028 4150 1050 4197 Ρ.
1121 4164 1141 4197 c.
1165 4164 1256 4199 manum
1271 4151 1315 4200 ΡΖ.
1385 4154 1410 4201 d.
1435 4155 1492 4203 bsa-

312 4223 403 4271 tissimo
420 4224 449 4272 E.
527 4240 548 4273 e.
570 4240 614 4274 ona
626 4226 693 4274 l’ZE.
770 4227 788 4275 t
811 4242 854 4277 ort
865 4229 894 4277 Η.
967 4242 988 4287 g.
1011 4229 1073 4277 omui
1088 4228 1143 4277 odd.
1154 4231 1183 4277 E.
1253 4231 1277 4279 b.
1292 4231 1373 4281 Valet·
1389 4234 1449 4284 edd.
1461 4236 1493 4285 a

311 4303 330 4350 i.
353 4316 411 4363 quae
426 4307 553 4364 mouentur
566 4320 610 4354 ora
623 4307 691 4354 VZH.

386 4390 411 4444 1.
430 4390 474 4446 Pe.
488 4392 532 4462 33,
544 4393 571 4447 4.
642 4394 669 4450 2.
687 4393 821 4464 Iac4,d.
893 4395 919 4451 3.
939 4392 980 4451 (li.
998 4394 1055 4451 1011.
1066 4395 1109 4467 15,
1122 4396 1147 4453 6.
1218 4396 1246 4453 4.
1263 4395 1322 4453 loli.
1333 4398 1376 4469 14,
1389 4399 1418 4457 6.
