3142 4850
453 349 617 398 onenrrrcr
640 350 768 398 counx.
802 347 856 400 aas
1172 334 1240 398 409

85 511 238 576 testatione
251 511 414 576 dexteram
438 531 526 576 suam
551 509 628 576 mibi
643 509 731 576 dedit
753 517 786 576 st
807 516 872 577 tres
887 516 1037 594 segnatos
1059 530 1133 576 suos
1155 511 1330 580 iura-1125

85 631 176 692 mento
204 626 243 692 de
271 624 422 692 fidelitate
452 645 509 692 sua
537 646 587 692 me
615 645 760 692 assurum
788 627 893 694 iecere
920 626 1090 713 praecepit
1180 626 1242 692 Tot

84 743 176 826 itaque
199 742 335 827 acceptis
357 741 580 808 securitatibus
603 741 686 807 ultro
709 740 841 826 oblatis,
865 742 904 809 de
925 740 1077 808 fidelitate
1100 743 1167 807 eius
1189 761 1240 806 se·

84 873 181 939 eurus,
204 857 244 922 ad
268 857 479 943 proprietates
502 877 604 941 meas,
636 857 798 944 paulisper
820 857 865 923 ibi
887 863 1081 940 moraturus,
1104 857 1240 940 rediens,

85 973 171 1038 ricem
195 991 297 1037 msam
322 993 379 1058 per
403 970 510 1038 omnia
533 973 561 1039 ei
584 972 719 1053 credidi3
744 979 784 1055 et,
809 974 892 1039 inter
914 975 985 1058 ipsa
1007 973 1157 1039 dominici
1172 991 1242 1038 cor·
1278 1061 1284 1070 Ι

83 1087 159 1172 poris
181 1093 380 1154 sacramenta
402 1089 509 1155 osculo
532 1087 627 1154 ludas
650 1087 689 1154 ab
713 1107 749 1154 eo
772 1095 917 1174 accepto,
940 1089 1066 1156 recessi.
1157 1089 1240 1154 Dum

82 1201 177 1286 itaque
208 1203 248 1269 ab
276 1223 313 1269 ao
337 1204 501 1290 sperabam
530 1203 691 1271 fidelitatis
721 1204 927 1288 antidotum,
955 1205 1138 1291 propinavit
1163 1203 1242 1270 mibi

81 1316 221 1403 perfidiae
245 1318 435 1385 achonitam.
475 1320 565 1404 Quia,
594 1321 667 1386 duur
692 1319 830 1403 aberam,
853 1341 925 1386 cum
949 1323 1015 1386 suis
1037 1320 1242 1406 eomplicibus

80 1434 250 1499 nniversam
279 1435 439 1502 civitatem
471 1435 560 1502 donis
590 1436 852 1522 promissionibus
880 1437 976 1503 minis
1005 1443 1037 1502 et
1059 1435 1242 1503 verberibus

29 1569 38 1580 ·
80 1549 114 1613 ad
136 1551 381 1617 coniurationem
405 1555 515 1616 contra
537 1571 587 1617 me
611 1553 775 1633 excitauit3
805 1557 838 1618 st
859 1552 915 1635 sic,
943 1552 996 1636 qui
1018 1551 1116 1617 uiebil
1137 1551 1243 1616 minus

79 1665 264 1750 suspicabar,
289 1685 309 1731 a
330 1665 476 1732 ciritatsl
499 1667 652 1734 uiolenter
676 1673 708 1733 et
729 1667 955 1733 contumeliose
977 1687 1047 1734 sum
1071 1667 1226 1733 exclusus.

158 1780 244 1847 Dum
273 1783 379 1866 itaque
402 1803 497 1868 super
520 1784 579 1850 bac
608 1781 789 1850 exclusione
811 1788 876 1848 tam
904 1783 1069 1868 inopinate
1098 1787 1164 1849 tam
1194 1784 1242 1848 in-

79 1896 184 1962 merita
199 1897 350 1980 dolerem,
375 1897 494 1984 placuit
518 1899 628 1964 amisis
651 1900 740 1982 meis,
764 1896 901 1984 pertidus
925 1898 995 1964 illos
1011 1899 1108 1982 digua
1123 1899 1243 1965 ultione

77 2009 171 2078 lerire.
203 2013 250 2080 Et
265 2013 355 2080 bouis
372 2033 480 2080 eorum
496 2014 726 2098 aliquantulam
741 2013 916 2080 lorinsecus
931 2014 1093 2099 dissipatis
1103 2009 1120 2098 ¹,
1138 2014 1241 2100 ipsam

77 2126 230 2194 ciuitatem
256 2129 352 2195 armis
383 2129 537 2214 parabant
560 2149 722 2215 occupare.
813 2127 882 2212 Ego
905 2149 996 2214 uero,
1025 2130 1136 2196 nolens
1160 2131 1243 2197 rinei

77 2243 194 2310 amalo
220 2243 276 2310 sed
299 2245 424 2312 vincere
449 2246 555 2312 rolens
583 2245 701 2312 malum
724 2245 757 2310 in
781 2241 891 2329 bono',
920 2245 1092 2312 vindictam
1116 2245 1241 2328 distuli3

75 2359 186 2427 amieos
210 2379 315 2445 meos,
340 2362 484 2447 quamvis
507 2363 645 2446 graviter
669 2359 819 2445 offensos,
843 2363 1037 2448 compescam
1066 2362 1242 2430 stillatam

155 2592 226 2661 Rex
248 2594 371 2678 itaque,
395 2596 522 2677 cognita
543 2612 639 2663 eausa
660 2612 747 2676 mea,
776 2594 985 2677 Argentinam
1009 2614 1060 2661 me
1084 2594 1242 2661 vocabat·.
1263 2605 1332 2659 1126

73 2704 147 2773 Veni
177 2715 210 2776 st
239 2710 382 2795 aspectui
410 2729 467 2775 suo
495 2730 545 2776 me
574 2710 682 2777 debita
706 2709 874 2776 devotione
902 2705 1127 2795 praesentari‘.
1171 2708 1244 2795 lpse

74 2842 156 2907 sero,
189 2846 242 2891 me
270 2825 404 2909 benigne
434 2826 608 2913 suscipiens
637 2825 686 2891 etl
714 2826 929 2909 querimoniae
956 2846 1047 2893 meae
1073 2825 1244 2892 clementer

74 2938 260 3025 adtendens,
284 2942 391 3007 iussit:
420 2946 456 3011 ut
479 2942 581 3007 omnis
604 2960 699 3007 causa
721 2960 794 3007 mea
816 2961 835 3007 a
857 2941 1067 3028 principibus,
1097 2940 1243 3026 quitum

75 3052 209 3141 aderant,
235 3058 399 3124 audiretur
415 3062 447 3123 et
462 3076 580 3133 eorum,
593 3056 707 3123 iudicio
723 3058 873 3124 oauouios
896 3058 1129 3123 terminaretur.
1164 3056 1244 3122 Fac·

74 3174 135 3235 tum
158 3179 208 3240 eet
232 3174 340 3258 igitur,
363 3178 399 3239 ut
421 3179 487 3240 tam
511 3192 568 3256 ego
585 3192 678 3257 quam
696 3174 869 3239 adversarii
885 3174 958 3257 moi,
979 3192 1112 3259 quorum
1129 3192 1244 3255 magna
1318 3182 1322 3189 “

74 3304 142 3371 pars
170 3289 217 3357 ibi
248 3289 373 3373 aderat,
402 3288 500 3356 libers
530 3289 770 3355 admitteremur
794 3290 989 3371 audentiam
1025 3294 1057 3357 et
1085 3290 1245 3374 utrimque

74 3406 193 3486 cognita
218 3426 330 3489 causa,
358 3406 405 3471 sic
424 3405 495 3507 llso
519 3405 637 3489 gratias
661 3404 761 3471 oratio
785 3424 858 3471 mea
878 3404 1027 3490 invaluit,
1057 3411 1093 3471 ut
1114 3406 1243 3490 veritas,

74 3538 147 3602 quas
170 3540 300 3608 semper
321 3520 484 3608 iniquitati
507 3522 703 3606 dominatur,
733 3522 987 3589 messeniorum
1016 3521 1165 3605 figmenta
1187 3542 1244 3608 op·

75 3638 230 3718 presserit.
262 3638 384 3705 Aderat
400 3644 503 3705 autern
522 3640 567 3706 ibi
581 3638 779 3707 Gerbardua·
795 3636 957 3703 Romanus
973 3638 1153 3720 cardinalis,
1176 3635 1244 3703 Μο-

74 3754 219 3831 guutinus
250 3753 520 3841 archiepiscopus,
553 3749 740 3821 Adelbero‘⁵
768 3752 950 3820 Bremensis
978 3753 1243 3839 archiepiscopus,

138 3944 157 3976 ι.
182 3933 308 3979 entitotum
324 3932 347 3978 l'.
442 3930 466 3977 b.
491 3934 513 3977 et
529 3929 637 3977 aeaut.
731 3946 750 3979 e.
775 3931 907 3979 rosaritt'.
996 3932 1018 3978 d.
1043 3933 1066 3977 et
1082 3954 1103 3963 -
1117 3930 1243 3977 adtendens

75 4009 148 4057 eae.
245 4026 266 4057 e.
289 4010 404 4058 (tetardus
422 4008 464 4057 VC.
556 4009 572 4057 t.
596 4008 746 4059 Adalberol'.

141 4108 165 4161 1.
184 4106 286 4162 Annei.
300 4104 512 4177 Herbipolenese
531 4106 618 4171 (bion.
631 4104 723 4161 Germ.
736 4104 785 4161 SS.
798 4106 865 4161 xvi
883 4108 917 4173 2)
935 4106 1019 4161 11252
1039 4104 1243 4176 „Gsbslrardoe

76 4192 199 4250 suburbio
210 4194 437 4264 wirzeburgensi
455 4194 595 4264 inopinate
613 4199 795 4263 concremato,
815 4198 934 4249 montem
948 4192 1048 4249 Sancte
1060 4194 1145 4248 llario
1163 4208 1243 4249 oeen-

75 4288 127 4349 pet,
144 4284 325 4353 stipendiaria
342 4282 416 4337 bona
427 4284 542 4337 ecclesis
554 4289 719 4352 concremat,
737 4283 765 4337 in
779 4282 919 4337 oimlterita
930 4282 1051 4352 reposita
1068 4284 1178 4352 penitus
1190 4283 1244 4338 dis·

76 4370 179 4426 urmes
271 4374 297 4427 2.
316 4372 395 4427 Rom.
410 4373 451 4441 12,
470 4372 513 4427 21.
603 4372 629 4426 3.
653 4370 813 4427 Lotborium
828 4371 876 4428 111.
963 4371 990 4427 4.
1014 4370 1057 4427 De
1075 4378 1199 4443 tempore
1216 4388 1243 4427 v.

77 4454 170 4516 Geeoh.
185 4459 236 4517 des
255 4459 379 4517 deuteob.
392 4460 492 4517 Rsiobe
511 4464 591 4517 enter
602 4459 705 4517 Lotlrar
716 4457 915 4518 dsun'Saelresu
932 4476 960 4532 p.
973 4460 1009 4518 55
1026 4477 1054 4519 n.
1066 4464 1093 4519 d.
1162 4462 1190 4517 b.
1208 4460 1244 4517 ll.
