3142 4850
359 337 481 386 seorsus
504 339 583 384 vrrs
607 337 764 386 curonis.
800 339 866 384 urs.
883 339 911 384 rr
934 334 968 385 rs
1185 319 1248 384 647

86 502 180 581 erant,
206 497 390 584 baptizarit
481 496 564 562 Nam
586 496 651 562 dux
674 495 833 563 Polizlsus
855 497 939 563 sicut
960 516 1037 580 erga
1058 497 1162 564 Deum
1185 495 1341 565 cul-1125

86 617 227 697 torusque
252 612 314 680 Dei
348 611 500 694 religione
529 631 565 680 ac
599 613 718 698 pietate
745 613 880 695 insignia
909 613 957 678 ita
985 631 1062 695 erga
1089 611 1251 697 ydolatrae

86 727 319 794 eterimiussos
334 727 433 794 debiti
454 727 570 810 rigoris
591 729 768 813 asperitate
784 728 845 793 luit
867 725 1074 812 inplacabilis.
1112 727 1252 810 Singulis

85 844 199 930 quippe
222 844 330 928 annis,
354 842 484 909 collecto
507 843 648 910 exercitu
671 841 792 925 valido,
814 848 916 908 terres
938 861 1134 928 paganorum
1156 843 1252 910 deva·

84 965 165 1024 stare
188 957 326 1041 solebat,
355 963 392 1024 ut
413 957 465 1024 uel
487 958 600 1024 timore
623 957 721 1040 gladii
743 958 817 1040 iugo
839 957 1009 1024 christiane
1031 957 1105 1024 tidei
1126 957 1251 1042 subige·

83 1079 199 1139 rentur.
241 1073 331 1151 Quod
354 1073 408 1139 ubi
437 1073 613 1140 ministerio
643 1071 688 1156 pii
712 1071 839 1138 Ottonis
866 1073 986 1140 ies-tum
1013 1079 1078 1155 est,
1106 1093 1196 1139 arms
1217 1073 1253 1139 in

83 1199 208 1274 pacem·
224 1193 348 1254 mutata
361 1193 446 1270 sunt,
468 1187 636 1271 cunctique
652 1187 691 1254 de
713 1187 864 1270 latibulis,
888 1187 942 1254 ubi
958 1188 1134 1256 absconditi
1149 1193 1251 1271 erant,

83 1309 208 1390 eccepto
233 1323 291 1390 per
313 1303 439 1370 beatum
470 1302 627 1389 presulem
651 1304 835 1386 securitate,
864 1303 1071 1390 prodeuntes,
1101 1304 1252 1390 baptismi

82 1419 214 1501 mabam
230 1419 389 1485 nauseanti
412 1423 495 1484 sunt
532 1418 598 1484 Heo
619 1419 717 1500 igitur
740 1423 850 1485 sanctu
872 1419 1037 1504 occupatio
1060 1420 1251 1505 predicatori

82 1533 221 1600 ueritatis
244 1553 365 1600 moram
390 1533 541 1601 redeundi
564 1533 653 1615 feeit,
684 1553 818 1618 eumque
846 1534 881 1600 in
903 1533 1078 1601 Dodinensi
1101 1534 1169 1602 loco
1193 1534 1252 1600 ali-

82 1649 228 1734 quamdiu
244 1649 388 1716 detinuit
469 1649 532 1716 Sed
555 1650 692 1735 peractis
707 1648 865 1732 omnibus,
885 1647 1107 1733 Belgroeusem
1124 1647 1252 1718 urbem¹

81 1765 186 1850 petiit,
216 1764 329 1832 deinde
355 1760 592 1849 Colubrsgam².
637 1765 705 1832 lllic
733 1764 898 1832 ecclesiam
927 1768 961 1832 in
995 1766 1114 1833 bonore
1141 1771 1252 1834 sancte

80 1877 138 1946 Dei
160 1880 323 1962 genitricis
346 1879 456 1964 Maris,
479 1881 597 1946 dudum
621 1899 640 1946 s
663 1901 697 1948 se
719 1879 909 1964 inchoatam,
933 1881 1065 1966 perfecit
1087 1887 1120 1948 st
1140 1901 1251 1948 conse·

80 1997 189 2062 creuit.
224 1995 302 2062 Post
330 1996 388 2062 bec
411 1996 547 2063 visitatis
577 1996 722 2063 omuibus
753 1997 893 2063 ecclesiis
916 1996 1047 2082 Deoque
1067 1997 1182 2064 intima
1203 1996 1251 2063 lu·

80 2111 248 2178 crimmum
271 2112 453 2196 probrsione
476 2111 713 2196 commendetis,
737 2118 848 2179 suctus
870 2111 1088 2179 benedictione
1110 2112 1249 2195 Domini,

78 2223 299 2294 Pomeranism
321 2228 490 2311 egreditur.

165 2343 290 2410 Deinde
318 2363 471 2429 prospero
494 2361 588 2409 cursu
611 2341 774 2408 Pulcniam
798 2342 943 2426 ueniens,
972 2342 1147 2410 inedicibili
1173 2363 1251 2428 gan·

78 2456 129 2523 dio
157 2478 195 2525 ec
222 2460 400 2527 renuentia
427 2459 515 2526 velut
542 2458 673 2542 augelus
696 2458 756 2525 Dei
785 2479 805 2525 a
832 2458 912 2525 duce
933 2457 1074 2527 Polizleo
1102 2461 1251 2543 omnique

78 2572 159 2641 clero
183 2580 217 2641 et
239 2574 358 2660 populo
381 2574 561 2661 suscipitur.
596 2573 650 2640 Fit
671 2574 821 2657 gaudium
843 2573 991 2657 generale
1012 2575 1114 2642 tocius
1137 2575 1250 2661 plebis,

77 2694 140 2756 tum
163 2690 205 2757 de
228 2692 432 2757 conversione
446 2690 650 2757 Pomersnice
673 2690 776 2772 gentis
799 2710 893 2773 quem
917 2689 1012 2755 etiam
1036 2690 1076 2755 de
1097 2691 1252 2775 sospitate

78 2810 109 2871 et
136 2806 242 2872 redito
272 2805 555 2873 desiderantissimi
583 2806 684 2891 patris
712 2804 846 2872 Ottonis.
941 2804 1147 2889 Aliquamdiu
1165 2824 1249 2887 ergo

76 2920 140 2988 illic
163 2920 338 2987 aPolizlac
362 2922 440 2989 duce
463 2920 669 2987 humanitatis
692 2921 795 3003 gratie
809 2920 966 3003 detentus,
987 2918 1173 2987 Bobemism
1193 2919 1250 2987 ad·

76 3037 113 3103 iit
140 3036 343 3122 similemque
365 3036 516 3103 Ludizleo
539 3036 612 3101 duci
639 3040 672 3101 et
699 3035 846 3103 omnibus
873 3036 939 3103 suis
966 3035 1006 3102 de
1032 3036 1170 3103 adventu
1191 3056 1250 3103 suo

75 3150 213 3220 leticiam
249 3152 384 3238 prebuit.
431 3152 553 3219 Deinde
587 3151 627 3217 ad
655 3150 889 3219 Gladcruusnse
916 3151 1080 3219 cenobium
1110 3150 1249 3235 ueniens,

74 3244 226 3335 trabibus
250 3268 392 3333 unanimi
412 3268 578 3335 deuotione
600 3266 660 3332 eibi
684 3265 921 3333 occurrentibus
944 3266 1040 3333 solita
1061 3266 1250 3334 bumilitstis

74 3382 240 3452 effectione
264 3403 298 3450 se
321 3382 562 3449 commendavit.

162 3499 282 3584 Sicque
310 3499 396 3565 omui
424 3497 627 3565 festinatione
654 3496 732 3563 fines
761 3502 845 3563 terre
874 3518 931 3564 sue
957 3498 1136 3581 ingressus,
1168 3496 1250 3563 feria
1265 3522 1373 3571 mas

73 3616 171 3681 tercie
202 3612 337 3681 'maioris
368 3613 541 3681 ebdomade
570 3611 857 3680 blicbelieldeusem
892 3612 995 3679 locum
1029 3612 1110 3679 adiit
1143 3613 1250 3696 ibique

73 3749 183 3797 cenum
207 3730 340 3796 Domini
362 3729 469 3797 debita
492 3728 709 3812 veneratione,
738 3728 838 3796 multo
865 3726 1006 3795 fidelium
1034 3728 1171 3813 stipatus
1194 3748 1249 3810 ug·
1265 3753 1373 3800 uncae

73 3846 171 3930 mine,
207 3844 390 3912 celebravit
432 3844 514 3911 Nam
543 3844 649 3930 plures
680 3844 719 3909 de
747 3843 832 3909 clero
866 3848 898 3910 et
926 3842 1043 3928 populo
1069 3841 1249 3909 Babenber·

72 3962 172 4045 gensi,
200 3960 417 4027 desiderantes
441 3960 615 4043 angelicam
637 3960 705 4025 eius
728 3936 932 4044 presentiam,
960 3958 1026 4024 illic
1048 3963 1250 4025 occurrerant

73 4082 119 4160 et,
143 4076 239 4161 qussi
262 4076 301 4143 de
324 4082 426 4141 morte
447 4074 624 4142 redditumb
648 4079 806 4160 pastorem
829 4073 1007 4159 piissimum
1030 4073 1248 4157 suscipientes,

75 4192 287 4280 omnipotenti
315 4190 398 4275 Deo,
432 4190 488 4275 qui
519 4210 576 4276 per
610 4195 658 4256 tot
690 4189 832 4275 pericula
858 4188 982 4256 saluum
1009 4207 1080 4255 curn
1110 4188 1247 4271 reduxit,

145 4356 167 4389 a.
191 4338 293 4401 pacet'.
505 4338 527 4385 b,
552 4338 650 4386 reditum
669 4334 715 4385 OB.

145 4438 169 4493 1.
188 4434 320 4505 Belgard.
538 4436 564 4489 2.
582 4432 712 4503 Kolberg.
