3142 4850
451 328 616 378 unnumcr
639 328 766 378 conns.
801 324 855 378 aas
1176 310 1241 376 397

85 482 288 574 inperatoris¹
311 486 496 570 intererunt,
519 487 692 556 venerabili
712 487 807 554 fratri
821 486 956 567 Otitoni)
972 485 1243 569 Babeubergensi·
1299 501 1368 556 1125

86 600 216 688 episeopo
243 601 318 669 hinc
345 602 503 671 fraternus
525 603 557 670 in
582 602 708 670 Christo
737 603 896 670 orationes
923 602 997 668 iude
1024 600 1242 668 fidelissimum
1262 574 1399 632 ¹¹¹⁰''⁸¹¹⁸'

84 717 200 786 devotae
223 717 385 785 servitutis
409 718 602 804 obsequium.

160 831 330 918 Postquam
346 834 480 902 domnus
495 834 669 921 imperator
682 835 766 900 viam
781 834 949 903 universae
963 833 1069 901 carnis
1082 833 1243 918 ingressus
1261 847 1315 896 nrt
1326 850 1355 896 aa

84 955 126 1016 est
146 955 175 1016 et
195 970 254 1016 uos
277 951 427 1036 exequias
451 950 518 1016 eius
541 969 612 1018 eum
635 950 720 1016 iusta
737 949 905 1016 devotione
919 954 952 1014 et
966 949 1144 1016 reverentia
1158 968 1243 1014 com·

81 1060 253 1149 plerimus¹,
276 1065 345 1152 ipse
368 1065 444 1132 ordo
468 1067 515 1134 rei
538 1071 569 1134 et
589 1066 741 1152 temporis
765 1065 902 1151 qualitas
925 1064 1051 1148 exigere
1067 1063 1243 1148 ridebatur,

81 1184 113 1244 ut
132 1179 168 1246 de
189 1185 275 1246 statu
303 1187 336 1248 et
363 1201 442 1268 pace
464 1182 554 1266 regni
578 1181 696 1267 aliquid
720 1182 949 1263 conferremus,
978 1181 1006 1246 si
1029 1200 1092 1246 uon
1119 1179 1244 1246 abesset

79 1297 270 1382 praesenciae
292 1303 417 1364 vestrae
446 1298 610 1366 consilium
639 1303 671 1364 et
700 1297 835 1367 aliorum
862 1295 1042 1382 principum
1069 1301 1159 1362 tanto
1187 1315 1243 1362 ne-

79 1413 160 1496 gocio
187 1412 265 1478 utile
294 1419 327 1480 et
355 1413 635 1500 pernecessarium.
726 1412 827 1491 Quam
856 1418 1023 1500 expectare
1046 1413 1121 1498 quia
1147 1431 1243 1499 grave

79 1533 140 1594 erat
161 1532 191 1595 et
214 1527 358 1612 difficile,
390 1529 473 1599 sedit
495 1530 635 1596 omnium
665 1533 808 1595 nostrum
836 1529 1029 1612 sententiae,
1061 1529 1091 1594 si
1119 1534 1243 1594 vestrae

78 1643 209 1710 tanturnb
233 1664 295 1711 non
319 1643 517 1730 displicuerit
538 1644 734 1728 concordiae,
757 1644 878 1712 curiam
901 1645 935 1710 iu
956 1645 1037 1712 leste
1060 1644 1145 1712 beati
1163 1643 1242 1711 Ber·

78 1755 235 1826 tholomei⁸
258 1759 342 1844 apud
365 1758 562 1844 Moguutiam
585 1759 744 1828 celebrare
767 1766 816 1845 et,
843 1759 962 1828 ibidem
985 1759 1243 1830 convenientibus

76 1874 276 1962 priucipibns,
299 1875 339 1944 de
361 1881 447 1942 statu
470 1881 502 1942 et
525 1895 704 1944 successore
726 1877 816 1960 regni
839 1896 876 1942 ac
890 1876 1025 1962 negotiis
1045 1875 1243 1960 necessariis,

76 1996 163 2076 prout
184 1991 325 2078 Spiritus
347 1997 475 2058 sanctus
503 1991 707 2078 aspiraverit,
737 1991 893 2058 ordinare
984 1991 1112 2058 Nullum
1135 1997 1243 2058 tamen

75 2107 297 2190 praeiudicium
327 2107 547 2175 deliberationi
571 2113 605 2176 et
626 2108 781 2176 voluntati
804 2113 928 2174 restrae
950 2107 1115 2192 facientes,
1144 2107 1243 2174 nichil

76 2221 157 2288 uobis
180 2224 342 2308 singulare
366 2243 403 2292 ac
424 2225 585 2310 privatum
607 2223 642 2290 iu
664 2223 724 2290 hac
744 2244 780 2290 re
795 2243 995 2311 usurpamus.
1029 2223 1110 2302 Quin
1134 2225 1243 2310 pocius

76 2335 251 2406 discretioni
273 2345 398 2408 restrae
420 2338 480 2406 hoc
507 2337 651 2427 adprime
680 2339 861 2406 intimatum
885 2359 954 2406 esse
976 2340 1137 2426 cupimus,
1166 2360 1243 2426 qua-

74 2452 162 2539 tinus,
186 2476 309 2525 memor
325 2456 541 2543 oppressionis
557 2476 620 2541 qua
635 2455 767 2523 eeclesia
781 2475 853 2523 cum
869 2455 1017 2523 uniuerso
1031 2476 1129 2541 reguo
1144 2476 1244 2541 usque

75 2571 159 2639 modo
182 2572 352 2657 laboravit,
376 2572 594 2659 dispositionis
617 2572 743 2639 diuinae
766 2573 997 2657 providentiam
1017 2571 1184 2639 invocetis:
1207 2578 1244 2639 ut

74 2684 103 2751 in
128 2688 353 2756 substitutione
382 2687 513 2756 alterius
543 2707 696 2773 personae
727 2688 773 2755 sic
803 2687 954 2756 ecclesiae
980 2708 1057 2755 suae
1086 2694 1119 2754 et
1144 2708 1242 2770 regno

73 2804 248 2889 provideat,
286 2805 370 2891 quod
398 2809 487 2871 tento
518 2803 680 2871 servitutis
710 2803 783 2887 iugo
814 2803 927 2869 amodo
961 2809 1083 2887 careat3
1116 2810 1150 2871 et
1176 2803 1243 2870 suis

73 2914 186 3003 legibus
210 2921 260 2989 uti
282 2919 391 3001 liceat3
415 2939 535 3005 nosque
557 2939 666 2987 omnes
689 2940 761 2985 cum
785 2918 927 2985 subiecta
948 2918 1058 3005 plebe⁰
1074 2919 1243 3005 temporali

73 3035 269 3117 perfruamur
292 3035 532 3121 tranquillitate.
624 3034 848 3103 Contestamur
863 3035 1174 3132 etiamdilectiouem
1190 3056 1243 3101 ve·

73 3151 198 3219 auam:
223 3157 261 3219 ut
283 3170 392 3237 pacem
410 3151 529 3218 credito
542 3150 630 3219 vobis
645 3151 756 3219 celitus
772 3150 890 3238 populo
905 3151 989 3218 inira
1010 3152 1243 3237 praescriptum

74 3266 170 3335 curiae
193 3268 368 3335 terminum
391 3274 423 3333 et
445 3266 531 3333 ultra
551 3267 590 3335 ad
606 3272 741 3353 quatuor
756 3266 963 3333 ebdomadas·
979 3268 1141 3351 ordinetis,
1166 3288 1243 3353 qua·

72 3380 150 3449 tinus
172 3381 322 3451 omnibus
346 3382 444 3449 tutior
466 3382 524 3449 liat
544 3402 714 3450 concursus
738 3402 775 3449 ac
797 3383 935 3465 reditus3
959 3389 992 3449 et
1013 3390 1049 3450 ut
1070 3384 1243 3469 curialiter,

72 3512 151 3564 more
167 3498 318 3565 videlicet
340 3499 540 3583 antiquorum
563 3498 753 3585 principum,
777 3518 848 3565 cum
863 3500 994 3586 propria
1010 3499 1164 3586 impense,
1187 3521 1242 3567 ne-

72 3611 180 3681 miuem
204 3634 384 3702 pauperum
407 3612 558 3698 ledentes,
581 3614 786 3683 convenietis.

135 3876 155 3908 ι.
178 3862 263 3911 mt'.
372 3862 395 3911 b.
419 3863 542 3911 sitantum
558 3864 687 3911 vestraeV.
796 3878 816 3911 c.
839 3862 914 3925 poete
930 3864 954 3911 V.
1054 3864 1078 3911 d.
1101 3866 1241 3913 noemaml'.

73 3952 91 3985 a
112 3941 218 3990 ebdomas
236 3942 281 3991 VZ.

137 4090 161 4146 1.
179 4090 303 4147 Heinrici
315 4090 349 4147 V.
458 4092 484 4147 2.
502 4088 606 4163 Splrce.
714 4092 739 4147 3.
758 4089 832 4161 Aug.
845 4092 889 4147 at.

548 4316 759 4325 ..a-a———n-n
