3142 4850
310 294 377 360 214
697 309 864 358 uniamur
885 309 1012 358 coniux.
1051 306 1101 360 113

187 488 256 544 1133
310 477 385 537 suut
406 472 533 553 camnis,
557 470 729 537 secuudum
752 470 913 538 decretum
937 469 1011 552 Dei3
1037 469 1086 536 vel
1110 469 1163 554 qui
1185 487 1291 552 regem
1315 467 1481 534 inhonorat

145 562 296 610 ⁸⁸³¹·'1m‘
310 595 421 654 contra
442 588 603 653 decretum
627 585 778 671 apostoli3
805 586 854 652 vel
878 585 1051 672 peiuraudo
1075 585 1216 650 assumit-
1229 603 1345 650 numen
1369 583 1428 652 Dei
1449 584 1481 650 in

310 723 436 785 vanum,
460 723 518 788 per
542 702 625 787 quod
647 702 765 768 iuravit
786 703 854 784 regi
878 701 1071 768 fidelitatem.

398 819 490 901 Ecce,
516 838 612 902 quare
636 818 897 884 excommunicati
922 817 1072 883 dicimurl
1109 815 1171 882 Sed
1194 833 1291 899 quare
1313 819 1482 903 pseudo-

310 937 465 1000 clera'ei·
489 936 659 1000 vocamur?
688 936 758 1018 qui,
782 933 932 1000 canonice
958 933 1113 1012 viventes,
1144 931 1291 1017 operibus
1315 951 1483 1016 meremur,

310 1056 347 1116 ut
368 1048 475 1116 clerici
492 1069 647 1116 vocemur.
683 1050 754 1116 Non
778 1055 837 1133 est
861 1069 924 1114 non
948 1055 997 1114 est
1018 1049 1146 1133 inquam
1170 1047 1210 1112 dc
1233 1053 1319 1114 sorte
1335 1045 1409 1132 Dei,
1433 1049 1485 1132 qui

310 1164 379 1230 vult
406 1185 465 1230 uos
492 1165 660 1232 excludere
682 1187 702 1231 a
724 1172 810 1232 sorte
834 1165 903 1232 Dei.
946 1164 1016 1230 Non
1040 1163 1135 1247 tales,
1166 1181 1184 1228 o
1213 1167 1317 1230 mater
1343 1162 1485 1246 ecclesia,

309 1280 450 1364 nutristi,
474 1286 510 1346 ut
531 1281 644 1346 marito
670 1301 817 1347 vocemur
839 1279 1093 1366 pseudoclerici·.
1135 1279 1217 1356 Quia
1238 1279 1321 1344 enim
1350 1299 1411 1344 nus
1434 1297 1486 1344 vo-

309 1395 426 1462 luntati
463 1401 590 1462 nostrae
623 1415 686 1462 uon
721 1396 886 1479 dimisisti,
923 1415 987 1462 non
1022 1394 1247 1462 confundemur
1285 1399 1318 1460 ta
1352 1401 1487 1462 matrem

310 1517 453 1579 uostram
462 1509 479 1576 ¹.

399 1628 517 1694 Mirum
539 1632 589 1694 est
611 1627 650 1693 de
673 1627 789 1692 domno
806 1625 1003 1711 Paschasio⁵,
1028 1626 1187 1711 quoniam,
1211 1625 1255 1691 si⁶
1275 1625 1424 1691 convicia
1437 1645 1488 1691 ve·

311 1743 397 1810 nalia
419 1745 550 1826 invenit,
574 1742 657 1808 bona
680 1744 871 1810 mercatione
894 1743 1019 1810 videtur
1040 1763 1078 1808 aa
1100 1741 1270 1826 accepisse,
1293 1759 1375 1824 quae
1400 1745 1489 1806 muta

311 1860 345 1926 iu
373 1879 430 1926 uos
461 1859 641 1944 profundit‘¹
669 1859 830 1926 facilitate.
872 1857 964 1925 Modo
993 1859 1076 1925 enim
1105 1877 1163 1924 uos
1198 1857 1489 1924 excommunicatus

311 1975 464 2056 nominat,
487 1975 581 2039 modo
605 1974 855 2060 pseudoclericus
878 1995 917 2040 ex
941 1979 1029 2039 motu
1052 1972 1148 2038 animi
1165 1977 1265 2038 vocat.
1304 1970 1489 2038 Eructavit·

311 2107 366 2157 tor
394 2089 498 2156 David
528 2090 612 2172 regis
641 2097 675 2158 et
707 2089 880 2176 prophetae
910 2089 1040 2156 verbum
1068 2083 1217 2168 bouum’3
1254 2087 1411 2154 evomuit‘
1439 2107 1490 2153 cor

312 2205 420 2272 domui
447 2201 627 2272 Paschasii⁸
654 2205 716 2272 vile
744 2205 933 2288 convitium,
968 2209 1063 2290 prout
1094 2203 1217 2270 vetulae
1251 2207 1283 2270 et
1317 2203 1491 2270 textrices*

310 2318 441 2386 iaciunt.
533 2319 657 2386 Petrusi
681 2321 843 2407 apostolus
870 2321 975 2386 docet:
1006 2320 1080 2385 Noa
1110 2322 1306 2386 dominanter
1333 2323 1368 2384 ia
1396 2321 1490 2400 clero,

312 2438 369 2501 aad
386 2437 500 2521 formu
520 2440 609 2523 facti
633 2433 765 2525 prepie⁸.
806 2436 922 2503 Paulus
952 2438 1113 2524 apostolus
1141 2437 1181 2503 ad
1205 2434 1356 2503 Galathas
1390 2436 1492 2503 deliu-

313 2557 444 2636 quentes
474 2556 534 2618 ait:
569 2554 684 2619 Filiola'
711 2558 789 2635 mei,
807 2542 810 2551 ’
826 2576 903 2641 quoe
938 2558 1050 2619 iterum
1077 2557 1225 2641 parturio
1255 2556 1291 2618 in
1318 2548 1490 2619 Domiuo‘.

313 2666 380 2734 Hos
401 2668 499 2750 igitur
521 2668 674 2735 adtendat
695 2668 829 2735 domnus
853 2668 1040 2737 Paschasius
1063 2668 1133 2755 pios
1160 2668 1405 2752 ammonitum,
1429 2686 1492 2735 nou

313 2783 429 2869 immas
450 2785 688 2850 conmutatores.

402 2898 603 2966 Maledictum
642 2900 976 2967 excommunicationis
1005 2900 1139 2967 domnus
1174 2898 1362 2967 Paschasius
1400 2900 1493 2967 nobis

313 3015 524 3099 improperat3
548 3015 605 3081 sod
618 3015 697 3081 illud
713 3021 787 3083 aute
803 3016 909 3081 omnia
922 3016 1081 3099 timemus,
1106 3016 1190 3102 quod
1206 3014 1344 3101 Spiritus
1360 3020 1494 3082 sauctus

314 3149 371 3215 par
393 3149 430 3196 oe
452 3129 638 3215 psalmistae
660 3130 752 3197 dicit:
775 3134 943 3199 Maledicti
964 3154 1079 3212 omues,
1105 3137 1163 3218 qui
1176 3133 1338 3199 declinarat
1360 3156 1382 3199 u
1400 3156 1494 3197 mun·

314 3243 509 3312 111111313ίεὶ
601 3244 804 3312 Maledictum
828 3246 1173 3331 excommnuicationis,
1197 3245 1281 3332 quod
1304 3266 1345 3313 ex
1365 3246 1495 3315 novella

314 3359 488 3427 tradicione
503 3360 735 3427 Hildebrandus
751 3357 913 3428 Odardus⁰
938 3368 970 3428 et
990 3362 1052 3429 iste
1069 3358 1204 3429 tercius⁷
1223 3362 1396 3431 indiscreta
1421 3382 1495 3448 pro-

315 3475 465 3559 tulerunt,
489 3477 616 3542 omniuo
632 3476 794 3542 adicimus.
830 3474 873 3543 Et
887 3478 1009 3563 priores
1025 3484 1151 3545 sauctus
1169 3484 1276 3565 patres
1290 3496 1393 3561 usque
1409 3496 1496 3545 nuuc

316 3610 503 3659 veneramur
536 3598 568 3659 et
594 3597 754 3674 muamus,
790 3592 844 3676 qui
874 3628 915 3639 -—
944 3593 1084 3661 dictante
1112 3593 1235 3681 Spiritu
1263 3596 1392 3675 sancto,
1428 3612 1495 3659 nou

315 3707 415 3774 animi
435 3714 522 3773 motu
546 3742 587 3754 -
610 3708 646 3773 iu
667 3706 840 3774 maioribus
863 3714 895 3775 et
918 3710 1093 3775 minoribus
1117 3710 1327 3796 potestatibus
1349 3711 1496 3793 graviter

314 3822 568 3906 delinquentibus
596 3822 752 3906 quaedam
775 3822 1068 3907 dissimulaverunt,
1096 3826 1250 3910 quaedam
1273 3832 1495 3909 correxerunt,

315 3938 471 4023 quaedam
494 3936 718 4003 toleraverunt.

386 4092 406 4124 a.
432 4078 633 4137 speadocloriuil'.
734 4078 757 4125 t.
781 4076 888 4127 Patauio
904 4080 931 4127 Ζ.
1032 4095 1052 4126 c.
1076 4082 1098 4127 ai
1112 4080 1195 4127 orraB.
1294 4082 1318 4128 d.
1342 4082 1452 4141 protudit
1466 4084 1495 4131 B.

317 4171 336 4203 a.
360 4155 529 4203 llructuavitV.
613 4157 630 4203 i.
654 4158 740 4204 evomit
754 4158 784 4203 B.
871 4172 893 4217 g.
916 4158 1063 4206 Paschasium
1079 4159 1111 4215 Z,
1131 4159 1234 4207 Pascasii
1250 4162 1279 4208 B.
1357 4160 1382 4207 h.
1408 4162 1496 4211 dextri·

317 4248 357 4283 aaa
370 4235 400 4282 Ζ.
475 4235 491 4280 i.
514 4235 596 4282 Petrus
609 4258 634 4269 -
647 4236 673 4283 id
688 4238 725 4283 aut
740 4250 818 4285 eorum
833 4237 952 4286 beneflciis
967 4252 1008 4285 eos
1022 4238 1161 4285 interficiant
1176 4254 1220 4289 um.
1231 4241 1260 4287 B.

387 4324 413 4376 1.
429 4321 512 4375 rmv.
525 4321 568 4389 aa,
582 4321 626 4377 13.
697 4323 723 4377 a.
740 4322 787 4377 Po.
798 4324 843 4393 44,
856 4326 882 4378 3.
958 4324 1184 4395 31331333.
1256 4326 1284 4381 4.
1303 4324 1396 4383 suaa
1410 4328 1439 4398 u
1453 4328 1495 4385 ra

316 4407 343 4465 a.
360 4408 407 4464 aa.
419 4409 480 4476 na,
499 4409 542 4464 21.
632 4410 659 4461 a.
678 4408 806 4465 eramus
817 4410 852 4465 11.
936 4412 961 4467 1.
979 4410 1120 4469 Pnomm
1133 4413 1168 4471 tt
