3142 4850
314 274 379 339 804
603 290 782 338 usnsosor
804 289 985 338 nrsnocus.
1020 290 1087 337 urs.
1103 290 1142 336 ιιι
1166 286 1199 338 ιο

224 465 293 521 1127
314 450 352 517 de
375 456 470 533 terra,
494 450 547 535 qui
565 470 583 515 a
598 449 676 515 duce
693 449 823 515 obiectis
845 449 1036 535 respondere
1056 454 1087 515 et
1102 448 1247 516 omnibus
1262 448 1491 515 controversiis

314 564 493 633 decidendis
514 565 676 632 hincinde
691 565 810 632 exortis
825 571 956 651 possent
970 562 1123 630 sufficere
1159 563 1220 630 Ubi
1235 584 1309 647 ergo
1326 563 1366 629 ad
1382 569 1492 629 rastra

314 683 410 766 veuit,
433 680 546 748 educe
562 680 789 747 honorabiliter
804 687 969 767 susceptus
984 685 1041 746 est.
1077 679 1255 763 blimmque
1271 680 1367 763 dictu,
1392 699 1492 764 quam

313 798 415 881 facile,
439 798 554 863 divinis
578 796 710 882 eloquiis
734 797 832 863 animi
850 799 918 863 eius
932 796 1058 862 feritate
1073 795 1214 878 delinita,
1238 795 1278 861 ad
1295 816 1389 862 omne
1404 796 1492 881 quod

314 914 461 981 volebant
485 914 658 999 principem
684 913 892 979 inclinaverit.
935 912 991 979 llle
1014 932 1150 997 namque
1171 911 1307 977 multum
1330 918 1493 998 protesta-

314 1030 416 1114 batur,
440 1048 502 1096 non
527 1050 565 1094 ss
590 1027 653 1095 alia
676 1050 771 1095 causa
794 1029 853 1095 hoc
875 1035 1017 1115 tempore
1039 1028 1155 1094 bellum
1180 1034 1292 1094 contra
1311 1048 1365 1094 eos
1382 1048 1493 1095 susce-

313 1147 399 1234 pisse
422 1166 515 1230 quam
538 1144 577 1211 ob
592 1145 707 1211 iniurie
723 1144 782 1211 Dei
799 1145 1024 1231 omnipotentis
1039 1145 1189 1211 ultionem
1206 1149 1239 1210 et
1253 1146 1356 1210 mutui
1371 1145 1493 1211 sedens

313 1263 503 1349 ruptionem,
528 1261 602 1347 quia
625 1265 657 1327 et
679 1260 904 1327 christianismi
926 1261 996 1326 iura
1018 1260 1052 1326 iu
1075 1260 1233 1346 plerisque
1250 1259 1329 1325 locis
1344 1259 1492 1325 rediviva

313 1378 495 1464 paganitate
517 1376 689 1443 violassent
717 1382 749 1443 et
777 1376 854 1443 inite
880 1376 1040 1443 societatis
1070 1382 1102 1443 et
1123 1376 1362 1461 compositionis
1384 1375 1491 1459 legem

313 1494 444 1563 minime
478 1498 665 1560 servassent.
712 1492 889 1578 Episcopus
922 1512 1012 1576 ergo,
1045 1491 1103 1558 hec
1132 1492 1238 1557 omnia
1266 1491 1491 1558 emendatione

313 1610 501 1695 dignissima
522 1608 625 1676 fassus
647 1608 831 1693 legatosque
854 1607 1082 1694 aliquantulum
1103 1628 1161 1694 pro
1176 1608 1226 1673 his
1242 1608 1426 1691 obiurgans,
1450 1608 1491 1674 ad

313 1726 448 1813 pristine
476 1724 712 1812 compositionis
742 1729 869 1811 pactum
898 1728 1177 1809 partem·rerocat
1204 1730 1390 1809 utramque,
1420 1744 1490 1790 sesa

313 1846 389 1909 tuuc
410 1842 562 1929 temporis
586 1840 850 1927 quemadmodum
874 1846 907 1906 et
920 1859 1004 1906 nunc
1018 1841 1107 1927 pacis
1122 1840 1326 1907 mediatorem
1343 1841 1491 1907 extitisse

314 1977 573 2025 commemorans.
609 1955 760 2023 Placebat
783 1962 889 2023 autem
912 1956 1050 2022 maxime
1065 1956 1176 2023 ducem
1191 1954 1490 2023 PolonieVratizlai

315 2074 404 2141 ducis
427 2070 504 2140 fides
528 2080 561 2141 et
575 2073 699 2139 devotio
724 2073 928 2159 abepiscopo
951 2071 1089 2156 laudata,
1113 2072 1197 2157 quia,
1221 2073 1309 2139 etin
1332 2074 1437 2159 priori
1458 2078 1492 2139 et

313 2192 348 2256 in
371 2189 508 2257 secunda
530 2189 745 2275 predicatione
768 2210 847 2275 eque
868 2188 971 2255 fidelis
994 2190 1156 2272 inventus,
1185 2188 1286 2254 multa
1308 2188 1395 2255 bona
1417 2208 1491 2275 pre-

315 2304 506 2372 dicatoribus
529 2305 745 2372 ostendisset¹.
780 2305 854 2371 Dux
877 2306 985 2391 itaque
1006 2304 1122 2371 talibus
1146 2303 1247 2371 modis
1270 2303 1406 2371 abacto
1423 2305 1490 2370 viro

315 2422 488 2506 mitigatus,
510 2420 585 2488 licet
601 2421 697 2489 nimis
713 2428 963 2504 murmurantem
979 2422 1163 2504 exercitum,
1187 2426 1298 2508 utpote
1311 2421 1413 2507 prede
1425 2424 1490 2489 sri-

315 2539 401 2624 dum,
425 2539 524 2606 versis
548 2538 663 2623 aquilis
687 2539 725 2604 ad
750 2559 808 2604 sua
829 2539 933 2604 redire
956 2538 1110 2625 precepit3
1136 2537 1388 2604 Stetinensibus'
1404 2560 1491 2622 vero,

316 2655 399 2741 quod
426 2655 524 2740 aliqui
547 2675 586 2720 ex
609 2655 655 2720 eis
678 2653 718 2720 ad
742 2673 865 2720 errores
888 2655 1038 2741 pristinos
1060 2654 1195 2721 revoluti
1218 2652 1354 2737 ιιιιιιιῑ,
1382 2656 1490 2722 divine

315 2770 540 2856 indignationis
570 2789 607 2836 ac
635 2789 689 2836 sue
718 2769 850 2836 mandat
871 2790 933 2836 non
958 2771 1064 2836 defore
1086 2771 1273 2853 vindictam,
1303 2771 1368 2837 nisi
1390 2792 1491 2856 quan-

316 2889 416 2956 tocius
445 2887 605 2974 apostasia
630 2883 852 2951 immundicias
875 2905 1013 2969 congrua
1034 2886 1158 2952 diluant
1179 2887 1415 2973 satisfactione,
1443 2888 1491 2954 in·

316 3001 477 3087 dulgentia
500 3002 600 3090 petita
622 3000 768 3067 doctoris.
862 3001 958 3068 Porro
983 3002 1158 3088 episcopus,
1181 3003 1248 3068 voti
1269 3023 1403 3089 compos
1419 3024 1491 3070 cum

316 3118 428 3201 legatis
452 3117 587 3201 rediens,
612 3117 754 3183 attonitis
777 3117 924 3201 gregibus
947 3118 1012 3184 suis
1036 3123 1144 3205 optate
1158 3120 1247 3205 pacis
1261 3126 1295 3186 ct
1308 3120 1491 3187 securitatis

316 3233 466 3300 nuncium
499 3233 683 3319 reportavit.
729 3232 773 3298 Et
802 3239 954 3318 quantum
984 3233 1049 3300 illi⁰
1078 3234 1201 3321 pridem
1230 3235 1269 3302 de
1296 3242 1387 3302 metu
1416 3236 1492 3304 belli

316 3347 494 3416 mestificati
521 3348 647 3415 fuerant
670 3351 703 3415 et
725 3350 886 3433 concussi,
916 3349 949 3416 in
972 3354 1095 3416 tantum
1119 3349 1239 3418 alacres
1260 3351 1338 3417 iacti
1361 3358 1491 3418 suntet

317 3466 349 3530 iu
379 3463 440 3531 fido
462 3464 636 3531 christiana
663 3463 802 3548 fundati,
831 3484 908 3531 sane
935 3465 1054 3532 doctori
1084 3487 1141 3532 suo
1162 3466 1357 3534 ascribentes
1386 3469 1491 3554 patrie

302 3578 550 3662 ,liberationem3
575 3600 746 3665 servusque
760 3579 821 3647 Dei
839 3579 1057 3664 magnificatus
1073 3586 1123 3648 est
1137 3582 1339 3650 vehementer
1353 3584 1390 3649 in
1404 3589 1491 3651 terra

317 3693 574 3761 Pomeranorum.
614 3695 671 3762 llle
693 3715 782 3780 vero,
806 3695 905 3761 nichil
926 3696 1049 3764 meritis
1073 3697 1139 3763 suis
1160 3697 1316 3782 tribuens,
1340 3703 1434 3765 tanto
1457 3721 1491 3766 se

317 3808 527 3876 humiliorem·
540 3809 624 3896 apud
647 3809 750 3876 Deum
773 3816 806 3878 et
827 3810 969 3878 homines
992 3811 1144 3898 exhibuit,
1171 3819 1287 3900 quanto
1310 3815 1382 3881 sine
1404 3815 1490 3882 illins

318 3923 437 3990 auxilio
460 3943 494 3990 ss
509 3923 605 3990 nichil
620 3944 713 4011 posse
729 3925 857 3993 sciebat
949 3926 1183 4013 Dimitteusque
1197 3930 1341 4014 nuncios,
1363 3931 1406 3996 da
1421 3932 1490 4015 qni-

318 4036 377 4105 bus
399 4034 513 4125 supra²
536 4039 654 4138 dictum
677 4044 735 4125 est,
758 4040 933 4108 marchioni
956 4048 989 4110 et
1003 4041 1183 4110 Saxouibus
1204 4044 1324 4127 gratim
1341 4046 1411 4128 egit
1431 4065 1489 4132 pra

388 4227 408 4260 a
433 4215 587 4261 ostendissent
599 4215 652 4272 NB,
669 4207 809 4263 ostendisset
820 4217 849 4264 R.
916 4218 939 4265 b.
961 4218 1129 4265 stetinensibus
1140 4241 1164 4250 -
1177 4221 1250 4280 potita
1264 4221 1369 4267 domari·
1384 4235 1433 4267 aas
1447 4235 1489 4268 ass

319 4289 542 4340 luceiacodicsbss
558 4293 1146 4358 leganturaotsllunltaqns-redireprecspit
1222 4311 1243 4344 a.
1266 4297 1351 4354 lllsN,
1368 4299 1475 4346 uuas

390 4396 415 4448 1.
435 4393 475 4450 cr.
495 4395 622 4452 rusam
640 4395 683 4450 ιι.
862 4400 888 4454 a.
910 4399 1011 4470 ares,
1028 4399 1070 4456 ιιι
1086 4402 1112 4456 ι.
