3142 4850
318 300 383 364 140
681 317 847 366 uniuerso
868 316 996 366 consur.
1031 313 1074 367 or.
1087 314 1122 366 cs

187 491 290 546 loos-
316 497 425 544 rumve
447 475 632 543 decursibus
654 476 747 543 molis
770 477 961 544 molenmnis
981 477 1209 563 piscationibus
1223 477 1361 566 exitibus
1384 481 1420 544 et
1439 497 1488 544 re-

142 629 145 638 =
181 562 296 628 10840)
315 591 444 675 ditibus,
467 593 529 659 viis
553 598 585 660 et
606 593 712 676 inviis,
735 591 868 677 quesitis
890 597 924 660 et
945 592 1151 677 inquirendis,
1174 598 1208 660 et
1228 593 1407 660 cumomni
1428 593 1489 660 uti·

314 707 420 791 litate,
450 729 510 792 que
532 707 596 774 ullo
619 707 712 773 modo
735 707 809 774 inde
832 708 998 794 provenire
1021 708 1153 794 poterit,
1182 709 1218 775 in
1245 708 1412 795 proprium
1436 708 1489 775 dc-

314 822 417 889 dimus
441 829 536 908 atque
559 822 778 906 donavimus·;
809 845 849 891 ea
870 823 1017 891 videlicet
1037 823 1169 908 ratione,
1192 830 1229 890 ut
1251 823 1434 910 praedictus
1449 822 1488 888 Η.

313 938 447 1005 liberam
476 939 515 1006 de
542 939 685 1025 praelato
714 938 846 1025 praedio
874 939 935 1004 sibi
958 958 978 1004 a
999 938 1090 1005 nobis
1112 938 1230 1006 tradito
1259 939 1373 1005 debinc
1398 943 1490 1025 pete·

315 1058 428 1120 statem
457 1053 586 1138 babeat,
614 1053 733 1121 scilieet
755 1058 864 1120 tenere
885 1053 1012 1120 tradere
1033 1055 1169 1122 vendere
1192 1059 1388 1121 commutare
1415 1074 1490 1139 pre-

314 1171 436 1236 cariere
458 1168 509 1236 vel
531 1169 679 1254 quicquid
693 1168 755 1236 sibi
769 1168 845 1236 inde
859 1168 1015 1255 placuerit
1025 1169 1139 1236 iacere.
1173 1169 1218 1236 Et
1231 1176 1268 1236 ut
1287 1170 1345 1236 bee
1358 1173 1491 1236 nostrae

313 1286 497 1352 tradicionis
520 1284 635 1368 regalis
660 1285 831 1350 auctoritas
853 1304 937 1350 nune
958 1290 991 1350 et
1012 1305 1070 1370 per
1092 1285 1293 1352 succedentia
1307 1291 1490 1370 temporum

313 1400 469 1468 curricula
497 1399 620 1467 stabilis
648 1405 680 1466 et
705 1398 892 1466 inconvulsa
913 1406 1111 1486 permoneat,
1138 1401 1221 1468 hene
1241 1401 1391 1488 peginam
1413 1399 1491 1466 inde

313 1518 525 1603 conscriptam
549 1535 644 1582 mann
668 1515 808 1602 proprie,
831 1521 868 1582 ut
889 1517 973 1582 inira
995 1516 1135 1600 videtur,
1161 1517 1436 1584 corroboravimus
1458 1521 1491 1584 et

313 1631 410 1716 sigilli
432 1633 532 1698 nostri
554 1632 763 1718 impressione
784 1631 934 1698 iussimus
955 1632 1112 1716 insigniri.

315 1844 376 1917 68.
401 1845 571 1912 Heiorioae
587 1844 611 1910 I
613 1845 644 1909 V
660 1867 717 1910 rac
734 1845 774 1910 R.
791 1848 940 1910 smero
961 1863 1018 1912 sao
1041 1859 1178 1932 quatuor
1199 1867 1325 1912 messos
1347 1869 1414 1912 sorr
1439 1869 1489 1912 re·

400 1961 488 2048 pales
511 1957 648 2026 abobi
1351 1959 1393 2040 (E
1410 1962 1491 2042 104)

145 2100 298 2156 1077-1084
402 2091 437 2158 ln
460 2094 588 2158 nomine
609 2097 739 2161 sanctae
761 2098 795 2158 et
817 2092 998 2160 individuae
1020 2093 1183 2160 trinitatis.
1222 2092 1417 2175 H(einricus)
1442 2095 1491 2160 di·

311 2209 388 2276 vina
408 2207 535 2275 iuventa
557 2208 725 2275 clementia
745 2229 813 2275 rex.
848 2207 1001 2276 Omnibus
1016 2209 1134 2276 Christi
1155 2210 1319 2295 nostrique
1338 2209 1491 2277 fidelibus

311 2333 376 2392 tam
400 2325 515 2390 futuris
538 2344 633 2410 quam
656 2325 877 2411 praesentibus
891 2331 1001 2392 notum
1016 2325 1255 2408 essevolumus,
1278 2324 1417 2410 qualiter
1430 2345 1491 2392 nos

311 2442 352 2509 ob
374 2443 585 2509 interventum
602 2439 762 2524 Blerthael
787 2442 876 2525 regni
899 2445 931 2508 et
952 2442 1036 2507 tbori
1058 2443 1172 2526 sociae,
1195 2441 1362 2524 Hicinrici)
1386 2442 1490 2527 patri-

312 2558 425 2626 nolae
434 2553 451 2642 ¹,
483 2557 660 2645 rouperto
688 2556 974 2642 eaoenoergensn,
1006 2537 1172 2640 dearces)
1200 2558 1392 2624 essaenos
1419 2560 1490 2645 epr-

310 2692 477 2760 scoporum
506 2679 745 2759 ceterorumque
771 2672 913 2739 fidelium
940 2673 1141 2741 nostrorum*
1174 2674 1299 2739 cuidam
1334 2674 1491 2741 servienti

309 2796 418 2857 nostro
434 2790 477 2856 R.
494 2790 631 2874 nomine,
655 2790 749 2856 militi
772 2788 935 2872 laudabili,
959 2794 1094 2873 quatuor
1108 2809 1173 2855 non
1186 2788 1309 2872 regales
1324 2800 1489 2874 mansus·‚

310 2908 387 2994 quos
415 2907 499 2974 idem'
528 2906 562 2972 iu
586 2904 772 2973 beneficium
796 2904 923 2988 babuit,
951 2905 986 2971 in
1013 2904 1178 2992 proprium
1200 2904 1354 2971 tredendo
1378 2904 1490 2973 firma·

310 3022 423 3107 vimus,
445 3021 600 3089 firmando
625 3021 824 3104 tradidimus,
847 3021 926 3087 sitos
947 3021 1077 3087 invilla
1098 3020 1137 3087 N.
1152 3021 1187 3087 in
1202 3021 1354 3088 comitatu
1377 3018 1417 3086 N.
1434 3042 1489 3088 eo-

307 3138 406 3222 mitis,
431 3156 501 3202 eum
525 3136 671 3203 omnibus
693 3136 905 3224 appendiciis,
934 3136 993 3203 hoc
1019 3143 1069 3203 est
1089 3137 1254 3222 uniusque
1275 3156 1372 3203 sexus
1396 3157 1490 3204 men·

307 3252 401 3338 cipiis
430 3250 527 3317 ereis‘
558 3250 709 3318 aediliciis
743 3253 845 3338 pratis
872 3252 998 3339 pascuis
1025 3253 1119 3319 terris
1153 3252 1245 3319 cultis
1278 3257 1312 3318 et
1343 3252 1490 3338 incultis,

309 3368 368 3433 viis
396 3370 428 3435 ct
450 3368 562 3451 inviis,
592 3367 697 3434 silvis·
712 3366 929 3434 venationibus
955 3367 1046 3451 aquis
1059 3372 1266 3452 'aquarumve
1287 3366 1489 3454 decursibus,

307 3482 400 3549 molis
423 3482 613 3550 molendinis
636 3483 862 3570 piscationibus
885 3482 1023 3549 exitibus
1046 3486 1079 3549 et
1100 3482 1267 3575 reditibus,
1296 3484 1433 3567 quesitis
1456 3490 1492 3552 et

306 3598 503 3685 inquirendis
532 3618 569 3665 ac
598 3616 669 3665 eum
693 3598 778 3664 omni
801 3597 954 3682 utilitate,
984 3618 1045 3683 que
1067 3597 1133 3665 ullo
1155 3599 1248 3666 modo
1273 3598 1348 3665 inde
1370 3620 1491 3685 prove·

306 3716 376 3782 nire
391 3716 517 3801 poterit.
553 3714 707 3782 Dedimus
723 3718 829 3781 annm
844 3713 957 3783 devote
970 3714 1005 3779 in
1019 3712 1245 3782 hereditariam
1253 3715 1490 3801 proprietatem

306 3832 370 3900 tale
393 3832 559 3919 praedium
582 3829 684 3899 eidem
707 3835 816 3895 nostro
838 3830 1000 3914 servienti,
1023 3832 1098 3916 quis
1114 3831 1205 3899 nobis
1220 3837 1389 3918 pergratus
1404 3840 1488 3917 eret,

306 3952 416 4037 utpote
432 3950 481 4015 vir
496 3946 609 4031 idolio,
632 3945 723 4013 miles
740 3951 919 4030 strennuus,
943 3945 1010 4015 dies
1033 3953 1066 4015 et
1086 3954 1194 4016 noctes
1218 3946 1258 4014 ad
1276 3928 1369 4015 omne
1384 3951 1488 4017 servi·

304 4066 386 4131 tium
414 4068 559 4131 nostrum
587 4067 754 4149 promptus
786 4069 818 4129 et
839 4067 980 4148 paratus.
1020 4062 1064 4129 Et
1092 4069 1129 4130 ut
1155 4064 1214 4132 bec
1235 4064 1369 4132 tradicio
1391 4064 1488 4133 firma

376 4256 397 4287 a.
421 4240 557 4288 tradidimus
573 4240 599 4287 Z.
701 4240 724 4286 b.
747 4254 776 4286 ee
794 4241 960 4298 Voce—41,
981 4240 1003 4287 Ζ
1016 4256 1042 4302 p.
1053 4242 1115 4297 1⁶2,
1140 4240 1163 4289 C.
1261 4254 1281 4288 a
1304 4241 1398 4301 EVZ,
1419 4242 1486 4292 M.

309 4320 332 4367 d.
356 4320 391 4367 .N.
404 4319 479 4369 vso„
547 4334 567 4367 a.
591 4318 727 4377 mausueti
806 4320 822 4367 l.
845 4321 906 4369 oreis
919 4345 943 4353 —
957 4322 1099 4382 inquirendis
1113 4336 1157 4369 ors
1170 4320 1195 4371 (l

379 4424 404 4478 1.
424 4423 616 4494 Aquileiensis,
637 4425 829 4479 ross-ross.
