3142 4850
392 327 516 376 usurus
539 329 619 375 vrrs
643 327 800 376 orrours.
834 328 901 375 una
918 328 945 374 11
968 326 987 375 4
1207 309 1272 374 627

98 485 183 570 oepit
211 506 269 572 pre
292 485 422 568 gaudi03
453 507 589 571 moxque
612 507 756 570 egressus
779 507 851 553 cum
874 487 961 552 omui
983 486 1067 553 clero
1091 491 1124 551 et
1146 485 1272 571 populo,
1292 500 1364 554 1124

98 601 214 666 dilecto
243 601 326 687 patri
355 601 449 668 nudis
477 601 610 687 pedibus
634 603 780 668 occurrit.
822 602 985 685 Tantaque
1008 621 1080 667 eum
1104 600 1274 666 devocione
1303 572 1357 618 m

98 717 241 802 excepit,
265 720 300 782 ut
323 717 417 782 otiam
442 716 523 782 fihos
547 737 620 784 suos
642 718 797 783 lactentes
818 716 868 784 illi
889 717 999 782 obvios
1022 716 1143 801 portari
1166 721 1199 782 et
1219 735 1274 782 ve·

97 832 194 914 stigia
217 832 284 896 eius
308 831 484 900 exosculari
505 833 628 899 iuberet
643 853 795 917 sacraque
810 833 878 898 eius
894 831 1111 898 benedictione
1134 851 1190 916 per
1205 851 1274 898 ma·

96 967 158 1011 nus
181 947 414 1032 impositionem
432 947 610 1014 confirmari
633 968 704 1013 cum
724 947 863 1012 lacrimis
879 952 1050 1032 expeteret.
1085 946 1166 1012 Erat
1187 948 1271 1012 euim

96 1062 163 1127 dux
186 1062 254 1146 ipse
278 1083 390 1145 magne
413 1063 445 1129 iu
462 1062 580 1129 Christi
597 1063 780 1130 ecclesiam·
797 1063 983 1146 reverentie,
1008 1068 1132 1128 amator
1153 1082 1273 1148 paupe·

95 1197 169 1242 rum
193 1183 226 1242 et
247 1177 409 1262 piissimus
431 1179 561 1263 inopum
585 1178 774 1260 consolator,
798 1178 987 1243 humilitatis
1005 1183 1037 1243 et
1051 1177 1194 1244 caritatis
1211 1176 1274 1242 vir·

95 1297 166 1358 tute
195 1293 339 1359 omuibus
368 1293 527 1376 amabilis,
557 1293 852 1376 congregationibus
879 1291 1021 1358 fidelium
1049 1297 1084 1358 et
1105 1290 1273 1357 domiciliis

95 1413 279 1474 sanctornm
301 1409 402 1490 magis
427 1429 519 1492 quam
544 1409 674 1474 urbibus
697 1408 895 1475 exstruendis
911 1428 1041 1492 operam
1057 1407 1133 1472 dare
1149 1406 1271 1472 solitus.

95 1522 159 1600 Qui
181 1524 277 1589 etiam
301 1525 626 1590 desiderantissimum
650 1525 710 1590 sibi
733 1531 856 1610 patrem
880 1523 1026 1589 Ottonem
1051 1542 1109 1607 per
1130 1527 1196 1588 tres
1220 1521 1273 1587 eb·

94 1638 249 1703 domadas
272 1639 304 1704 in
329 1639 512 1724 episcopatu
528 1638 683 1705 Gnezensi
707 1659 812 1705 secum
830 1638 974 1719 detinuit,
998 1637 1031 1701 in
1049 1637 1143 1701 domo
1159 1635 1272 1718 lacobi,

95 1752 251 1838 prepositi
275 1755 404 1819 maioris
427 1754 572 1838 ecclesie,
601 1755 655 1838 qui
678 1759 791 1840 postea
814 1748 996 1840 epiecopus¹
1019 1753 1120 1818 factus
1143 1756 1208 1832 est3
1237 1756 1273 1817 ut

94 1872 130 1934 et
146 1867 287 1934 doctrine
310 1869 377 1934 eius
393 1870 581 1936 suavitatem
597 1870 779 1952 degustaret
801 1874 834 1934 et
849 1874 1005 1952 oportuna
1022 1886 1143 1951 queque
1164 1887 1274 1951 sump-

93 1987 188 2049 tuum
219 1983 259 2048 ad
288 1984 348 2050 iter
377 1984 455 2050 illud
483 1986 731 2051 necessariorum
761 1984 790 2048 ei
825 1982 1013 2068 provideret
1115 1981 1273 2064 Egressus

94 2102 204 2166 autem
229 2099 300 2183 pius
324 2099 417 2165 Ottob
439 2099 631 2166 aGnezensi
652 2099 794 2180 ecclesia,
817 2099 936 2164 furtum
961 2097 1117 2180 quoddam
1141 2097 1175 2162 in
1198 2116 1273 2182 pro-

91 2215 188 2280 xima
202 2214 277 2280 villa
299 2215 447 2298 incurrit3
472 2215 555 2298 quod
578 2235 651 2280 mox
676 2215 777 2281 edicto
795 2212 927 2279 Polizlai
951 2213 1039 2278 ducis
1062 2213 1270 2298 recuperavit

93 2329 146 2396 lbi
170 2330 264 2395 etiam
287 2331 419 2396 comites
447 2331 514 2396 eius
538 2329 694 2395 Heroldus
721 2335 753 2396 et
775 2328 992 2410 Godeboldus,
1022 2333 1151 2413 accepta
1178 2327 1274 2395 bene·

92 2446 244 2528 dictione,
269 2446 310 2511 ad
326 2466 384 2512 sua
399 2447 529 2513 rediere.
620 2446 698 2511 Post
712 2446 780 2528 hec,
803 2446 872 2511 Deo
889 2445 1095 2528 gubernante,
1119 2464 1271 2530 prospero

90 2562 212 2628 itinere
236 2563 397 2647 usquead
421 2561 498 2627 fines
522 2568 605 2628 terre
628 2560 831 2628 Poloniorum
854 2560 1016 2646 processit

188 2677 329 2762 Cumque
351 2678 391 2743 ad
414 2682 553 2743 oestrum
577 2678 734 2762 quoddam
759 2678 842 2761 qnod
860 2672 967 2741 Uada²
989 2674 1185 2741 nominatum
1211 2681 1270 2758 est,

91 2793 182 2879 quod
205 2793 309 2859 estin
331 2792 464 2859 confinio
489 2794 651 2877 utriusque
675 2798 775 2875 terre,
800 2813 871 2858 cum
894 2792 959 2856 suis
982 2790 1135 2872 venisset,
1166 2810 1271 2857 comes

89 2908 225 2991 Paulus,
250 2909 360 2974 ductor
384 2909 461 2990 eius,
484 2909 628 2993 premisit
650 2908 782 2973 nuncios
806 2907 845 2973 ad
862 2906 1068 2973 Wortizlaum
1085 2905 1272 2972 Pomerauie

90 3026 224 3105 ducem;
254 3024 308 3107 qui
337 3042 463 3089 servum
485 3022 546 3089 Dei
569 3023 734 3106 Ottonem,
763 3023 850 3089 fama
878 3022 962 3108 apud
991 3042 1043 3087 eos
1067 3020 1272 3087 celeberrima

90 3139 271 3222 vulgatum,
295 3138 373 3204 lines
398 3158 470 3203 suos
494 3138 731 3222 euangelizandi
755 3139 858 3221 gratia
881 3138 969 3203 adire
990 3136 1198 3222 insinuarent,
1221 3138 1272 3203 cui

89 3262 162 3321 tam
187 3274 245 3340 pro
268 3274 323 3319 sue
339 3254 517 3319 sanctitatis
536 3254 723 3337 reverentia,
748 3274 843 3338 quam
866 3254 961 3319 etiam
985 3253 1173 3318 auctoritate
1195 3272 1273 3335 apo-

89 3368 202 3437 stolici
224 3368 330 3434 domni
354 3367 482 3451 Calixti,
507 3371 595 3436 cuius
619 3369 734 3435 missus
758 3373 837 3450 erat,
862 3368 948 3434 omni
972 3366 1141 3433 devocione
1165 3386 1272 3433 occur·

89 3490 205 3551 rorent
227 3488 259 3549 et
281 3484 409 3549 monitis
434 3484 500 3549 eius
528 3481 582 3549 se'u
611 3484 767 3569 preceptis
797 3502 854 3568 per
878 3482 984 3547 omnia
1007 3482 1270 3568 obtemperarent

90 3600 164 3678 Quo
188 3598 337 3664 mandato
357 3598 421 3664 dux
433 3597 623 3665 Wortizluus
641 3604 779 3684 accepto,
803 3599 836 3662 in
852 3602 956 3663 castro
970 3594 1170 3678 Zitarigroda
1192 3616 1272 3663 uun·

88 3719 212 3801 cupato
236 3714 264 3779 ei
281 3714 426 3796 occurrit,
450 3712 619 3779 honorilice
635 3712 724 3779 illum
742 3720 777 3779 ut
790 3712 936 3795 angelum
954 3711 1083 3778 Domini
1100 3711 1270 3797 excipiens.

88 3829 155 3896 Cui
179 3829 251 3913 pius
268 3827 341 3893 Otto
364 3848 474 3913 pacem
494 3828 612 3895 Christi
634 3828 778 3911 offerens,
802 3829 885 3895 dona
907 3829 1004 3894 etiam
1025 3846 1113 3892 more
1137 3846 1193 3891 suo
1217 3824 1271 3890 cb

88 3943 180 4025 tulit,
206 3944 264 4009 hoc
280 3948 328 4009 est
342 3944 449 4009 sedem
466 3943 678 4029 episcopalem
701 3942 798 4029 pullio
814 3942 980 4009 obductam
1004 3947 1037 4007 et
1053 3938 1178 4006 dorsale
1201 3958 1272 4023 pre-

87 4060 217 4126 ciosum
241 4077 312 4123 curu
336 4057 407 4124 aliis
435 4057 632 4141 muneribus,
661 4063 698 4123 ut
724 4055 951 4141 temporalibus
981 4055 1071 4121 illum
1101 4054 1208 4122 bonis⁶
1232 4052 1272 4119 od

166 4184 188 4216 ι.
211 4171 331 4217 ecclesiam
352 4172 439 4233 scripsi
456 4188 502 4231 pro
523 4172 620 4218 acoleia
639 4171 662 4219 C.
771 4170 795 4216 b.
818 4184 901 4217 maaca
917 4168 1078 4231 posterioria
1096 4167 1117 4216 0
1133 4166 1226 4215 eddidit
1240 4168 1272 4213 in.

87 4266 113 4299 c.
141 4248 209 4296 donis
230 4248 254 4305 C,
271 4250 337 4295 bouis
354 4250 383 4296 Ε.

170 4330 195 4380 1.
214 4325 436 4395 archiepiscopus
455 4326 631 4382 Gnosneusis.
718 4329 743 4381 2.
768 4326 840 4382 Usca
858 4326 894 4381 ad
912 4326 1026 4381 Netaam
1046 4324 1083 4395 fl,
1100 4340 1119 4380 a
1136 4322 1274 4379 Posnania

86 4413 133 4471 sd
151 4414 370 4483 septemtriones.

997 4499 1057 4554 40*
