3142 4850
338 277 404 343 338
724 295 891 344 numer
911 294 1038 344 conen.
1076 291 1127 344 lao

339 453 454 520 civium
477 453 511 520 in
533 453 616 536 regis
641 454 855 538 praesentiam
879 453 994 520 deferri
1016 473 1079 519 non
1102 453 1243 518 sinerent
1264 472 1323 519 neo
1341 471 1434 536 usque
1451 451 1484 518 ad

338 570 460 652 regium
483 588 670 636 consensum
693 569 923 635 ordinationem
946 588 1036 634 suam
1059 566 1319 654 suspenderent“.

429 683 569 768 ,Iustum
595 685 712 770 quippe
734 690 820 750 erat:
843 690 889 767 ut,
913 704 1045 769 quorum
1061 684 1202 750 donariis
1222 684 1353 751 eeclesia
1364 688 1487 750 creverat

338 807 377 868 at.
393 820 525 885 quorum
549 799 649 866 tutela
670 798 763 866 illesa
791 799 998 885 permanebat
1019 807 1051 868 et
1073 800 1188 884 qnietis
1215 799 1422 883 integritatem
1442 798 1488 864 ha·

338 916 443 998 bebat,
467 935 576 984 eornm
599 935 752 984 consensu
776 921 809 982 et
822 915 1051 982 collaudatione
1074 921 1107 982 et
1128 915 1226 982 etiam
1239 914 1321 981 dono
1338 920 1489 1001 patronum

339 1034 516 1100 animarum
540 1032 722 1116 susciperet
758 1029 802 1096 Ut
823 1030 1074 1098 Mediolanenses
1097 1031 1178 1098 dono
1197 1030 1422 1098 Valentiniani·
1440 1029 1490 1096 im·

339 1147 495 1236 paratoria
510 1145 673 1214 sanctum*
688 1145 892 1212 Ambrosium
908 1151 1115 1232 susceperunt
1129 1146 1322 1232 episcopum.
1357 1145 1408 1212 Sic
1420 1144 1491 1211 enin

340 1263 378 1330 de
401 1283 438 1332 eo
453 1263 614 1348 tripertita
629 1261 777 1328 historia⁰
793 1267 918 1328 namet:
941 1265 1021 1348 qaia
1033 1265 1175 1328 nondam
1187 1263 1301 1346 fuerat
1321 1264 1492 1350 baptizatae.

339 1381 409 1448 Hoc
432 1393 535 1446 aaran
557 1382 729 1465 imperator·
745 1399 926 1462 epaoeccaa,
950 1381 1043 1444 aare
1064 1400 1135 1445 aum
1155 1391 1281 1464 repente
1299 1379 1494 1466 baptizarit

340 1499 487 1563 ordinari
495 1491 700 1582 pontificaret
725 1493 768 1562 Et
782 1495 914 1561 inferius
925 1493 1009 1560 idem
1024 1493 1200 1578 imperator
1211 1494 1257 1559 sio
1267 1493 1361 1560 dicit:
1379 1494 1494 1561 mmo

339 1635 399 1696 opo
415 1613 483 1691 ta'da',
501 1613 694 1697 omnipotens
709 1612 860 1692 calcator,
877 1612 1028 1694 quoniam
1041 1610 1115 1676 daie
1128 1614 1197 1674 va'ro
1212 1633 1268 1696 epo
1283 1613 1411 1695 quidem
1424 1630 1495 1674 com·

338 1730 413 1792 mini
434 1749 579 1814 corpora,
604 1739 638 1792 ta
653 1740 756 1792 eutem
779 1721 932 1790 animant
967 1724 1046 1790 Tam
1066 1729 1194 1790 sanctus
1209 1745 1284 1808 ergo
1300 1724 1361 1807 nir,
1384 1723 1495 1789 ntdm·

338 1842 463 1910 brosius
482 1842 552 1924 suit,
577 1860 738 1926 nunquam
762 1840 1028 1908 enumerationem
1051 1845 1107 1906 ant
1128 1859 1237 1906 curam
1260 1840 1423 1906 hominum
1443 1839 1497 1902 ine

339 1959 427 2025 sione
455 1961 510 2024 aut
538 1956 619 2022 dono
648 1957 849 2043 imperatoris
877 1956 1085 2042 suscepisset,
1113 1957 1141 2022 si
1166 1956 1324 2022 iniustum
1352 1956 1414 2021 hoo
1439 1971 1498 2021 esso

337 2069 578 2140 intellexisset“.

431 2186 513 2271 ,Sed
538 2187 681 2271 quamvis
710 2186 874 2273 praedicta
895 2188 935 2255 de
958 2208 1054 2254 causa
1076 2186 1224 2272 antiqua‘
1246 2193 1279 2253 et
1299 2184 1501 2253 ecelesiastica

339 2302 531 2372 consuetudo
547 2302 692 2388 cepisset,
715 2306 753 2368 nt
773 2302 954 2389 principum
976 2323 1131 2370 consensu
1153 2301 1339 2388 pontificum
1356 2300 1500 2368 ordinatio

339 2426 424 2487 recte
439 2422 471 2486 et
484 2417 567 2487 iuste
584 2418 760 2505 proveniat,
783 2440 983 2507 summepere
998 2425 1107 2486 tamen
1120 2419 1208 2506 ipsos
1224 2418 1388 2505 principes
1402 2436 1501 2485 carere

339 2540 474 2621 oportet,
496 2555 537 2600 ne
559 2534 648 2601 illum
671 2533 879 2602 collaudando
902 2536 1045 2603 nitantur
1067 2536 1238 2621 praeferre,
1261 2535 1314 2601 cui
1331 2542 1503 2601 sanctornm

339 2650 379 2718 de
400 2651 460 2717 hoc
482 2650 602 2736 scripta
624 2650 766 2739 sentiunt
789 2653 955 2717 contraire.
996 2651 1077 2731 Quia
1105 2657 1234 2738 propter
1256 2650 1316 2719 hec
1338 2657 1373 2717 et
1396 2648 1504 2717 similia

339 2768 490 2853 scriptum
508 2771 571 2833 est:
595 2786 659 2833 non
673 2767 768 2833 licere
783 2768 852 2850 regi
867 2767 985 2851 aliquid
1001 2772 1112 2833 contra
1131 2768 1283 2833 mandata
1296 2767 1410 2834 diviua
1423 2784 1505 2853 prae·

339 2878 489 2949 sumere³.
530 2882 700 2966 Quoniam,
728 2883 872 2966 quamvis
895 2883 971 2949 cleri
994 2887 1027 2949 et
1048 2883 1159 2969 populi
1181 2903 1338 2950 consensu
1366 2884 1504 2969 princepe

337 3004 528 3085 potestatem
542 2998 658 3065 habeat
669 2998 867 3083 praeferendi
879 2997 1071 3084 pontificem,
1086 3019 1151 3064 non
1165 3000 1195 3065 ei
1210 3004 1319 3067 tamen
1333 2999 1411 3066 licet
1424 2997 1506 3063 illam

339 3114 509 3198 praeferre,
533 3114 582 3179 eui
606 3132 761 3179 canonum
784 3120 953 3200 praecepta
975 3119 1126 3200 poterunt
1146 3116 1313 3181 connaire.
1336 3114 1435 3183 =item
1456 3128 1508 3179 uec

340 3248 396 3295 sno
421 3228 553 3311 quilibet
574 3229 720 3315 princeps
736 3228 831 3296 debet
845 3229 1017 3297 attribuere
1032 3230 1111 3297 iuri:
1135 3229 1216 3297 velie
1231 3229 1414 3315 disponere,
1435 3247 1507 3315 quae

340 3344 381 3411 ad
404 3345 474 3411 iura
499 3342 683 3429 pontificum
711 3363 847 3411 canones
876 3351 1023 3411 asserunt
1050 3346 1220 3431 pertinere.
1267 3345 1360 3411 Unde
1390 3345 1507 3411 dicunt:

341 3458 419 3524 nulli
441 3458 522 3525 laico
537 3480 685 3545 umquam
703 3458 823 3547 aliquid
838 3460 878 3527 de
892 3459 1112 3528 ecclesiasticis
1127 3462 1315 3547 disponendi
1330 3460 1509 3528 facndmtem

341 3594 410 3643 esse
425 3594 621 3657 concessam
646 3576 791 3659 quamvis
806 3596 863 3642 rex
879 3597 899 3641 a
913 3596 1043 3644 numero
1059 3577 1212 3645 laieorum
1228 3578 1341 3643 merito
1357 3577 1395 3643 in
1409 3576 1510 3641 huius·

339 3692 426 3759 modi
449 3697 622 3778 separetur,
646 3712 729 3775 eum,
759 3690 828 3757 oleo
850 3693 1095 3760 consecrationis
1117 3694 1276 3778 inunctus,
1309 3690 1511 3759 sacerdotalis

340 3807 510 3875 ministerii
532 3808 691 3895 particeps
714 3826 783 3875 esse
804 3807 1035 3891 cognoscitur“.

432 3921 523 4006 „Nou
545 3942 620 4005 crgo
643 3924 825 4009 praedictae
846 3923 975 4007 regulae
1001 3925 1197 4009 praedictam
1219 3925 1422 4010 antiquitatis
1443 3942 1513 3991 coa·

411 4067 431 4098 ι
448 4053 577 4100 Valentiam
592 4054 616 4100 V.
701 4055 724 4101 b.
748 4056 874 4102 secundum
889 4056 916 4102 b
1002 4070 1022 4102 o.
1045 4056 1149 4116 hystoria
1163 4058 1190 4106 Ζ.
1272 4058 1296 4103 d.
1318 4058 1418 4117 antiqua
1431 4052 1513 4117 scripu

339 4146 385 4193 pro
400 4134 520 4192 nmquam
538 4132 581 4180 Vz.

414 4220 438 4273 1.
458 4220 528 4273 Hist.
540 4218 661 4286 trip.V11
676 4235 699 4273 c.
709 4221 734 4288 8,
754 4218 910 4275 Cassiodori
927 4199 991 4289 opp.
1003 4220 1047 4274 ed.
1060 4220 1215 4277 Garatiusl
1231 4223 1329 4291 peon.
1405 4225 1433 4278 2.
1450 4218 1513 4276 mid.

342 4306 368 4361 3.
391 4306 543 4361 Burchardi
566 4306 710 4362 dcccxv
728 4308 758 4362 8:
783 4308 866 4377 ,Non
888 4308 953 4364 licet
974 4324 1040 4379 ergo
1063 4309 1221 4381 imperatori
1239 4340 1273 4351 -
1292 4310 1398 4380 aliquid
1422 4315 1513 4367 oontn

343 4394 473 4449 mandata
490 4396 642 4451 divinitatis
659 4396 862 4465 praesumere“.
