3142 4850
313 265 379 331 706
517 283 696 331 maneant
717 282 900 331 amnuens.
935 284 1000 329 nrm
1017 283 1038 328 1.
1074 280 1280 329 rnoonmnvr

217 453 287 509 1158
403 442 496 508 Tum
525 461 608 525 ego:
642 441 738 509 Recte
766 443 925 525 inquam
954 438 1047 505 hodie
1075 439 1114 505 de
1142 439 1196 505 illo
1225 438 1479 521 sermocinamur,

314 558 369 643 qni
399 556 484 622 omni
512 556 620 623 domni
648 562 754 623 nostre
782 556 881 623 immo
910 554 1031 621 civitati
1059 555 1205 620 universe
1234 554 1407 621 communis
1434 558 1481 617 est

315 672 448 738 materia
474 671 587 739 leticie.
623 672 886 738 Anniversarius·
910 671 993 737 enim
1022 670 1082 736 iste
1109 671 1210 735 instar
1236 668 1332 735 habet
1356 666 1480 751 natalia,

315 793 348 854 et
370 788 476 871 magni
492 788 566 853 festi
583 787 715 854 alicuius
729 787 910 870 imaginem.
946 785 1049 853 Tanta
1071 785 1188 871 qnippe
1211 784 1302 851 hodie
1325 783 1410 868 apud
1427 802 1483 848 nos

314 902 493 988 frequentia
514 902 623 988 populi
645 903 717 986 fuit,
739 908 806 969 tam
828 901 943 967 festiva
964 900 1116 967 dedomo
1140 898 1312 967 cathedrali
1336 898 1485 965 aliorum·

316 1038 376 1103 qne
404 1017 589 1085 clericorum
617 1017 776 1098 collectio,
806 1016 954 1083 abbatum
985 1035 1108 1101 quoque
1137 1021 1169 1081 et
1197 1014 1331 1081 aliorum
1359 1012 1484 1095 religio-

316 1152 422 1199 sorum
451 1132 610 1219 hospitum
640 1139 673 1199 et
700 1132 888 1199 secularium
924 1150 1128 1216 personarum
1160 1129 1370 1197 venerabilem
1403 1129 1485 1195 beati

206 527 255 574 lun.
266 528 297 572 30

316 1249 376 1315 viri
398 1246 541 1314 tumbam
568 1249 622 1334 pie
646 1248 841 1314 visitantium
866 1248 1046 1329 conventio,
1076 1252 1111 1311 nt
1132 1246 1212 1311 festo
1235 1246 1362 1331 patroni
1386 1244 1486 1310 nostri

316 1364 418 1429 sancti
431 1362 616 1429 Michahelis
631 1369 690 1434 aut
699 1363 889 1429 dedicationi
906 1362 1035 1429 ecclesie
1050 1361 1142 1427 huius
1157 1360 1219 1427 diei
1243 1362 1383 1443 greciam
1408 1380 1486 1445 pena

315 1478 448 1545 audeam
471 1477 637 1562 adequare.
728 1478 793 1545 Nec
809 1498 886 1543 sane
909 1478 1040 1543 minima
1054 1476 1160 1559 gaudii
1185 1477 1286 1561 portio
1310 1494 1487 1561 pauperum

315 1594 377 1660 fuit
398 1592 584 1676 multitudo;
608 1593 662 1678 qni
677 1593 717 1659 de
738 1593 898 1679 perceptis
913 1591 1182 1659 consolationibus
1203 1611 1260 1677 per
1275 1597 1400 1657 turmas
1415 1610 1488 1657 snas

315 1709 349 1775 in
371 1715 541 1794 conspectu
569 1708 699 1775 ecclesie
727 1709 817 1775 ibant
844 1713 877 1773 et
903 1706 1120 1792 tripudiabant
1143 1706 1321 1773 exultantes
1351 1712 1385 1773 et
1408 1706 1489 1772 bona

315 1823 363 1889 illi
385 1823 584 1891 sanctissime
605 1824 711 1890 anime
734 1824 944 1910 imprecantes
968 1828 999 1889 et
1020 1800 1111 1889 nobis
1134 1842 1275 1907 quoqne,
1306 1842 1326 1887 a
1354 1842 1488 1905 quorum

315 1939 462 2007 manibus
484 1959 537 2005 eas
561 1939 724 2024 percipere
746 1938 944 2005 meruissent
979 1938 1123 2004 Huinsne
1144 1938 1285 2005 oblivisci
1300 1937 1487 2023 poterimus,

317 2055 371 2139 qui
393 2074 467 2120 snas
489 2054 677 2122 elemosinas
700 2059 825 2119 nostras
848 2054 932 2137 fecit,
956 2054 1030 2119 dnm
1047 2074 1100 2121 eas
1116 2052 1262 2119 manibus
1277 2053 1398 2119 nostris
1422 2072 1487 2119 ero·

316 2169 436 2253 gandae
458 2169 617 2235 institnit?
708 2169 791 2235 Num
819 2170 885 2235 eius
916 2169 1058 2235 oblivisci
1086 2168 1276 2255 poterimus,
1306 2168 1361 2253 qui
1391 2166 1488 2234 oculis
1549 2158 1561 2191 ⁸

317 2283 434 2350 nostris
456 2288 505 2351 tot
526 2286 653 2368 egregia
674 2290 708 2350 et
728 2285 873 2370 preclara
894 2286 942 2349 sui
959 2285 1162 2366 monimento,
1186 2283 1289 2369 quoad
1305 2284 1486 2363 vixerimus,

317 2399 495 2468 contuenda
517 2400 668 2483 ingessit?
698 2400 816 2468 Omnes
840 2401 924 2468 enim
948 2400 1004 2466 has
1027 2418 1158 2482 magnas
1181 2398 1401 2466 edificaciones
1424 2404 1484 2466 tam

318 2516 502 2582 monasterii
526 2536 618 2599 qnam
649 2517 790 2582 omnium
820 2516 1016 2582 officinarum
1044 2515 1128 2597 eius,
1162 2515 1248 2580 intus
1276 2517 1485 2600 summusque,

318 2651 339 2696 a
359 2630 573 2698 fundamentis
596 2650 695 2714 usque
717 2631 757 2696 ad
780 2651 869 2696 orces
893 2635 1045 2696 tectorum
1070 2649 1168 2716 opera
1190 2631 1257 2696 eius
1280 2649 1352 2697 esse
1375 2631 1484 2698 dicitis

317 2746 366 2811 Ac
389 2766 474 2831 sepe,
500 2746 575 2811 dum
597 2745 716 2812 mentio
739 2743 776 2810 fit
798 2744 920 2828 horum,
949 2752 1060 2830 stupor
1083 2751 1116 2812 et
1138 2747 1316 2814 ammiratio
1340 2747 1425 2814 inter
1444 2745 1485 2812 lo·

319 2867 451 2944 quantes
472 2862 589 2942 oritur;
617 2861 766 2945 quoniam
790 2861 936 2928 videlieet
958 2861 1135 2948 episcopus,
1158 2868 1224 2928 tam
1251 2862 1360 2928 multis
1383 2868 1415 2928 et
1436 2882 1485 2928 vv·

318 2976 376 3042 riis
398 2976 537 3058 negociis
560 2982 741 3062 occupatus,
765 2983 887 3044 tantam
903 2978 988 3044 cirea
1010 2981 1152 3043 nostrum
1177 2976 1278 3043 locum
1303 2997 1484 3063 promoven·

319 3091 395 3158 dum
418 3091 661 3158 sollicitudinem
683 3099 845 3158 tantamve
868 3092 1024 3177 potuisset
1046 3091 1163 3159 habere
1185 3092 1395 3175 diligenciam.
1431 3091 1485 3158 lli-

318 3206 435 3272 ramini
457 3207 556 3273 eciam
580 3226 735 3292 expensas
759 3212 791 3272 et
806 3207 966 3293 impensas
982 3227 1063 3293 pene
1078 3225 1176 3293 supra
1193 3207 1321 3274 modum
1344 3207 1485 3276 liberales

320 3326 352 3386 et
374 3320 496 3403 largas3
519 3341 590 3387 cnm
612 3323 671 3388 snb
692 3323 872 3388 centenario
895 3343 971 3408 sepe
993 3342 1030 3388 ac
1053 3321 1229 3388 millenario
1252 3343 1385 3390 numero
1408 3343 1485 3389 mar·

319 3454 427 3502 carum
451 3455 489 3501 ac
509 3436 699 3503 talentorum
723 3437 888 3524 pecuniam
913 3438 1116 3522 profunderet
1131 3437 1266 3503 Domino
1291 3439 1486 3524 insumptus

320 3548 513 3616 edificiorum
537 3571 574 3618 ac
601 3553 782 3638 prediorum
807 3554 1046 3638 coemptionem.
1104 3551 1235 3635 ‘Nam,
1264 3552 1354 3619 vobis
1380 3554 1427 3620 ita
1445 3554 1486 3619 fc·

320 3665 473 3748 rentibus,
496 3666 619 3732 andivi:
646 3668 729 3752 qnod
753 3666 835 3734 hanc
856 3688 925 3734 rem
947 3673 1088 3733 nostram
1113 3703 1153 3713 —
1172 3689 1265 3753 quam
1289 3669 1358 3734 eins
1380 3670 1487 3736 educa

321 3780 410 3846 cione
425 3780 625 3847 vehementer
648 3783 681 3847 in
704 3783 791 3848 brevi
816 3782 955 3848 adultam
971 3783 1114 3849 videmus
1137 3789 1262 3850 etcum
1283 3785 1406 3868 magnis
1429 3785 1487 3850 iam

321 3900 417 3980 caput
445 3895 629 3979 sonantem*
658 3898 858 3963 monasteriis
883 3934 922 3943 —
949 3898 1064 3965 endem
1093 3898 1270 3984 quondam⁶
1299 3919 1356 3964 vos
1383 3899 1488 3965 memi-

321 4008 414 4074 nistis
438 4014 470 4075 et
492 4011 724 4095 paupertinam.
758 4011 802 4078 Et
825 4034 885 4097 que
908 4013 1000 4080 modo
1024 4018 1151 4080 centnm
1175 4013 1353 4099 monachis,
1377 4015 1404 4080 si
1426 4031 1488 4080 rec·

321 4127 407 4190 tores
430 4123 545 4190 habeat
565 4126 738 4192 industrios
747 4123 765 4210 ¹,
790 4127 948 4195 sufficiens
965 4135 1015 4196 est
1036 4134 1069 4195 et
1091 4129 1198 4215 ampla
1220 4129 1310 4212 satis,
1333 4130 1408 4197 olim
1428 4129 1488 4194 ira·

395 4278 416 4311 a
439 4266 591 4313 miversarlm
602 4267 632 4313 N.
710 4266 733 4312 b.
754 4270 851 4327 equanto
863 4269 892 4315 N.
975 4283 995 4315 c.
1017 4270 1131 4329 quondam
1147 4269 1235 4331 scripsi
1245 4285 1294 4331 pro
1310 4269 1450 4331 quodimcdo
1460 4269 1487 4316 Ν.

396 4370 421 4422 1.
439 4369 490 4423 liis
507 4368 600 4424 verbis
612 4369 772 4426 Harbordus
788 4371 964 4440 reprehendit
982 4373 1148 4428 Helmricum
1167 4371 1297 4430 abbatem
1317 4373 1345 4430 S.
1357 4371 1489 4430 nieman
