3142 4850
328 315 394 382 346
712 331 881 381 unsnurcr
901 331 1028 380 ooonx.
1065 329 1114 381 191

332 489 417 561 191.
438 491 483 558 D.
505 495 636 579 quidum
658 494 785 558 mom
807 491 851 558 H.
875 494 1044 578 respondet
1064 493 1104 558 de
1125 493 1270 559 ecclesiae
1291 494 1483 558 scdiamoteet

438 611 476 675 de
499 611 816 675 excommunicatione
837 607 984 674 Heiuoioi
1003 607 1035 674 V
1051 611 1282 695 mperatum
1362 605 1484 688 (1321)

240 755 309 810 1118
417 739 456 807 H.
476 743 510 807 in
526 740 644 808 Christi
667 741 807 808 menbris
831 760 905 807 vero
921 759 1014 808 verae
1035 741 1199 824 religionis
1222 740 1349 828 speculo
1364 739 1413 824 D.,
1432 737 1486 804 Dei

327 858 430 941 gratia
454 855 580 942 siquid
604 859 668 942 est,
691 858 774 922 inter
798 876 967 942 erumpnas
995 855 1180 923 inminentis
1208 855 1365 943 procellae
1387 855 1426 921 ad
1445 873 1485 937 oe7

328 993 408 1058 quae
431 991 554 1039 sursum
579 977 661 1055 snut,
686 971 901 1039 indesinenter
923 971 1092 1058 suspirare.

416 1087 479 1154 lsto
495 1092 599 1154 vester
621 1087 754 1171 legatus,
777 1089 991 1173 praesentium
1015 1086 1194 1154 litterarum
1210 1085 1342 1170 baiulus,
1366 1104 1488 1168 magnac

328 1203 407 1268 mihi
432 1203 601 1269 hilaritatis
630 1203 825 1269 occasionem
856 1201 1016 1288 praebuit;
1046 1201 1120 1286 quia
1147 1207 1179 1268 ct
1206 1201 1366 1268 fraternae
1395 1201 1489 1266 dulce·

329 1319 411 1384 dinis
441 1317 662 1386 salutationem
686 1323 718 1384 et
748 1315 921 1414 spiritualis
949 1317 1124 1384 devotionis
1152 1317 1237 1384 eirca
1263 1317 1489 1402 inquisitionem

329 1433 454 1501 divinae
476 1435 618 1500 veritatis
640 1453 713 1500 vere
736 1433 889 1500 catholico
906 1433 973 1498 viro
996 1433 1123 1516 dignam
1147 1435 1363 1517 quaestionem
1387 1433 1427 1498 ad
1446 1450 1490 1497 me

328 1569 429 1636 nuper
452 1571 490 1615 en
514 1554 604 1644 parte
620 1554 742 1614 restrae
766 1547 898 1635 pertulit
918 1548 1107 1615 serenitatis.
1141 1531 1241 1633 Unde
1265 1553 1419 1633 quantum
1440 1565 1490 1630 ego

328 1671 474 1752 peccator
497 1663 596 1732 audeo
620 1663 767 1748 studeo,
792 1661 926 1750 Spiritui
947 1670 1054 1730 saneto
1077 1663 1196 1747 gratias
1213 1683 1305 1747 agere
1320 1683 1385 1729 non
1401 1681 1489 1745 cesso,

328 1781 383 1866 qui
405 1801 460 1847 vos
483 1781 517 1846 in
539 1778 828 1848 benedictionibus*
851 1779 1022 1847 catholicae
1044 1779 1188 1846 veritatis
1210 1779 1379 1866 praevenit
1400 1785 1431 1846 et
1450 1778 1492 1844 ln·

327 1915 401 1962 men
416 1895 520 1962 vultus
544 1897 593 1962 sui
617 1915 713 1982 super
730 1905 804 1960 vos⁶
827 1895 974 1978 signavit,
997 1900 1033 1960 ut
1054 1896 1124 1980 ipso
1148 1894 1226 1961 duce
1247 1896 1331 1962 inter
1353 1894 1491 1962 tenebras

327 2013 503 2098 praesentis
526 2011 642 2078 erroris
665 2015 698 2078 et
720 2005 896 2076 scismatis¹
917 2031 937 2076 a
958 2010 1011 2075 ria
1032 2010 1254 2076 mandatorum
1275 2009 1336 2076 Dei
1360 2030 1425 2076 non
1444 2009 1492 2075 de·

329 2125 451 2193 clinetis
476 2131 516 2210 et,
540 2122 623 2212 quod
645 2127 754 2210 utique
768 2131 857 2193 tanto
874 2131 923 2192 est
939 2124 1130 2211 preclariusd
1147 2132 1264 2210 quanto
1280 2127 1396 2210 rarius,
1419 2126 1494 2192 circa

329 2262 436 2310 curam
460 2241 694 2325 cognoscendae
716 2241 842 2308 divinae
865 2241 1026 2324 religionis
1049 2245 1114 2306 tam
1138 2240 1262 2308 ardenti
1281 2241 1389 2308 studio
1406 2240 1493 2324 evigi-

328 2357 409 2426 letis.
501 2357 581 2437 Quid
604 2357 688 2424 enim
710 2357 876 2424 iocundius
900 2359 1064 2443 quisquam
1089 2357 1189 2443 possit
1205 2361 1325 2443 optare,
1350 2359 1407 2443 qui
1420 2355 1494 2424 neri·

328 2476 425 2541 tatem
450 2475 585 2558 aliegat
607 2473 657 2541 vel
679 2474 766 2541 tenni
790 2471 923 2539 rationis
945 2473 1098 2557 imagine,
1130 2494 1225 2558 quam
1252 2472 1395 2539 eiusdem
1419 2472 1493 2540 reri-

329 2590 403 2657 tatis
426 2589 477 2657 vel
499 2610 596 2656 unum
621 2610 730 2656 verum
760 2594 933 2656 amatorem
957 2607 994 2655 ac
1017 2588 1153 2655 liberum
1182 2588 1383 2655 defensorem
1410 2607 1494 2676 posse

328 2705 490 2792 repperire
513 2708 596 2771 inter
618 2710 666 2772 tot
687 2704 793 2771 milia·
816 2704 1031 2772 deviantium?
1066 2702 1230 2788 Siquidem
1251 2724 1336 2771 nuno
1362 2708 1494 2792 potestas

328 2816 548 2888 tenebrarum'
571 2840 605 2887 se
629 2824 739 2905 exerit,
762 2838 847 2886 nunc
868 2819 933 2886 iam
955 2819 1022 2886 iere
1043 2824 1128 2886 totus
1152 2820 1289 2885 mundus
1312 2821 1347 2885 in
1363 2821 1494 2904 maligno

328 2930 467 3025 positus⁸
491 2942 621 3024 propter
648 2934 898 3002 habundantiam
927 2934 1103 3019 iniquitatis
1126 2935 1301 3002 ecaritate
1323 2933 1444 3002 Christi
1467 2939 1495 3001 ct

329 3053 478 3121 ecclesiae
494 3051 617 3136 deiecit,
640 3070 724 3118 nunc
739 3052 802 3116 iam
820 3050 913 3138 plane
928 3050 1070 3117 ridemus
1084 3052 1205 3118 instare
1227 3050 1409 3137 periculosa
1422 3060 1494 3118 tem·

328 3190 407 3257 pora
428 3166 494 3253 illa,
519 3187 579 3252 que
602 3165 763 3253 apostolus
786 3166 902 3252 spiritu
924 3166 1110 3253 prophetiae
1125 3166 1311 3253 deplorans:
1335 3169 1496 3236 instabunt

328 3285 479 3369 inquitis
494 3286 671 3350 ooomeimio
687 3282 796 3349 diebus
812 3283 992 3369 periculosa
1006 3295 1158 3370 tempora,
1182 3286 1217 3349 io
1232 3285 1347 3370 quidue
1362 3284 1495 3350 homiues

329 3412 420 3467 mant
433 3422 466 3465 ee
481 3403 566 3486 ipsos
582 3412 721 3465 omootee
737 3398 813 3463 eluti
827 3400 938 3483 cupidi
953 3399 1136 3485 blasphemi,
1158 3420 1289 3464 suorum
1304 3400 1496 3487 voluptuoso

328 3520 430 3602 osopio
457 3538 553 3601 quom
575 3516 642 3581 Dei
668 3526 838 3594 amotores,
860 3514 1007 3598 formum
1035 3516 1161 3600 quidem
1187 3518 1314 3601 pietatm
1342 3516 1495 3594 leudastes,

319 3632 422 3716 factis
446 3644 549 3698 autem
570 3634 714 3697 virtatem
737 3633 803 3695 eius
826 3626 1040 3715 oooeqooas‘.

418 3744 480 3813 Sed
504 3745 587 3812 inter
609 3744 687 3811 haec
712 3744 890 3831 perniciosa
912 3744 1018 3810 studia
1040 3744 1196 3830 partium,
1223 3745 1308 3811 inter
1329 3742 1390 3811 heo
1411 3748 1497 3811 tauta

329 3861 478 3930 seandala
501 3862 684 3927 scismatum
708 3858 934 3943 etheredum,
963 3860 1047 3926 inter
1069 3859 1146 3927 haec
1170 3860 1324 3945 sacrilega
1351 3860 1497 3945 dogmata

327 3999 392 4045 non
406 3978 468 4045 Dei
490 3978 547 4044 sed
569 3976 740 4060 hominum,
765 3996 846 4062 quae
869 3996 927 4042 sua
948 3980 1023 4041 sunt
1043 3995 1108 4042 non
1124 3996 1184 4060 que
1199 3975 1270 4043 lesu
1285 3975 1405 4043 Christi
1425 3995 1496 4061 que

398 4168 419 4203 a.
442 4171 471 4202 ea
488 4156 687 4210 Vrec—1350,
709 4153 770 4215 Zp.
782 4154 933 4199 298-299,
1030 4153 1052 4199 b.
1075 4152 1242 4200 benedictionis
1255 4152 1280 4199 V.
1373 4168 1394 4199 c.
1417 4150 1495 4199 nosl'.

329 4236 351 4281 d
375 4235 535 4295 ploclariusV.
630 4250 650 4281 a.
674 4234 745 4281 multa
761 4234 784 4280 V.

400 4348 426 4401 1.
445 4347 509 4401 anni
527 4346 605 4401 1118.
713 4348 738 4401 2.
761 4346 885 4415 Lucii,
903 4344 948 4399 53.
1055 4344 1081 4399 3.
1102 4342 1311 4415 11011.1a,19.
1418 4343 1445 4398 4,
1460 4340 1493 4397 V.

331 4434 477 4490 2Timoth.
490 4435 516 4504 3,
535 4434 619 4489 1-5.
