3142 4850
483 316 648 365 uniames
670 317 798 366 conon.
837 315 886 370 109
1210 308 1272 374 197

105 470 189 539 109.
210 471 365 538 Caesonini
385 475 632 562 Bombmpeaaes
653 479 835 546 Eraebnrdo
859 485 1005 568 episcopo
1026 482 1277 569 Wirzadwpensi

210 603 380 675 amoenat,
405 594 561 676 quomodo
585 594 701 659 Petrus
723 600 874 680 mopister
897 621 917 662 a
938 598 1145 682 postmodo
1167 600 1274 666 aetolo

210 705 439 791 Bumberpeasi
460 709 663 775 decesserat&
1138 711 1177 792 (E
1195 714 1273 796 220)

186 835 323 905 Sanctae
339 837 611 922 wirzeburgensis
633 842 783 910 ecclesiae
807 842 943 928 praesuli
959 843 1175 928 E(mebardo),
1199 845 1273 911 soli·
1291 857 1432 911 o.1101-

97 951 249 1019 dissimae
280 954 313 1020 in
342 953 434 1020 domo
464 953 593 1022 Domini
626 957 804 1042 columnae,
839 957 1046 1041 Elgilbertusl
1074 961 1273 1047 praepositus
1329 928 1398 981 ¹¹⁰⁹

96 1067 316 1151 Atdalbertus)
344 1070 481 1136 decanus
510 1091 581 1137 cnm
609 1073 757 1139 universo
783 1073 919 1140 fratrum
942 1073 1089 1158 collegio,
1118 1095 1181 1141 non
1205 1076 1272 1144 sine

95 1182 277 1268 frequentia
299 1205 428 1270 precum
452 1207 528 1252 suae
550 1187 725 1254 devotionis
749 1189 943 1273 obsequium.

185 1299 374 1366 Sanctitatis
403 1307 526 1368 vestrae
560 1305 681 1369 monita
708 1308 798 1370 tanto
832 1305 1008 1388 gratantius
1043 1305 1272 1391 amplexamur,

96 1421 214 1500 quanto
244 1415 364 1499 liquido
393 1418 485 1484 nobis
507 1425 648 1502 constat,
679 1419 718 1485 de
740 1421 863 1485 sincero
887 1420 1111 1487 cordisvestri
1135 1421 1271 1488 armario

95 1531 207 1598 cadem
237 1533 413 1618 propinari.
453 1533 620 1618 Quocirca,
648 1539 685 1600 ut
712 1540 872 1601 taceamus
903 1536 941 1602 de
964 1535 1024 1601 loci
1052 1537 1153 1602 nostri
1179 1557 1272 1621 quem

94 1667 299 1734 summopere
314 1647 474 1731 diligimus
497 1649 625 1732 bonore,
649 1651 849 1736 paternitatis
866 1655 989 1717 vestrae
1010 1651 1187 1718 reverentia
1210 1671 1272 1719 non

94 1763 215 1848 pigros,
240 1763 274 1828 in
298 1764 490 1849 quibuslibet
513 1765 687 1850 imperatis,
710 1787 768 1832 nos
793 1767 920 1833 habebit
942 1765 1088 1832 asseclas.

183 1879 306 1944 Verum
329 1883 404 1964 quia
425 1887 532 1946 vestra
554 1880 694 1964 dignatio
718 1883 861 1968 scripsit,
884 1881 992 1948 multis
1018 1881 1131 1964 videri,
1155 1881 1273 1948 iniusta

94 1996 262 2062 occasione
293 1993 408 2061 domno
439 1995 558 2073 Pietro)
593 1995 787 2081 praebendas
825 2018 844 2063 a
872 1996 962 2063 nobis
995 1997 1092 2062 luisse
1120 1996 1271 2082 sublatas,

93 2109 171 2176 tides
202 2117 237 2175 et
263 2111 422 2177 estimatio
452 2111 543 2176 huius
572 2112 619 2177 rei
648 2113 817 2198 praecipue
845 2113 887 2178 sit
916 2111 999 2198 apud
1023 2132 1092 2197 eos,
1121 2112 1175 2197 qui
1204 2132 1270 2179 reru

94 2225 285 2312 simpliciter
308 2226 427 2312 absque
449 2245 613 2292 causarum
637 2229 809 2294 conexione
838 2227 1037 2293 considerare
1061 2227 1172 2294 solent
1208 2225 1271 2293 Vos

94 2348 218 2425 autem,
249 2362 343 2427 quern
371 2342 506 2408 divinior
536 2341 660 2409 animus
689 2343 773 2409 ultra
801 2363 997 2409 communem
1027 2343 1189 2409 hominum
1216 2361 1271 2410 ex·

93 2458 165 2523 tulit
188 2458 450 2542 intelligentiam,
481 2460 655 2557 accuratius
678 2460 877 2545 perpendite,
909 2458 1020 2544 quibus
1044 2460 1147 2526 causis
1170 2458 1271 2547 inpel-

93 2570 234 2639 lentibus
263 2574 327 2639 tale
354 2571 445 2639 nobis
473 2574 597 2639 sederet
623 2574 798 2640 consilium.
838 2574 906 2640 Non
936 2576 1019 2641 enim
1044 2579 1145 2640 —nt
1174 2574 1271 2659 aliqui

93 2686 242 2772 fmtasse,
265 2690 373 2755 fratris
395 2689 534 2755 eiusdem
551 2689 748 2756 sermonibus
765 2688 873 2773 illecti,
898 2689 1146 2757 arbitrantur-
1167 2676 1271 2775 pueri·
1345 2710 1353 2729 ·

92 2801 165 2870 liter
189 2810 225 2869 et
247 2804 383 2889 quodam
405 2805 571 2889 repentino
594 2804 692 2870 animi
714 2804 853 2891 impulsu
876 2803 1063 2890 praebendis
1078 2805 1182 2891 ipsum
1205 2804 1271 2892 pri·

93 2920 242 2984 ravimus
270 2919 327 2984 sed
361 2920 592 3005 suspendimus.
632 2918 728 2985 Cuius
763 2920 917 2985 rationem
954 2919 1115 3007 suspendii
1148 2924 1272 2985 vestrae

94 3035 288 3117 audientiae,
312 3036 340 3100 si
363 3039 463 3118 vacat,
487 3035 625 3101 breviter
648 3054 851 3120 exponemus.

184 3149 268 3216 Cum
292 3149 426 3215 eundem
447 3150 589 3233 fratrem,
612 3150 699 3215 lama
721 3150 871 3216 scientiae
894 3150 992 3236 ipsius
1015 3148 1151 3233 adducti,
1173 3168 1272 3215 unum

93 3284 132 3330 cx
162 3266 259 3331 nobis
286 3266 471 3331 fecissemus
502 3269 533 3330 ct
562 3264 718 3330 scolamm
749 3264 850 3330 officio
879 3264 1151 3347 subrogassemus,
1188 3264 1272 3349 cepit

93 3379 126 3446 in
155 3382 231 3467 ipso
262 3378 559 3445 amministracionis
589 3400 665 3445 suae
697 3379 828 3445 exordio
863 3378 1050 3462 quibasdam
1079 3378 1271 3444 novitatibus

93 3495 313 3561 indesinenter
336 3493 432 3561 abuti.
467 3492 554 3572 Quae
575 3494 650 3560 licet
670 3494 861 3560 alienissime
876 3499 1003 3559 nostrae
1019 3492 1201 3559 viderentur
1221 3493 1271 3560 in-

94 3610 266 3691 stitutioni,
289 3616 396 3675 nmen
413 3644 455 3655 -
472 3608 555 3693 quod
577 3608 705 3674 tandem
729 3608 844 3690 evenit,
868 3628 908 3674 ne
924 3608 1089 3692 accideret,
1112 3608 1204 3675 veriti
1227 3644 1268 3655 -

95 3744 170 3809 sepe
187 3725 227 3791 de
243 3723 436 3809 quibuslibet
457 3723 596 3789 fraterne
610 3724 777 3806 monitum,
802 3723 936 3789 sednon
954 3723 1164 3807 emendatum,
1188 3720 1270 3789 ultro

94 3838 240 3923 citroque
263 3839 527 3925 subportavimus.
567 3838 708 3905 Tandem
738 3839 894 3904 nescimus
925 3858 987 3923 qua
1014 3838 1272 3925 praesumptione

96 3954 232 4038 spiritus
259 3974 296 4020 eo
325 3954 492 4039 processit,
521 3958 558 4020 ut
585 3929 736 4039 praelatis
764 3954 830 4019 suis
858 3951 977 4019 nullam
1007 3952 1155 4019 exhibere
1178 3950 1272 4019 vellet

97 4068 327 4147 obedientiam
351 4069 407 4135 sed
428 4088 485 4134 suo
510 4068 676 4151 arbitratu,
700 4067 848 4152 quicquid
872 4074 940 4134 erat
962 4067 1097 4152 libitum,
1122 4065 1182 4133 sibi
1196 4067 1271 4133 lecit

97 4180 233 4249 licitum.
272 4182 363 4261 Quod
388 4182 565 4249 inauditum
594 4182 781 4250 insolentiae
808 4202 907 4265 genus
925 4218 965 4228 —
988 4183 1090 4267 quod*
1113 4202 1176 4248 non
1204 4186 1270 4249 tum

98 4296 159 4363 sibi
183 4318 281 4382 quam
303 4299 415 4363 ceteris
436 4296 647 4364 confratribus
670 4297 787 4363 nostris
809 4298 1020 4384 perniciosum
1044 4304 1122 4383 erat,
1148 4298 1201 4383 qui
1223 4298 1271 4365 la·

169 4433 192 4466 ι
216 4419 423 4476 crsle-dlo,
440 4418 659 4481 liuddo-201.
768 4419 791 4466 b.
815 4421 877 4482 quod
893 4418 980 4471 addidi.
