3142 4850
313 310 378 375 828
576 326 756 375 ιιιιιιιιοιιιιι
779 326 961 375 ruinosus.
995 328 1061 375 un.
1078 328 1116 376 m
1138 320 1252 378 sess
1334 320 1344 332 ·

312 488 439 554 laceret
470 486 588 554 Videns
611 486 708 570 igitur
727 486 786 553 hou
800 486 927 573 plaeere
940 488 1138 573 imperatori,
1159 487 1300 575 psalmos
1315 491 1349 553 et
1361 506 1488 573 ymnos,

312 604 452 690 capitula
482 610 514 669 et
542 604 700 670 orationes
728 622 786 688 per
808 608 911 669 totum
934 624 1068 687 annum,
1095 609 1132 670 ut
1152 605 1338 671 memoriter
1358 623 1486 670 eorsum

313 720 417 786 dioere
439 724 574 806 posset·‚
598 717 757 785 affirmare
779 718 912 785 olerious
927 718 1118 787 elaborabat
1153 719 1298 805 Aliisque
1313 718 1487 806 capellanis

313 834 391 901 alias
419 835 566 919 intentis,
597 834 647 900 bio
676 854 801 921 semper
824 841 931 920 presto
953 839 1038 917 erat3
1068 842 1100 902 et
1120 835 1325 921 psalterium,
1354 856 1418 919 quo
1440 836 1485 901 afi

312 950 433 1018 solebat
455 952 638 1037 imperator,
662 971 682 1017 a
703 950 781 1017 sella
804 949 993 1031 snaiogiter
1007 950 1217 1036 dependens',
1240 951 1393 1036 quociens
1407 971 1485 1036 opus

311 1072 389 1151 erat,
412 1067 584 1152 requirenti
609 1067 724 1133 obtulit
745 1066 942 1152 imperatori.
977 1065 1082 1131 Niobil
1102 1068 1186 1133 enim
1202 1066 1329 1133 Ottonis
1344 1060 1487 1133 sollertia

311 1182 533 1267 negligendum
557 1182 699 1269 putabat,
724 1203 785 1267 qno
801 1182 862 1248 sibi
877 1182 1013 1264 gratiam
1030 1182 1150 1249 domini
1165 1182 1334 1250 oonoiliare
1348 1183 1485 1264 valeret3

310 1299 393 1365 unde
415 1318 510 1365 mane
524 1318 655 1384 uespere
679 1302 711 1363 et
733 1299 820 1364 omni
843 1304 987 1385 tempore
1008 1316 1081 1363 oum
1103 1298 1253 1385 psalterio
1275 1320 1334 1366 suo
1353 1300 1396 1366 ad
1418 1320 1485 1366 ιιιι-

311 1435 385 1481 num
408 1414 610 1501 imperatoris
638 1420 744 1500 presto
772 1434 808 1481 se
835 1414 989 1481 exhibuit.
1029 1413 1137 1501 lpsurn
1160 1416 1257 1482 etiam
1285 1416 1485 1502 psalterium,

310 1550 369 1597 usu
393 1536 425 1598 et
441 1534 596 1597 vetustate
618 1530 652 1595 in
676 1530 862 1596 extrinsecis
882 1530 1032 1616 lacerum,
1055 1531 1223 1615 diligenter
1236 1531 1370 1615 ligatum
1394 1534 1486 1599 noris

310 1646 404 1713 rebus
428 1647 539 1713 induit
574 1646 620 1712 At
642 1647 789 1732 princeps
812 1666 884 1712 oum
908 1668 948 1713 ex
970 1666 1059 1714 more
1079 1646 1196 1714 librum
1218 1654 1380 1734 posceret,
1412 1648 1486 1715 Otto

310 1770 416 1851 presto
440 1769 523 1848 eret,
552 1761 685 1829 offerens
708 1762 737 1828 ei
760 1767 957 1829 renovatum.
993 1764 1038 1829 At
1059 1762 1127 1829 ille:
1158 1764 1235 1829 Noa
1257 1766 1341 1829 lone
1363 1765 1412 1830 ait
1432 1768 1487 1831 aed

308 1882 493 1968 psalterium
522 1902 624 1944 mecm
651 1882 789 1965 requiro.
833 1878 861 1944 E
890 1885 1000 1946 eontra
1026 1878 1175 1945 clericus:
1210 1880 1281 1945 Hoc
1309 1894 1355 1946 est
1381 1881 1486 1965 inquit

310 1999 436 2063 domine
453 1998 642 2084 psalterium
662 2009 807 2061 uestrum.
840 1994 931 2073 Quod
953 1994 1068 2061 tollens
1089 1994 1144 2061 ille
1159 1996 1254 2062 uerfit
1275 2015 1313 2062 ao
1334 1998 1484 2078 revertit3

310 2114 450 2196 visoque,
473 2112 553 2179 bene
574 2111 691 2177 fastum
716 2130 785 2177 esse
808 2111 929 2192 aiebat3
952 2110 1047 2177 eorde
1068 2112 1171 2195 magis
1188 2132 1284 2196 qnam
1301 2112 1399 2179 verbo
1415 2113 1486 2179 duli-

310 2228 448 2313 gentiam
471 2228 619 2314 probans.
710 2227 768 2292 His
792 2247 867 2311 ergo
890 2232 985 2310 atque
1007 2226 1123 2293 talibus
1140 2227 1251 2312 modis,
1275 2248 1356 2312 quos
1375 2230 1485 2313 singil-

309 2344 400 2410 latim
422 2343 636 2431 perstringere
658 2342 788 2428 longum
811 2348 870 2428 est,
893 2364 967 2409 suos
990 2343 1244 2430 concapellanos⁸
1259 2344 1367 2427 gratia
1387 2350 1423 2411 et
1436 2365 1485 2411 ea·

309 2461 405 2528 ritate
434 2461 526 2544 longe
556 2461 771 2546 anteradeos,
794 2461 940 2528 omnibus
968 2459 1117 2526 humilior
1145 2460 1222 2541 iuit3
1254 2459 1355 2526 niohil
1384 2461 1427 2528 de
1452 2481 1486 2528 se

310 2597 470 2662 magnum,
492 2577 589 2643 niobil
611 2578 854 2644 immoderatum
878 2578 1026 2644 sentiens.

401 2693 453 2758 35.
489 2690 586 2759 Porro
609 2693 673 2760 illis
697 2693 807 2760 diebus
828 2693 1032 2760 investituras
1055 2691 1255 2760 eeclesiarum
1272 2692 1484 2778 imperatore

310 2809 386 2876 dare
409 2806 583 2890 solebant¹3
612 2814 644 2875 et
667 2809 811 2894 quotiens
834 2810 999 2895 episeopus
1022 2807 1202 2893 decedebat,
1223 2807 1258 2873 id
1279 2810 1381 2874 moris
1405 2815 1484 2892 erat,

310 2930 346 2990 ut
368 2923 501 2990 ecelesia
522 2924 586 3009 ille,
609 2924 754 2991 baculum
779 2930 812 2990 et
832 2924 959 2990 anolom
982 2924 1166 3012 imperatori
1188 2925 1424 3009 transmittens,
1445 2926 1484 2992 (le

266 3113 267 3116 Ἴ
309 3041 397 3106 ourie
426 3040 487 3107 sibi
513 3041 687 3126 postularet
715 3041 906 3129 episcopum.
947 3040 1039 3106 llulti
1068 3059 1142 3124 ergo
1171 3039 1293 3106 nobiles
1318 3045 1352 3107 et
1373 3041 1483 3126 magni

309 3156 387 3239 viri,
417 3157 541 3239 cognati
569 3177 605 3223 ae
627 3155 683 3222 filii
706 3157 908 3243 prinoipem,
931 3157 965 3221 in
987 3156 1075 3222 ouria
1096 3155 1252 3239 degebant
1273 3175 1332 3242 spe
1354 3177 1483 3242 promo-

309 3273 414 3357 tionis,
438 3272 506 3338 riee
529 3271 761 3357 capellanorum
785 3273 970 3358 imperatori
990 3272 1206 3357 obsequentes.
1298 3271 1388 3339 luter
1403 3293 1482 3358 qnos

310 3407 418 3456 omnes
442 3394 507 3454 tam
530 3387 683 3474 equaliter
706 3395 737 3456 et
759 3389 933 3474 eomposite
949 3387 1024 3454 Otto
1046 3407 1080 3454 se
1102 3387 1239 3471 gerebat,
1262 3393 1298 3454 nt
1319 3407 1481 3473 nequeex

257 3593 260 3602 Α
309 3504 444 3571 elatione
466 3503 618 3570 inuidiam
641 3523 742 3589 neque
764 3523 804 3570 ex
820 3503 941 3570 vilitate
959 3504 1141 3590 despectum
1163 3503 1346 3571 incurreret.
1382 3503 1481 3571 Deni-

309 3641 370 3705 que
392 3619 528 3704 qoodem
552 3639 675 3703 eorum,
704 3619 758 3705 qui
781 3619 987 3686 oanoellarius
1009 3619 1084 3703 fnit,
1112 3619 1153 3685 ad
1174 3619 1358 3705 episeopom
1382 3619 1482 3687 subli-

309 3743 405 3818 mato,
430 3735 503 3800 Otto
526 3733 664 3818 sigillum
687 3734 888 3821 imperatoris
911 3739 943 3802 et
957 3733 1094 3801 offioinm
1109 3733 1293 3802 cancellarie
1308 3732 1479 3821 suseepit¹.

310 3851 473 3935 Tantaque
495 3849 652 3916 industria
674 3854 706 3916 et
727 3849 869 3916 bonitate
891 3869 925 3917 se
948 3850 980 3916 in
1003 3849 1060 3916 illa
1080 3851 1189 3934 gestit,
1211 3855 1247 3916 nt
1268 3849 1308 3916 ab
1329 3851 1481 3918 omnibus

310 3965 480 4034 ourialibus
503 3942 663 4031 annotetur
685 3969 718 4031 et
741 3985 759 4030 e
781 3967 902 4032 eunetis
925 3967 954 4032 ei
977 3965 1077 4032 honor
1098 3966 1281 4032 deferretur.

379 4121 400 4154 a.
423 4105 504 4167 possit
521 4105 551 4153 N.
644 4105 665 4152 b.
690 4105 718 4153 lo
734 4105 763 4154 Ν
774 4107 831 4154 bueo
847 4106 967 4168 &postam
988 4107 1030 4153 snb
1046 4105 1130 4154 neella
1145 4121 1186 4154 sua
1201 4108 1283 4165 iugiter
1298 4107 1336 4154 rel
1351 4107 1383 4155 nd
1398 4109 1480 4156 seth·

310 4201 373 4236 suam
390 4187 529 4247 dependens.
558 4186 608 4233 Neo
623 4184 719 4233 dubim
733 4194 779 4243 eet,
801 4187 858 4248 quis
876 4186 902 4234 ιἰι
917 4185 1036 4248 deperdito
1051 4186 1128 4234 ondins
1143 4187 1275 4249 mopsien
1292 4186 1387 4234 vitiosis
1400 4187 1480 4235 selis

309 4267 358 4315 loto:
375 4267 417 4314 sub
434 4265 518 4313 aseells
533 4279 574 4313 sna
589 4272 747 4314 aemectore
762 4265 923 4326 eopsmtpeo
938 4265 995 4314 boec
1010 4255 1084 4313 aiot}
1100 4266 1216 4326 (selega
1230 4266 1334 4323 εἰσινοὶ)
1350 4267 1383 4314 aul
1398 4268 1478 4314 ullu

310 4359 383 4402 snam,
400 4344 515 4393 sotadeo
532 4345 681 4392 asellasua.
774 4359 794 4392 e.
818 4345 991 4405 concapellsnos
1005 4345 1093 4407 scripsi
1110 4361 1157 4408 pru
1172 4345 1301 4407 apollonos
1317 4345 1348 4393 Ν.

381 4442 405 4494 1.
424 4437 466 4494 Gi.
481 4439 540 4494 libo
553 4439 566 4493 1
579 4441 604 4494 7.
817 4441 843 4495 t.
861 4438 903 4495 cf.
916 4438 976 4496 Ebo
987 4439 1001 4494 l
1014 4440 1041 4495 8.
