3142 4850
372 305 496 354 nsoms
518 306 599 352 yrun
620 305 779 353 ormnem.
814 305 881 352 arn
896 302 972 352 1111
1030 294 1034 300 '
1193 285 1257 351 oen

176 462 281 530 Stetin
295 484 381 547 uero,
404 464 602 551 amplissima
622 465 734 532 civitas
758 469 791 530 et
811 463 915 530 maior
932 461 1026 546 lulin,
1048 468 1113 529 tres
1135 467 1259 530 montes
1275 475 1429 532 litante

96 579 210 646 ambitu
238 599 296 646 suo
319 579 482 646 oonolusos
504 579 649 647 babebat
691 578 829 657 Quorum
857 577 981 644 medius
1010 577 1064 661 qui
1092 582 1126 642 et
1149 576 1259 660 aleier,

96 713 213 760 summo
239 713 434 779 paganorum
457 695 516 762 deo
539 694 714 778 Trigslnrro
743 693 883 775 notus,
911 692 1095 778 trioapitnm
1123 690 1261 758 babebat

95 807 302 892 simulaornm,
326 809 409 894 quod
433 829 530 876 aurea
543 809 643 876 oidari
665 807 773 876 oeulos
795 813 828 874 et
848 806 934 874 labio
949 806 1150 890 oonteqebat3
1174 825 1260 872 asse-

95 923 231 991 rentibus
253 923 419 1010 ydolorum
434 924 663 992 sacerdotibus:
686 923 758 990 ideo
773 941 931 989 summum
948 921 1042 988 deum
1063 922 1127 988 tria
1143 921 1260 988 babere

94 1039 210 1124 oapita,
239 1039 387 1123 quoniam
411 1038 474 1104 triu
495 1044 680 1124 procuraret
701 1057 815 1121 regna,
842 1036 876 1101 id
898 1039 948 1102 est
969 1033 1029 1102 reli
1050 1040 1135 1102 terre
1157 1043 1190 1104 et
1210 1037 1260 1102 in·

92 1151 186 1234 larni3
209 1159 242 1219 et
262 1153 375 1220 laniem
397 1154 498 1222 oidari
521 1153 646 1240 operire
668 1174 726 1240 pro
749 1173 804 1236 eo,
828 1150 913 1237 quod
934 1155 1066 1237 pomata
1085 1150 1260 1234 bominum,

93 1268 180 1352 quasi
203 1287 266 1334 non
287 1269 397 1335 videns
420 1273 453 1335 et
473 1273 594 1352 tuosne,
615 1268 840 1336 dissimularet
929 1265 999 1333 llao
1019 1265 1128 1350 itsqne
1148 1270 1261 1352 poten·

91 1382 214 1450 tudina
241 1383 369 1450 oiritate
397 1383 437 1460 sd
461 1385 526 1450 veri
550 1384 610 1450 Dei
639 1384 836 1467 agnioionem
862 1401 922 1468 per
946 1379 1074 1446 beatrrm
1100 1380 1260 1467 presulem

92 1496 235 1581 addnota,
258 1497 388 1565 delubra
402 1497 569 1583 ydolorum
591 1497 728 1565 dammis
750 1503 842 1565 mant
863 1496 1042 1582 absumpta,
1064 1495 1188 1580 duoque
1210 1515 1261 1562 eo·

91 1611 194 1696 elene,
216 1631 282 1678 unu
302 1613 336 1678 in
359 1617 465 1679 monte
481 1611 648 1697 Trigelswi
670 1613 730 1680 snb
751 1613 871 1679 bonore
884 1611 985 1678 saneti
1000 1609 1175 1695 Adelberti,
1196 1610 1262 1678 alia

90 1732 181 1794 extra
206 1727 346 1794 eivitatis
374 1727 481 1794 meniu
506 1727 540 1793 in
562 1729 764 1796 vernatione
792 1727 893 1794 saneti
915 1724 1001 1792 Patri
1029 1731 1122 1792 erant
1147 1725 1261 1794 locato.

90 1839 132 1907 Et
152 1861 193 1908 ex
216 1841 277 1908 hoo
299 1841 462 1928 saerilioiu,
486 1863 546 1928 que
562 1843 688 1929 eopioso
710 1847 867 1930 apparatu
889 1849 922 1908 et
942 1841 1066 1908 divioiis
1089 1841 1262 1909 saoerdoti·

89 1955 146 2024 bus
169 1957 318 2042 fanisque
339 1957 504 2043 ydolorum
528 1957 767 2040 exhibebantur,
789 1975 875 2024 nuno
896 1956 1028 2023 erolesie
1043 1955 1163 2024 Christi
1185 1976 1260 2024 ven-

89 2071 247 2140 dioabant
288 2071 379 2141 Unde
404 2074 554 2140 commoti
581 2073 759 2140 saoerdotes
790 2077 824 2139 et
849 2072 965 2159 prioris
992 2091 1110 2158 pompe
1131 2071 1262 2140 delitias

87 2187 219 2255 oottidie
248 2187 310 2255 sibi
333 2189 512 2256 deoresoere
536 2189 677 2256 ridentes
700 2189 897 2256 oooasionem
924 2187 1113 2273 querebant,
1139 2193 1177 2254 nt
1203 2207 1262 2274 po-

86 2301 198 2388 pnlnm
223 2303 265 2368 ad
287 2303 476 2389 ydolatriam
501 2309 629 2390 questus
655 2305 704 2372 sni
727 2307 831 2387 matio
852 2307 1047 2370 resonarent
1136 2302 1263 2370 Aouidit

86 2436 172 2503 ergo,
196 2417 424 2486 mortalitatem
447 2440 595 2504 maguam
619 2419 740 2487 diritati
763 2419 977 2507 supervenire
1010 2417 1056 2485 Et
1075 2418 1263 2504 requisitio

85 2532 189 2620 plebe,
214 2533 394 2601 saoerdotes
411 2533 573 2602 diosbant:
598 2535 806 2602 abiurationis
820 2535 986 2621 ydolorum
1008 2552 1105 2601 eausa
1124 2533 1186 2600 hoo
1207 2553 1261 2601 eos

83 2648 276 2731 nennium
300 2668 471 2734 omnesque
493 2650 598 2717 subito
620 2650 801 2733 morituros,
823 2650 887 2716 nisi
908 2651 1055 2733 antiquos
1070 2649 1147 2718 deos
1163 2651 1262 2717 sauri·

83 2763 164 2831 fiuiis
195 2772 230 2831 et
258 2764 441 2831 muneribus
469 2763 571 2831 solitis
599 2764 726 2852 plaeere
753 2765 926 2832 studerent
966 2764 1019 2832 Ad
1048 2764 1130 2831 hane
1150 2784 1262 2835 vonam

82 2880 196 2947 statim
212 2884 388 2947 conventus
410 2880 551 2947 ioreuses
571 2880 1148 2965 aguntur31imulaoraroqoiruntu13
1172 2886 1205 2948 et
1226 2882 1261 2949 in

82 3013 255 3061 eommune
278 2994 428 3081 profanus
444 2994 668 3063 saorilioiomrn
689 2997 769 3062 ritus
786 3015 824 3063 ao
837 2994 1005 3063 eelebritas
1017 2996 1186 3081 repetitum
1210 3016 1261 3064 eo·

80 3110 180 3177 olesie
195 3108 318 3177 Christi
342 3130 381 3177 ex
404 3110 510 3177 media
531 3114 623 3196 parte
638 3110 853 3177 destruuntur·
887 3110 1030 3195 cunque
1051 3112 1092 3177 ad
1115 3118 1261 3179 sanetus·

80 3225 165 3293 rium
190 3224 286 3313 plebs
307 3224 479 3295 furibunda
492 3225 640 3309 uenisset,
662 3244 726 3292 nou
741 3246 821 3293 ausa
839 3225 972 3292 ulterius
993 3228 1153 3312 progredi,
1175 3248 1261 3295 sum·

79 3361 169 3409 mum
200 3338 369 3427 ydolorum
402 3340 583 3427 pontilioern
611 3340 658 3407 sio
685 3340 880 3408 tumultuoso
907 3342 1043 3428 strepitu
1074 3342 1260 3429 alloquitur:

77 3458 174 3539 Eoos,
201 3458 293 3544 quod
313 3469 455 3523 nostrum
477 3470 554 3537 erat,
579 3461 714 3523 merare·
734 3478 859 3535 summ
881 3470 970 3523 maon
992 3471 1037 3526 est
1057 3462 1144 3525 bned
1166 3473 1262 3548 copta

79 3586 108 3640 st
135 3574 267 3639 culmen
293 3571 458 3637 Tmonicd
483 3574 535 3637 dei
560 3594 622 3659 pro
651 3572 754 3656 officio
783 3586 837 3638 rso
859 3575 994 3659 oppreda'
1020 3588 1050 3641 st
1073 3575 1259 3660 profanare.

77 3686 134 3755 llle
158 3692 284 3769 autem,
309 3692 437 3773 arrepta
459 3685 561 3753 seouri
585 3704 656 3751 oum
679 3686 778 3751 aleius
802 3686 947 3753 dextram
969 3687 1128 3772 librasset,
1155 3690 1260 3757 subito

76 3802 216 3888 diriguit
232 3805 278 3883 et,
293 3802 460 3889 resupinus
477 3820 637 3884 oonuens,
648 3800 785 3868 damone
800 3801 996 3869 lam0ntabili
1012 3804 1151 3871 dolorem
1166 3826 1260 3872 suum

75 3922 282 4004 protestatus
305 3920 363 3982 ost
402 3916 580 3983 Aoourreus
603 3916 715 4000 vulqus
738 3936 867 3983 oausam
889 3918 1007 3983 doloris
1031 3920 1175 4004 requirit
1215 3921 1260 3987 At

75 4034 130 4101 ille
154 4033 304 4118 graviter
327 4031 552 4115 ingeminatus:
575 4032 648 4097 Heu
666 4034 752 4119 prob
774 4034 867 4099 dolor
886 4032 992 4119 inquit
1013 4050 1129 4120 quante
1144 4050 1259 4123 poten·

38 4236 41 4241 Ι
76 4154 129 4233 ts'e,
155 4160 282 4238 quossis
299 4148 506 4232 fortitudine&
530 4161 574 4213 sot
592 4146 780 4217 Toueroniom
803 4150 897 4225 dem
925 4162 955 4215 st
976 4152 1047 4234 qussi
1069 4154 1190 4217 resistet
1210 4152 1260 4216 eil

73 4268 159 4333 ane
175 4287 250 4353 opo,
278 4265 356 4349 qaia
369 4285 495 4327 auorum
510 4266 576 4329 aiae
591 4264 678 4335 eden
692 4266 870 4351 matabapere
888 4268 1079 4351 presurapes',
1103 4268 1260 4351 quomodo

71 4402 252 4470 percussas
269 4380 359 4443 sam!
390 4376 456 4443 lllis
472 4396 546 4444 vero
562 4378 706 4445 attonitis
728 4384 760 4447 et
775 4378 851 4463 quid
866 4382 997 4463 agerent
1016 4378 1259 4465 inquirentibus,
