3142 4850
322 296 389 362 524
631 316 820 364 nrrsuousu
842 318 1122 367 armunensem.
1157 316 1193 368 sc

235 467 452 543 1135'eclesie¹
474 496 615 543 essemus
638 475 785 560 obligati,
814 478 842 542 si
865 477 1123 545 Halberstadensi
1146 476 1258 546 eclesie
1285 477 1392 546 melius
1410 498 1473 546 ocn-

243 561 293 609 ⁰*
322 590 440 657 cultum
463 596 556 657 esset

413 706 515 793 Super
543 708 633 774 cuius
660 708 790 792 negocio
818 709 925 795 sepius
952 709 1013 776 hoc
1040 729 1122 775 anno
1155 710 1283 777 nuutios
1310 716 1342 777 et
1366 710 1474 777 litteras

322 827 448 890 nostras
471 824 529 890 tibi
552 823 742 905 direximus3
764 825 800 889 iu
823 825 954 910 quibus,
978 830 1058 891 teste
1081 825 1165 910 Deo,
1188 825 1236 893 nil
1257 826 1319 892 nisi
1340 826 1385 892 roi
1407 826 1475 892 reri-

322 944 420 1005 tstem
444 944 476 1005 et
498 939 642 1005 ordinem
665 940 788 1006 executi
813 960 937 1025 sumus,
966 942 1094 1007 omnino
1117 942 1202 1008 circa
1223 941 1282 1007 hcc
1303 941 1428 1025 intenti,
1447 944 1477 1007 ut

322 1074 433 1140 pacem
449 1059 482 1121 et
495 1054 695 1121 concordiam
712 1055 815 1122 eidem
831 1056 1074 1124 reformaremus
1090 1056 1211 1125 eclesie.
1235 1055 1373 1135 Qualiter
1384 1062 1475 1122 autem

322 1170 355 1235 id
379 1170 507 1255 quidam
536 1170 705 1237 mendatiis
732 1172 799 1237 suis
828 1173 1039 1258 perverterint
1067 1178 1202 1258 tequea
1227 1172 1357 1239 consilio
1383 1181 1477 1239 nostm

323 1286 505 1369 saoconna,
527 1286 643 1352 iterato
665 1287 725 1354 tibi
747 1287 845 1355 scribi
867 1307 930 1355 non
954 1294 1087 1374 oportet
1125 1288 1194 1354 Hoc
1215 1293 1322 1354 tamen
1343 1308 1400 1375 pro
1415 1306 1477 1354 con·

322 1402 421 1468 stanti
448 1400 507 1467 tibi
534 1402 768 1488 promittimus,
803 1404 887 1489 quod
913 1423 1018 1471 coram
1048 1404 1163 1471 eclesia
1188 1402 1331 1470 Romana
1357 1403 1390 1470 in
1418 1422 1477 1489 pre·

322 1516 427 1584 saraba
440 1522 497 1583 tua
511 1517 577 1584 ritu
592 1518 707 1585 comite
721 1518 884 1586 evidenter
900 1518 1113 1606 probabimus,
1136 1520 1244 1585 omnia
1258 1539 1292 1585 se
1307 1520 1353 1587 ita
1367 1518 1476 1599 babere,

322 1634 405 1700 sicut
426 1634 541 1699 nuncio
563 1634 671 1700 nostm
687 1640 720 1701 ot
740 1636 856 1701 litteris
873 1635 933 1701 tibi
956 1633 1209 1718 significavimus.
1250 1634 1317 1702 Nec
1330 1622 1477 1701 tamenab

322 1754 538 1835 contemptum
562 1750 687 1816 consilii
707 1752 809 1817 nostri
833 1751 936 1816 minus
961 1750 1122 1835 vellemus,
1146 1752 1173 1817 si
1196 1771 1257 1835 quo
1273 1751 1367 1817 modo
1387 1750 1477 1816 unitas

323 1870 355 1931 et
377 1864 546 1931 concordia
569 1866 735 1932 reformari
763 1865 929 1951 potuisset.
969 1864 1116 1952 Satisque
1144 1867 1230 1953 passi
1252 1867 1432 1950 fuissemus,

322 1981 356 2047 in
378 1980 438 2046 hoc
461 1981 545 2046 malo
567 1980 682 2065 aliquis
705 2000 780 2047 usus
802 1981 923 2047 inisset
960 1980 1047 2059 Quod
1071 1982 1164 2065 longe
1187 1982 1280 2050 alitor
1303 1990 1360 2049 est

183 2117 237 2163 aa
253 2113 302 2163 oct.
411 2096 497 2163 Dum
513 2096 596 2163 enim
619 2096 792 2163 secundum
815 2098 1015 2184 paternitatis
1031 2102 1084 2164 tue
1106 2104 1289 2185 preceptum
1311 2094 1478 2166 ederatis

322 2214 356 2279 in
379 2212 525 2297 eligenda
554 2229 688 2299 persona
715 2214 883 2280 convenire
911 2212 1071 2281 debuisset
1091 2220 1158 2281 tam
1182 2214 1293 2282 eclesie
1323 2234 1416 2300 quam
1440 2212 1477 2277 iu·

322 2329 412 2416 perio
440 2328 569 2411 idonea,
603 2327 665 2395 dne
691 2334 799 2415 partas
828 2328 910 2395 facte
940 2334 1022 2395 sunt.
1065 2328 1147 2395 Nam
1179 2332 1323 2397 canonici
1355 2326 1478 2396 matricis

322 2445 436 2513 eclesie
458 2445 642 2512 electionem
665 2445 705 2512 dc
720 2443 857 2511 Martino
878 2447 1038 2532 preposito
1054 2481 1096 2492 -
1113 2446 1228 2513 iactam
1244 2439 1427 2532 aliquando’
1443 2477 1476 2489 -

321 2562 541 2649 proponebant
563 2562 706 2647 hancque
720 2581 842 2646 omnes,
868 2563 1008 2648 exceptis
1030 2567 1176 2647 quatuor,
1199 2563 1392 2630 unanimiter
1407 2558 1477 2627 alir-

321 2678 467 2761 mabant3
494 2684 560 2745 tres
582 2682 706 2744 tautum
729 2677 809 2746 alius
832 2697 983 2764 personas
1007 2677 1146 2745 ciusdem
1170 2677 1283 2744 eclesie
1308 2674 1477 2745 secundario

322 2795 533 2880 designantes,
556 2800 602 2878 ut,
626 2793 655 2859 si
676 2793 769 2860 huius
792 2794 941 2860 canonice
964 2793 1144 2878 reicerctur,
1174 2811 1268 2860 unam
1288 2795 1421 2862 istarum
1433 2791 1478 2856 cb

322 2911 470 2978 tiuarent
558 2909 731 2994 Rogulares
756 2929 848 2994 vero,
876 2907 996 2976 nullam
1023 2911 1155 2976 istarum
1185 2910 1412 2996 approbantes,
1438 2925 1478 2972 aa·

322 3045 451 3093 aeneum
473 3025 608 3092 hicnon
636 3024 839 3112 prebuerunt.
877 3023 992 3111 Sicque
1013 3027 1172 3093 communi
1200 3027 1366 3114 utriusque
1392 3023 1479 3113 partia

322 3141 453 3210 consilio
476 3142 661 3211 electionem
683 3143 924 3226 insequentem
947 3142 1030 3210 diem
1054 3141 1253 3210 distulerunt

411 3257 541 3324 Interim
564 3256 736 3341 regulares,
760 3257 920 3326 aduocatis
944 3263 1078 3343 quatuor
1101 3259 1182 3326 sicut
1204 3259 1344 3326 diximus
1365 3257 1403 3324 de
1422 3271 1478 3321 nra-

321 3373 383 3441 iori
406 3373 535 3457 eclesia,
562 3372 759 3440 Gerbardum
782 3373 980 3461 prepositum
1004 3373 1178 3457 elegerunt3
1208 3374 1291 3442 clero
1316 3379 1349 3442 et
1375 3367 1478 3460 populo

323 3489 453 3556 alterius
481 3489 583 3575 partis
610 3490 710 3556 inuito
740 3495 772 3556 et
802 3489 994 3557 reclamante
1024 3494 1056 3557 et
1085 3488 1265 3576 appellante
1286 3487 1478 3576 apostolicam

323 3605 516 3673 audientiam
544 3605 603 3672 sub
632 3607 813 3673 testimonio
842 3606 991 3674 canonice
1018 3625 1165 3691 censure,
1194 3625 1257 3692 que
1284 3605 1371 3673 iubet
1395 3598 1479 3670 nullis

322 3721 432 3789 invitis
454 3722 523 3788 dari
546 3723 729 3809 episcopum
752 3723 803 3789 vel
825 3728 994 3810 pastorem.

255 3851 306 3900 oea
410 3838 493 3917 Quia
513 3858 589 3906 vero
617 3839 651 3904 in
680 3837 823 3924 partibus
847 3838 985 3906 Saxonis
1012 3839 1150 3904 maxime
1171 3837 1205 3903 in
1233 3837 1357 3924 prefata
1378 3832 1479 3902 celaia

321 3955 485 4043 inperialis
509 3954 648 4038 dignitas
669 3954 829 4038 consistit,
856 3955 968 4022 saltem
992 3953 1095 4021 adbuc
1123 3954 1296 4041 paternitas
1324 3959 1380 4020 tua
1399 3947 1477 4018 nobis

323 4072 521 4158 adquiescat3
545 4076 578 4138 et
600 4071 709 4137 andita
730 4075 864 4155 unaque
886 4075 987 4158 parte,
1010 4072 1057 4138 ita
1078 4071 1169 4139 nobis
1193 4091 1246 4138 eos
1269 4071 1418 4151 remittas,
1439 4068 1476 4145 ut,

323 4189 412 4255 salva
432 4189 580 4256 libertate
603 4185 776 4271 electionis,
800 4205 857 4252 nos
878 4208 936 4274 pro
959 4187 1090 4255 consilio
1114 4179 1357 4275 archiepiscopi¹
1374 4187 1405 4253 ct
1423 4177 1477 4246 aul·

395 4349 420 4400 1.
438 4346 588 4400 Romanae
678 4347 704 4399 2.
728 4359 800 4398 anno
821 4343 909 4398 1129?
938 4343 979 4400 (ll.
993 4347 1114 4403 Annales
1132 4337 1475 4418 spumantemamnem

323 4432 416 4488 Germ.
429 4431 526 4490 SS.V1
545 4435 606 4489 537.
696 4434 724 4488 3.
741 4431 911 4488 Adelbertil
928 4433 1089 4503 lloguntini.
