<?xml version="1.0" encoding="UTF-8"?>
<!DOCTYPE html PUBLIC "-//W3C//DTD XHTML 1.0 Transitional//EN"
    "http://www.w3.org/TR/xhtml1/DTD/xhtml1-transitional.dtd">
<html xmlns="http://www.w3.org/1999/xhtml" xml:lang="en" lang="en">
 <head>
  <title>
</title>
<meta http-equiv="Content-Type" content="text/html;charset=utf-8" />
  <meta name='ocr-system' content='tesseract 3.04.00' />
  <meta name='ocr-capabilities' content='ocr_page ocr_carea ocr_par ocr_line ocrx_word'/>
</head>
<body>
  <div class='ocr_page' id='page_1' title='image "./bibliothecareru06jaffgoog_0528.png"; bbox 0 0 3142 4850; ppageno 0'>
   <div class='ocr_carea' id='block_1_1' title="bbox 371 264 1237 331">
    <p class='ocr_par' dir='ltr' id='par_1_1' title="bbox 371 264 1237 331">
     <span class='ocr_line' id='line_1_1' title="bbox 371 264 1237 331; baseline 0 -2"><span class='ocrx_word' id='word_1_1' title='bbox 371 280 562 329; x_wconf 77' lang='lat' dir='ltr'>samsones</span> <span class='ocrx_word' id='word_1_2' title='bbox 583 280 862 331; x_wconf 71' lang='lat' dir='ltr'>nemausenses.</span> <span class='ocrx_word' id='word_1_3' title='bbox 901 278 932 331; x_wconf 82' lang='lat' dir='ltr'>ru</span> <span class='ocrx_word' id='word_1_4' title='bbox 1174 264 1237 331; x_wconf 86' lang='lat'>511</span> 
     </span>
    </p>
   </div>
   <div class='ocr_carea' id='block_1_2' title="bbox 70 436 1410 4004">
    <p class='ocr_par' dir='ltr' id='par_1_2' title="bbox 79 436 1410 756">
     <span class='ocr_line' id='line_1_2' title="bbox 79 436 1366 511; baseline 0.005 -6"><span class='ocrx_word' id='word_1_5' title='bbox 79 458 134 505; x_wconf 90' lang='lat' dir='ltr'>non</span> <span class='ocrx_word' id='word_1_6' title='bbox 155 437 234 505; x_wconf 88' lang='lat' dir='ltr'>meis</span> <span class='ocrx_word' id='word_1_7' title='bbox 255 438 378 506; x_wconf 85' lang='lat' dir='ltr'>meritis</span> <span class='ocrx_word' id='word_1_8' title='bbox 399 439 531 507; x_wconf 85' lang='lat' dir='ltr'>fratrem</span> <span class='ocrx_word' id='word_1_9' title='bbox 559 446 593 507; x_wconf 87' lang='lat' dir='ltr'>et</span> <span class='ocrx_word' id='word_1_10' title='bbox 613 440 803 507; x_wconf 71' lang='lat' dir='ltr'><strong>familiarem</strong></span> <span class='ocrx_word' id='word_1_11' title='bbox 815 436 983 508; x_wconf 89' lang='lat' dir='ltr'>-vestrum¹</span> <span class='ocrx_word' id='word_1_12' title='bbox 1005 458 1119 508; x_wconf 88' lang='lat' dir='ltr'>vocare</span> <span class='ocrx_word' id='word_1_13' title='bbox 1141 439 1242 506; x_wconf 91' lang='lat' dir='ltr'>volui·</span> <span class='ocrx_word' id='word_1_14' title='bbox 1298 456 1366 511; x_wconf 80' lang='lat' dir='ltr'>not</span> 
     </span>
     <span class='ocr_line' id='line_1_3' title="bbox 79 528 1410 642; baseline 0.002 -23"><span class='ocrx_word' id='word_1_15' title='bbox 79 554 139 619; x_wconf 76' lang='lat' dir='ltr'>aba</span> <span class='ocrx_word' id='word_1_16' title='bbox 173 552 209 619; x_wconf 94' lang='lat' dir='ltr'>ln</span> <span class='ocrx_word' id='word_1_17' title='bbox 232 554 346 638; x_wconf 88' lang='lat' dir='ltr'>quibus</span> <span class='ocrx_word' id='word_1_18' title='bbox 368 556 466 623; x_wconf 85' lang='lat' dir='ltr'>etiam</span> <span class='ocrx_word' id='word_1_19' title='bbox 487 555 868 642; x_wconf 84' lang='lat' dir='ltr'>superhabundantiorem</span> <span class='ocrx_word' id='word_1_20' title='bbox 891 576 967 639; x_wconf 85' lang='lat' dir='ltr'>erga</span> <span class='ocrx_word' id='word_1_21' title='bbox 988 576 1040 623; x_wconf 91' lang='lat' dir='ltr'>me</span> <span class='ocrx_word' id='word_1_22' title='bbox 1058 561 1162 621; x_wconf 89' lang='lat' dir='ltr'>vestre</span> <span class='ocrx_word' id='word_1_23' title='bbox 1184 574 1241 641; x_wconf 87' lang='lat' dir='ltr'>pa·</span> <span class='ocrx_word' id='word_1_24' title='bbox 1254 528 1410 588; x_wconf 49' lang='lat' dir='ltr'>”mm</span> 
     </span>
     <span class='ocr_line' id='line_1_4' title="bbox 79 668 1241 756; baseline 0.002 -21"><span class='ocrx_word' id='word_1_25' title='bbox 79 669 227 735; x_wconf 86' lang='lat' dir='ltr'>ternitatis</span> <span class='ocrx_word' id='word_1_26' title='bbox 255 668 402 737; x_wconf 82' lang='lat' dir='ltr'>affectum</span> <span class='ocrx_word' id='word_1_27' title='bbox 427 670 577 753; x_wconf 85' lang='lat' dir='ltr'>cognovi,</span> <span class='ocrx_word' id='word_1_28' title='bbox 606 672 690 756; x_wconf 91' lang='lat' dir='ltr'>qnod</span> <span class='ocrx_word' id='word_1_29' title='bbox 717 672 896 755; x_wconf 75' lang='lat' dir='ltr'><strong>ignorantie</strong></span> <span class='ocrx_word' id='word_1_30' title='bbox 925 692 995 739; x_wconf 88' lang='lat' dir='ltr'>mee</span> <span class='ocrx_word' id='word_1_31' title='bbox 1017 670 1167 739; x_wconf 85' lang='lat' dir='ltr'>delictum</span> <span class='ocrx_word' id='word_1_32' title='bbox 1190 690 1241 737; x_wconf 90' lang='lat' dir='ltr'>me</span> 
     </span>
    </p>

    <p class='ocr_par' dir='ltr' id='par_1_3' title="bbox 79 784 1242 871">
     <span class='ocr_line' id='line_1_5' title="bbox 79 784 1242 871; baseline 0.002 -21"><span class='ocrx_word' id='word_1_33' title='bbox 79 784 150 850; x_wconf 88' lang='lat' dir='ltr'>seire</span> <span class='ocrx_word' id='word_1_34' title='bbox 171 784 291 851; x_wconf 69' lang='lat' dir='ltr'>leubus</span> <span class='ocrx_word' id='word_1_35' title='bbox 320 790 353 852; x_wconf 92' lang='lat' dir='ltr'>et</span> <span class='ocrx_word' id='word_1_36' title='bbox 378 785 462 871; x_wconf 92' lang='lat' dir='ltr'>quod</span> <span class='ocrx_word' id='word_1_37' title='bbox 488 786 683 853; x_wconf 85' lang='lat' dir='ltr'>iniusticias·</span> <span class='ocrx_word' id='word_1_38' title='bbox 705 807 793 853; x_wconf 83' lang='lat' dir='ltr'>meas</span> <span class='ocrx_word' id='word_1_39' title='bbox 816 806 879 853; x_wconf 94' lang='lat' dir='ltr'>non</span> <span class='ocrx_word' id='word_1_40' title='bbox 902 787 1121 854; x_wconf 78' lang='lat' dir='ltr'>abscondistis.</span> <span class='ocrx_word' id='word_1_41' title='bbox 1161 785 1242 852; x_wconf 92' lang='lat' dir='ltr'>Boni</span> 
     </span>
    </p>

    <p class='ocr_par' dir='ltr' id='par_1_4' title="bbox 79 900 1241 988">
     <span class='ocr_line' id='line_1_6' title="bbox 79 900 1241 988; baseline 0.002 -23"><span class='ocrx_word' id='word_1_42' title='bbox 79 900 154 965; x_wconf 89' lang='lat' dir='ltr'>eninr</span> <span class='ocrx_word' id='word_1_43' title='bbox 175 901 278 986; x_wconf 88' lang='lat' dir='ltr'>patris</span> <span class='ocrx_word' id='word_1_44' title='bbox 298 908 347 969; x_wconf 89' lang='lat' dir='ltr'>est</span> <span class='ocrx_word' id='word_1_45' title='bbox 366 901 525 988; x_wconf 76' lang='lat' dir='ltr'>corripere</span> <span class='ocrx_word' id='word_1_46' title='bbox 539 900 640 968; x_wconf 88' lang='lat' dir='ltr'>filium</span> <span class='ocrx_word' id='word_1_47' title='bbox 656 922 749 987; x_wconf 89' lang='lat' dir='ltr'>quem</span> <span class='ocrx_word' id='word_1_48' title='bbox 766 901 871 985; x_wconf 79' lang='lat' dir='ltr'>diligit</span> <span class='ocrx_word' id='word_1_49' title='bbox 893 906 925 969; x_wconf 92' lang='lat' dir='ltr'>et</span> <span class='ocrx_word' id='word_1_50' title='bbox 940 902 1099 986; x_wconf 84' lang='lat' dir='ltr'>flagellare</span> <span class='ocrx_word' id='word_1_51' title='bbox 1116 920 1241 968; x_wconf 91' lang='lat' dir='ltr'>omnem</span> 
     </span>
    </p>

    <p class='ocr_par' dir='ltr' id='par_1_5' title="bbox 77 1011 324 1102">
     <span class='ocr_line' id='line_1_7' title="bbox 77 1011 324 1102; baseline 0.004 -21"><span class='ocrx_word' id='word_1_52' title='bbox 77 1034 161 1099; x_wconf 90' lang='lat' dir='ltr'>quem</span> <span class='ocrx_word' id='word_1_53' title='bbox 184 1011 324 1102; x_wconf 84' lang='lat' dir='ltr'>recipit&#39;.</span> 
     </span>
    </p>

    <p class='ocr_par' dir='ltr' id='par_1_6' title="bbox 71 1130 1243 2260">
     <span class='ocr_line' id='line_1_8' title="bbox 156 1130 1242 1218; baseline 0 -21"><span class='ocrx_word' id='word_1_54' title='bbox 156 1130 241 1197; x_wconf 89' lang='lat' dir='ltr'>Hnie</span> <span class='ocrx_word' id='word_1_55' title='bbox 254 1137 343 1198; x_wconf 89' lang='lat' dir='ltr'>tante</span> <span class='ocrx_word' id='word_1_56' title='bbox 357 1131 462 1199; x_wconf 78' lang='lat' dir='ltr'>leticie</span> <span class='ocrx_word' id='word_1_57' title='bbox 476 1139 584 1199; x_wconf 89' lang='lat' dir='ltr'>nostre</span> <span class='ocrx_word' id='word_1_58' title='bbox 599 1133 764 1201; x_wconf 87' lang='lat' dir='ltr'>serenitati</span> <span class='ocrx_word' id='word_1_59' title='bbox 783 1132 900 1199; x_wconf 90' lang='lat' dir='ltr'>nebula</span> <span class='ocrx_word' id='word_1_60' title='bbox 922 1132 1054 1201; x_wconf 77' lang='lat' dir='ltr'>tristicie</span> <span class='ocrx_word' id='word_1_61' title='bbox 1075 1152 1133 1218; x_wconf 92' lang='lat' dir='ltr'>per</span> <span class='ocrx_word' id='word_1_62' title='bbox 1149 1152 1242 1217; x_wconf 91' lang='lat' dir='ltr'>quos·</span> 
     </span>
     <span class='ocr_line' id='line_1_9' title="bbox 77 1244 1242 1334; baseline 0.003 -23"><span class='ocrx_word' id='word_1_63' title='bbox 77 1244 143 1311; x_wconf 84' lang='lat' dir='ltr'>dam</span> <span class='ocrx_word' id='word_1_64' title='bbox 166 1246 303 1313; x_wconf 80' lang='lat' dir='ltr'>obducta</span> <span class='ocrx_word' id='word_1_65' title='bbox 325 1252 383 1331; x_wconf 85' lang='lat' dir='ltr'>est,</span> <span class='ocrx_word' id='word_1_66' title='bbox 407 1248 564 1314; x_wconf 88' lang='lat' dir='ltr'>dieentes:</span> <span class='ocrx_word' id='word_1_67' title='bbox 588 1254 729 1315; x_wconf 81' lang='lat' dir='ltr'>avestm</span> <span class='ocrx_word' id='word_1_68' title='bbox 747 1248 827 1314; x_wconf 92' lang='lat' dir='ltr'>mihi</span> <span class='ocrx_word' id='word_1_69' title='bbox 851 1248 1044 1315; x_wconf 88' lang='lat' dir='ltr'>beatitudine</span> <span class='ocrx_word' id='word_1_70' title='bbox 1066 1248 1242 1334; x_wconf 87' lang='lat' dir='ltr'>prohibitas</span> 
     </span>
     <span class='ocr_line' id='line_1_10' title="bbox 76 1352 1241 1447; baseline 0.002 -20"><span class='ocrx_word' id='word_1_71' title='bbox 76 1378 139 1427; x_wconf 85' lang='lat' dir='ltr'>esse</span> <span class='ocrx_word' id='word_1_72' title='bbox 160 1352 347 1429; x_wconf 79' lang='lat' dir='ltr'>cle‘rieorum</span> <span class='ocrx_word' id='word_1_73' title='bbox 370 1362 594 1431; x_wconf 88' lang='lat' dir='ltr'>ordinationes.</span> <span class='ocrx_word' id='word_1_74' title='bbox 631 1362 693 1430; x_wconf 87' lang='lat' dir='ltr'>Pro</span> <span class='ocrx_word' id='word_1_75' title='bbox 709 1364 822 1447; x_wconf 91' lang='lat' dir='ltr'>quibus</span> <span class='ocrx_word' id='word_1_76' title='bbox 838 1362 942 1430; x_wconf 88' lang='lat' dir='ltr'>verbis</span> <span class='ocrx_word' id='word_1_77' title='bbox 966 1382 1037 1430; x_wconf 90' lang='lat' dir='ltr'>cum</span> <span class='ocrx_word' id='word_1_78' title='bbox 1061 1364 1101 1429; x_wconf 88' lang='lat' dir='ltr'>ad</span> <span class='ocrx_word' id='word_1_79' title='bbox 1119 1363 1241 1430; x_wconf 89' lang='lat' dir='ltr'>deside·</span> 
     </span>
     <span class='ocr_line' id='line_1_11' title="bbox 75 1476 1242 1566; baseline 0.003 -25"><span class='ocrx_word' id='word_1_80' title='bbox 75 1476 202 1543; x_wconf 88' lang='lat' dir='ltr'>rabilem</span> <span class='ocrx_word' id='word_1_81' title='bbox 218 1479 315 1545; x_wconf 86' lang='lat' dir='ltr'>vestri</span> <span class='ocrx_word' id='word_1_82' title='bbox 338 1478 529 1564; x_wconf 78' lang='lat' dir='ltr'>presentiam</span> <span class='ocrx_word' id='word_1_83' title='bbox 549 1480 665 1546; x_wconf 84' lang='lat' dir='ltr'>iratres</span> <span class='ocrx_word' id='word_1_84' title='bbox 680 1480 897 1563; x_wconf 79' lang='lat' dir='ltr'>dirigeremus,</span> <span class='ocrx_word' id='word_1_85' title='bbox 921 1483 953 1545; x_wconf 93' lang='lat' dir='ltr'>et</span> <span class='ocrx_word' id='word_1_86' title='bbox 975 1480 1006 1544; x_wconf 91' lang='lat' dir='ltr'>in</span> <span class='ocrx_word' id='word_1_87' title='bbox 1029 1480 1133 1545; x_wconf 89' lang='lat' dir='ltr'>reditu</span> <span class='ocrx_word' id='word_1_88' title='bbox 1156 1480 1242 1566; x_wconf 91' lang='lat' dir='ltr'>ipso-</span> 
     </span>
     <span class='ocr_line' id='line_1_12' title="bbox 73 1594 1243 1678; baseline 0.002 -20"><span class='ocrx_word' id='word_1_89' title='bbox 73 1612 138 1658; x_wconf 86' lang='lat' dir='ltr'>rum</span> <span class='ocrx_word' id='word_1_90' title='bbox 161 1614 214 1660; x_wconf 90' lang='lat' dir='ltr'>me</span> <span class='ocrx_word' id='word_1_91' title='bbox 236 1614 301 1660; x_wconf 90' lang='lat' dir='ltr'>non</span> <span class='ocrx_word' id='word_1_92' title='bbox 323 1596 505 1661; x_wconf 90' lang='lat' dir='ltr'>restitutum</span> <span class='ocrx_word' id='word_1_93' title='bbox 528 1595 695 1678; x_wconf 86' lang='lat' dir='ltr'>audissem,</span> <span class='ocrx_word' id='word_1_94' title='bbox 719 1595 897 1661; x_wconf 86' lang='lat' dir='ltr'>obedientie</span> <span class='ocrx_word' id='word_1_95' title='bbox 917 1614 1030 1659; x_wconf 90' lang='lat' dir='ltr'>manus</span> <span class='ocrx_word' id='word_1_96' title='bbox 1046 1594 1127 1660; x_wconf 92' lang='lat' dir='ltr'>dedi.</span> <span class='ocrx_word' id='word_1_97' title='bbox 1162 1594 1243 1672; x_wconf 88' lang='lat' dir='ltr'>Quia</span> 
     </span>
     <span class='ocr_line' id='line_1_13' title="bbox 74 1706 1243 1796; baseline 0.001 -22"><span class='ocrx_word' id='word_1_98' title='bbox 74 1708 245 1776; x_wconf 87' lang='lat' dir='ltr'>meliorest</span> <span class='ocrx_word' id='word_1_99' title='bbox 266 1710 444 1777; x_wconf 82' lang='lat' dir='ltr'>obedientie</span> <span class='ocrx_word' id='word_1_100' title='bbox 461 1730 556 1796; x_wconf 90' lang='lat' dir='ltr'>quam</span> <span class='ocrx_word' id='word_1_101' title='bbox 571 1706 727 1778; x_wconf 82' lang='lat' dir='ltr'>vietimo’.</span> <span class='ocrx_word' id='word_1_102' title='bbox 763 1710 806 1776; x_wconf 87' lang='lat' dir='ltr'>Et</span> <span class='ocrx_word' id='word_1_103' title='bbox 828 1710 903 1794; x_wconf 90' lang='lat' dir='ltr'>quia</span> <span class='ocrx_word' id='word_1_104' title='bbox 925 1710 1061 1795; x_wconf 89' lang='lat' dir='ltr'>pastoris</span> <span class='ocrx_word' id='word_1_105' title='bbox 1085 1710 1243 1777; x_wconf 89' lang='lat' dir='ltr'>sententia</span> 
     </span>
     <span class='ocr_line' id='line_1_14' title="bbox 73 1824 1242 1914; baseline 0 -23"><span class='ocrx_word' id='word_1_106' title='bbox 73 1825 156 1907; x_wconf 87' lang='lat' dir='ltr'>gregi</span> <span class='ocrx_word' id='word_1_107' title='bbox 179 1826 323 1894; x_wconf 88' lang='lat' dir='ltr'>timenda</span> <span class='ocrx_word' id='word_1_108' title='bbox 344 1830 402 1911; x_wconf 86' lang='lat' dir='ltr'>est,</span> <span class='ocrx_word' id='word_1_109' title='bbox 425 1828 471 1893; x_wconf 87' lang='lat' dir='ltr'>ita</span> <span class='ocrx_word' id='word_1_110' title='bbox 493 1848 545 1895; x_wconf 91' lang='lat' dir='ltr'>me</span> <span class='ocrx_word' id='word_1_111' title='bbox 566 1828 701 1914; x_wconf 89' lang='lat' dir='ltr'>pedibus</span> <span class='ocrx_word' id='word_1_112' title='bbox 715 1826 830 1892; x_wconf 86' lang='lat' dir='ltr'>vestris</span> <span class='ocrx_word' id='word_1_113' title='bbox 854 1824 983 1908; x_wconf 81' lang='lat' dir='ltr'>subicio,</span> <span class='ocrx_word' id='word_1_114' title='bbox 1009 1825 1098 1909; x_wconf 90' lang='lat' dir='ltr'>quasi</span> <span class='ocrx_word' id='word_1_115' title='bbox 1112 1830 1242 1892; x_wconf 81' lang='lat' dir='ltr'>voratus</span> 
     </span>
     <span class='ocr_line' id='line_1_15' title="bbox 74 1938 1242 2027; baseline 0.002 -22"><span class='ocrx_word' id='word_1_116' title='bbox 74 1938 111 2005; x_wconf 82' lang='lat' dir='ltr'>ad</span> <span class='ocrx_word' id='word_1_117' title='bbox 125 1942 294 2009; x_wconf 82' lang='lat' dir='ltr'>concilium</span> <span class='ocrx_word' id='word_1_118' title='bbox 316 1962 379 2008; x_wconf 92' lang='lat' dir='ltr'>non</span> <span class='ocrx_word' id='word_1_119' title='bbox 394 1942 534 2009; x_wconf 84' lang='lat' dir='ltr'>venerim</span> <span class='ocrx_word' id='word_1_120' title='bbox 558 1947 591 2008; x_wconf 92' lang='lat' dir='ltr'>et</span> <span class='ocrx_word' id='word_1_121' title='bbox 611 1942 683 2009; x_wconf 91' lang='lat' dir='ltr'>ideo</span> <span class='ocrx_word' id='word_1_122' title='bbox 706 1960 877 2027; x_wconf 88' lang='lat' dir='ltr'>suspensus</span> <span class='ocrx_word' id='word_1_123' title='bbox 895 1942 935 2008; x_wconf 91' lang='lat' dir='ltr'>ab</span> <span class='ocrx_word' id='word_1_124' title='bbox 951 1940 1053 2007; x_wconf 85' lang='lat' dir='ltr'>officio</span> <span class='ocrx_word' id='word_1_125' title='bbox 1069 1941 1146 2023; x_wconf 84' lang='lat' dir='ltr'>sim3</span> <span class='ocrx_word' id='word_1_126' title='bbox 1170 1960 1242 2007; x_wconf 91' lang='lat' dir='ltr'>eum</span> 
     </span>
     <span class='ocr_line' id='line_1_16' title="bbox 72 2056 1243 2141; baseline 0.001 -19"><span class='ocrx_word' id='word_1_127' title='bbox 72 2074 137 2140; x_wconf 88' lang='lat' dir='ltr'>uec,</span> <span class='ocrx_word' id='word_1_128' title='bbox 159 2062 199 2123; x_wconf 90' lang='lat' dir='ltr'>nt</span> <span class='ocrx_word' id='word_1_129' title='bbox 219 2056 325 2125; x_wconf 88' lang='lat' dir='ltr'>littere</span> <span class='ocrx_word' id='word_1_130' title='bbox 347 2062 452 2125; x_wconf 87' lang='lat' dir='ltr'>vestre</span> <span class='ocrx_word' id='word_1_131' title='bbox 473 2062 640 2141; x_wconf 85' lang='lat' dir='ltr'>testentur,</span> <span class='ocrx_word' id='word_1_132' title='bbox 664 2062 812 2123; x_wconf 84' lang='lat' dir='ltr'>evocatus</span> <span class='ocrx_word' id='word_1_133' title='bbox 834 2056 960 2140; x_wconf 86' lang='lat' dir='ltr'>fuerim,</span> <span class='ocrx_word' id='word_1_134' title='bbox 989 2062 1021 2123; x_wconf 90' lang='lat' dir='ltr'>et</span> <span class='ocrx_word' id='word_1_135' title='bbox 1044 2056 1169 2141; x_wconf 90' lang='lat' dir='ltr'>quando</span> <span class='ocrx_word' id='word_1_136' title='bbox 1192 2056 1243 2123; x_wconf 88' lang='lat' dir='ltr'>vel</span> 
     </span>
     <span class='ocr_line' id='line_1_17' title="bbox 71 2170 858 2260; baseline 0 -23"><span class='ocrx_word' id='word_1_137' title='bbox 71 2170 123 2238; x_wconf 88' lang='lat' dir='ltr'>nbi</span> <span class='ocrx_word' id='word_1_138' title='bbox 144 2192 318 2260; x_wconf 86' lang='lat' dir='ltr'>suspensus</span> <span class='ocrx_word' id='word_1_139' title='bbox 340 2174 465 2258; x_wconf 74' lang='lat' dir='ltr'>susem,</span> <span class='ocrx_word' id='word_1_140' title='bbox 488 2174 614 2260; x_wconf 89' lang='lat' dir='ltr'>penitus</span> <span class='ocrx_word' id='word_1_141' title='bbox 635 2172 858 2255; x_wconf 76' lang='lat' dir='ltr'>ignoraverim.</span> 
     </span>
    </p>

    <p class='ocr_par' dir='ltr' id='par_1_7' title="bbox 70 2287 1243 2838">
     <span class='ocr_line' id='line_1_18' title="bbox 157 2287 1243 2375; baseline -0.001 -19"><span class='ocrx_word' id='word_1_142' title='bbox 157 2289 398 2357; x_wconf 84' lang='lat' dir='ltr'>Ordinationenr</span> <span class='ocrx_word' id='word_1_143' title='bbox 412 2310 488 2356; x_wconf 92' lang='lat' dir='ltr'>vero</span> <span class='ocrx_word' id='word_1_144' title='bbox 510 2294 662 2371; x_wconf 85' lang='lat' dir='ltr'>nostram,</span> <span class='ocrx_word' id='word_1_145' title='bbox 685 2294 766 2355; x_wconf 84' lang='lat' dir='ltr'>teste</span> <span class='ocrx_word' id='word_1_146' title='bbox 790 2294 821 2355; x_wconf 92' lang='lat' dir='ltr'>et</span> <span class='ocrx_word' id='word_1_147' title='bbox 844 2287 1025 2375; x_wconf 78' lang='lat' dir='ltr'>postulante</span> <span class='ocrx_word' id='word_1_148' title='bbox 1049 2288 1157 2355; x_wconf 89' lang='lat' dir='ltr'>eadem</span> <span class='ocrx_word' id='word_1_149' title='bbox 1181 2306 1243 2374; x_wconf 91' lang='lat' dir='ltr'>que</span> 
     </span>
     <span class='ocr_line' id='line_1_19' title="bbox 71 2400 1243 2490; baseline 0.002 -20"><span class='ocrx_word' id='word_1_150' title='bbox 71 2422 199 2490; x_wconf 88' lang='lat' dir='ltr'>presens</span> <span class='ocrx_word' id='word_1_151' title='bbox 223 2411 292 2473; x_wconf 88' lang='lat' dir='ltr'>erat</span> <span class='ocrx_word' id='word_1_152' title='bbox 314 2404 429 2473; x_wconf 88' lang='lat' dir='ltr'>eclesia</span> <span class='ocrx_word' id='word_1_153' title='bbox 450 2409 576 2489; x_wconf 88' lang='lat' dir='ltr'>nostra,</span> <span class='ocrx_word' id='word_1_154' title='bbox 602 2400 903 2490; x_wconf 89' lang='lat' dir='ltr'>ametropolitano⁴</span> <span class='ocrx_word' id='word_1_155' title='bbox 926 2403 959 2470; x_wconf 91' lang='lat' dir='ltr'>in</span> <span class='ocrx_word' id='word_1_156' title='bbox 983 2403 1056 2471; x_wconf 90' lang='lat' dir='ltr'>sede</span> <span class='ocrx_word' id='word_1_157' title='bbox 1079 2400 1155 2472; x_wconf 80' lang='lat' dir='ltr'>sua⁶</span> <span class='ocrx_word' id='word_1_158' title='bbox 1177 2404 1243 2472; x_wconf 80' lang='lat' dir='ltr'>fac-</span> 
     </span>
     <span class='ocr_line' id='line_1_20' title="bbox 71 2518 1242 2606; baseline -0.001 -17"><span class='ocrx_word' id='word_1_159' title='bbox 71 2523 135 2588; x_wconf 82' lang='lat' dir='ltr'>tam</span> <span class='ocrx_word' id='word_1_160' title='bbox 149 2522 355 2589; x_wconf 81' lang='lat' dir='ltr'>manifestum</span> <span class='ocrx_word' id='word_1_161' title='bbox 371 2527 428 2588; x_wconf 89' lang='lat' dir='ltr'>est.</span> <span class='ocrx_word' id='word_1_162' title='bbox 465 2521 527 2588; x_wconf 87' lang='lat' dir='ltr'>Sed</span> <span class='ocrx_word' id='word_1_163' title='bbox 543 2521 723 2588; x_wconf 86' lang='lat' dir='ltr'>innocentia</span> <span class='ocrx_word' id='word_1_164' title='bbox 744 2520 930 2606; x_wconf 90' lang='lat' dir='ltr'>plerumque</span> <span class='ocrx_word' id='word_1_165' title='bbox 945 2539 1008 2586; x_wconf 94' lang='lat' dir='ltr'>non</span> <span class='ocrx_word' id='word_1_166' title='bbox 1022 2518 1146 2603; x_wconf 84' lang='lat' dir='ltr'>liberat,</span> <span class='ocrx_word' id='word_1_167' title='bbox 1170 2537 1242 2588; x_wconf 87' lang='lat' dir='ltr'>eum</span> 
     </span>
     <span class='ocr_line' id='line_1_21' title="bbox 72 2635 1242 2722; baseline -0.003 -18"><span class='ocrx_word' id='word_1_168' title='bbox 72 2638 265 2704; x_wconf 75' lang='lat' dir='ltr'>sentenciam</span> <span class='ocrx_word' id='word_1_169' title='bbox 285 2637 398 2704; x_wconf 89' lang='lat' dir='ltr'>iudieis</span> <span class='ocrx_word' id='word_1_170' title='bbox 420 2637 601 2722; x_wconf 87' lang='lat' dir='ltr'>ignorantia</span> <span class='ocrx_word' id='word_1_171' title='bbox 614 2637 665 2703; x_wconf 92' lang='lat' dir='ltr'>vel</span> <span class='ocrx_word' id='word_1_172' title='bbox 683 2635 794 2702; x_wconf 90' lang='lat' dir='ltr'>dilatio</span> <span class='ocrx_word' id='word_1_173' title='bbox 810 2636 859 2703; x_wconf 89' lang='lat' dir='ltr'>vel</span> <span class='ocrx_word' id='word_1_174' title='bbox 883 2636 988 2720; x_wconf 87' lang='lat' dir='ltr'>aliqua</span> <span class='ocrx_word' id='word_1_175' title='bbox 1011 2635 1170 2720; x_wconf 77' lang='lat' dir='ltr'>suggestio</span> <span class='ocrx_word' id='word_1_176' title='bbox 1193 2655 1242 2702; x_wconf 89' lang='lat' dir='ltr'>er-</span> 
     </span>
     <span class='ocr_line' id='line_1_22' title="bbox 70 2752 311 2838; baseline 0 -19"><span class='ocrx_word' id='word_1_177' title='bbox 70 2771 140 2820; x_wconf 84' lang='lat' dir='ltr'>rare</span> <span class='ocrx_word' id='word_1_178' title='bbox 160 2752 311 2838; x_wconf 86' lang='lat' dir='ltr'>coegerit</span> 
     </span>
    </p>

    <p class='ocr_par' dir='ltr' id='par_1_8' title="bbox 70 2866 1245 4004">
     <span class='ocr_line' id='line_1_23' title="bbox 156 2866 1242 2952; baseline -0.004 -16"><span class='ocrx_word' id='word_1_179' title='bbox 156 2869 258 2936; x_wconf 91' lang='lat' dir='ltr'>Porro</span> <span class='ocrx_word' id='word_1_180' title='bbox 282 2869 321 2936; x_wconf 93' lang='lat' dir='ltr'>de</span> <span class='ocrx_word' id='word_1_181' title='bbox 342 2869 547 2951; x_wconf 90' lang='lat' dir='ltr'>investitura,</span> <span class='ocrx_word' id='word_1_182' title='bbox 576 2888 669 2952; x_wconf 90' lang='lat' dir='ltr'>quam</span> <span class='ocrx_word' id='word_1_183' title='bbox 693 2871 767 2934; x_wconf 87' lang='lat' dir='ltr'>ante</span> <span class='ocrx_word' id='word_1_184' title='bbox 790 2867 907 2933; x_wconf 86' lang='lat' dir='ltr'>decreti</span> <span class='ocrx_word' id='word_1_185' title='bbox 930 2866 1028 2932; x_wconf 89' lang='lat' dir='ltr'>vestri</span> <span class='ocrx_word' id='word_1_186' title='bbox 1051 2866 1242 2933; x_wconf 90' lang='lat' dir='ltr'>sententiam</span> 
     </span>
     <span class='ocr_line' id='line_1_24' title="bbox 71 2982 1243 3069; baseline -0.003 -19"><span class='ocrx_word' id='word_1_187' title='bbox 71 2982 220 3066; x_wconf 86' lang='lat' dir='ltr'>ignorans</span> <span class='ocrx_word' id='word_1_188' title='bbox 244 2990 278 3051; x_wconf 91' lang='lat' dir='ltr'>et</span> <span class='ocrx_word' id='word_1_189' title='bbox 297 2984 409 3052; x_wconf 87' lang='lat' dir='ltr'>illicite</span> <span class='ocrx_word' id='word_1_190' title='bbox 431 2983 572 3069; x_wconf 90' lang='lat' dir='ltr'>suscepi,</span> <span class='ocrx_word' id='word_1_191' title='bbox 603 2983 678 3068; x_wconf 90' lang='lat' dir='ltr'>qnia</span> <span class='ocrx_word' id='word_1_192' title='bbox 700 2983 837 3050; x_wconf 89' lang='lat' dir='ltr'>seeundo</span> <span class='ocrx_word' id='word_1_193' title='bbox 861 2983 924 3049; x_wconf 86' lang='lat' dir='ltr'>iam</span> <span class='ocrx_word' id='word_1_194' title='bbox 947 2982 1072 3048; x_wconf 90' lang='lat' dir='ltr'>veniam</span> <span class='ocrx_word' id='word_1_195' title='bbox 1101 2982 1182 3067; x_wconf 85' lang='lat' dir='ltr'>pecii</span> <span class='ocrx_word' id='word_1_196' title='bbox 1211 2989 1243 3048; x_wconf 88' lang='lat' dir='ltr'>et</span> 
     </span>
     <span class='ocr_line' id='line_1_25' title="bbox 71 3093 1242 3186; baseline -0.002 -22"><span class='ocrx_word' id='word_1_197' title='bbox 71 3117 130 3166; x_wconf 92' lang='lat' dir='ltr'>non</span> <span class='ocrx_word' id='word_1_198' title='bbox 159 3101 286 3186; x_wconf 86' lang='lat' dir='ltr'>accepi,</span> <span class='ocrx_word' id='word_1_199' title='bbox 314 3100 436 3186; x_wconf 87' lang='lat' dir='ltr'>quesivi</span> <span class='ocrx_word' id='word_1_200' title='bbox 463 3105 497 3167; x_wconf 89' lang='lat' dir='ltr'>et</span> <span class='ocrx_word' id='word_1_201' title='bbox 522 3119 588 3165; x_wconf 92' lang='lat' dir='ltr'>non</span> <span class='ocrx_word' id='word_1_202' title='bbox 615 3093 750 3182; x_wconf 81' lang='lat' dir='ltr'>inveni⁸,</span> <span class='ocrx_word' id='word_1_203' title='bbox 782 3099 880 3164; x_wconf 88' lang='lat' dir='ltr'>tercio</span> <span class='ocrx_word' id='word_1_204' title='bbox 908 3115 992 3164; x_wconf 89' lang='lat' dir='ltr'>nune</span> <span class='ocrx_word' id='word_1_205' title='bbox 1018 3097 1167 3183; x_wconf 83' lang='lat' dir='ltr'>pulsab03</span> <span class='ocrx_word' id='word_1_206' title='bbox 1197 3101 1242 3181; x_wconf 89' lang='lat' dir='ltr'>nt,</span> 
     </span>
     <span class='ocr_line' id='line_1_26' title="bbox 73 3211 1243 3300; baseline -0.002 -19"><span class='ocrx_word' id='word_1_207' title='bbox 73 3215 153 3299; x_wconf 89' lang='lat' dir='ltr'>qued</span> <span class='ocrx_word' id='word_1_208' title='bbox 173 3235 305 3284; x_wconf 84' lang='lat' dir='ltr'>neeesse</span> <span class='ocrx_word' id='word_1_209' title='bbox 327 3215 445 3298; x_wconf 88' lang='lat' dir='ltr'>babeo,</span> <span class='ocrx_word' id='word_1_210' title='bbox 468 3213 581 3280; x_wconf 87' lang='lat' dir='ltr'>saltem</span> <span class='ocrx_word' id='word_1_211' title='bbox 603 3213 807 3300; x_wconf 83' lang='lat' dir='ltr'>improbitate</span> <span class='ocrx_word' id='word_1_212' title='bbox 829 3234 901 3280; x_wconf 88' lang='lat' dir='ltr'>mea</span> <span class='ocrx_word' id='word_1_213' title='bbox 922 3213 1091 3280; x_wconf 88' lang='lat' dir='ltr'>obtineam.</span> <span class='ocrx_word' id='word_1_214' title='bbox 1131 3211 1243 3280; x_wconf 85' lang='lat' dir='ltr'>Certus</span> 
     </span>
     <span class='ocr_line' id='line_1_27' title="bbox 72 3329 1243 3416; baseline 0 -20"><span class='ocrx_word' id='word_1_215' title='bbox 72 3348 139 3396; x_wconf 83' lang='lat' dir='ltr'>sum</span> <span class='ocrx_word' id='word_1_216' title='bbox 162 3333 265 3416; x_wconf 89' lang='lat' dir='ltr'>enim,</span> <span class='ocrx_word' id='word_1_217' title='bbox 295 3330 379 3416; x_wconf 90' lang='lat' dir='ltr'>quod</span> <span class='ocrx_word' id='word_1_218' title='bbox 406 3349 578 3413; x_wconf 88' lang='lat' dir='ltr'>numquam</span> <span class='ocrx_word' id='word_1_219' title='bbox 602 3329 804 3396; x_wconf 83' lang='lat' dir='ltr'>obliviscetur</span> <span class='ocrx_word' id='word_1_220' title='bbox 826 3329 984 3413; x_wconf 88' lang='lat' dir='ltr'>misereri,</span> <span class='ocrx_word' id='word_1_221' title='bbox 1015 3329 1068 3414; x_wconf 89' lang='lat' dir='ltr'>qui</span> <span class='ocrx_word' id='word_1_222' title='bbox 1096 3329 1129 3394; x_wconf 92' lang='lat' dir='ltr'>in</span> <span class='ocrx_word' id='word_1_223' title='bbox 1152 3329 1243 3396; x_wconf 88' lang='lat' dir='ltr'>beato</span> 
     </span>
     <span class='ocr_line' id='line_1_28' title="bbox 70 3439 1245 3532; baseline 0.002 -22"><span class='ocrx_word' id='word_1_224' title='bbox 70 3439 161 3514; x_wconf 81' lang='lat' dir='ltr'>Petro</span> <span class='ocrx_word' id='word_1_225' title='bbox 185 3447 291 3531; x_wconf 85' lang='lat' dir='ltr'>discit,</span> <span class='ocrx_word' id='word_1_226' title='bbox 315 3446 451 3532; x_wconf 88' lang='lat' dir='ltr'>qualiter</span> <span class='ocrx_word' id='word_1_227' title='bbox 474 3444 545 3511; x_wconf 88' lang='lat' dir='ltr'>aliis</span> <span class='ocrx_word' id='word_1_228' title='bbox 567 3445 729 3528; x_wconf 85' lang='lat' dir='ltr'>ignoscere</span> <span class='ocrx_word' id='word_1_229' title='bbox 751 3443 873 3511; x_wconf 90' lang='lat' dir='ltr'>debeat.</span> <span class='ocrx_word' id='word_1_230' title='bbox 913 3447 1081 3532; x_wconf 80' lang='lat' dir='ltr'>Nusquam</span> <span class='ocrx_word' id='word_1_231' title='bbox 1104 3449 1186 3510; x_wconf 85' lang='lat' dir='ltr'>enim</span> <span class='ocrx_word' id='word_1_232' title='bbox 1208 3449 1245 3512; x_wconf 93' lang='lat' dir='ltr'>ut</span> 
     </span>
     <span class='ocr_line' id='line_1_29' title="bbox 74 3560 1241 3646; baseline 0.002 -22"><span class='ocrx_word' id='word_1_233' title='bbox 74 3560 116 3626; x_wconf 89' lang='lat' dir='ltr'>ait</span> <span class='ocrx_word' id='word_1_234' title='bbox 143 3561 258 3630; x_wconf 87' lang='lat' dir='ltr'>beatus</span> <span class='ocrx_word' id='word_1_235' title='bbox 285 3561 483 3645; x_wconf 85' lang='lat' dir='ltr'>Augustinus</span> <span class='ocrx_word' id='word_1_236' title='bbox 515 3565 562 3627; x_wconf 79' lang='lat' dir='ltr'>ita</span> <span class='ocrx_word' id='word_1_237' title='bbox 595 3564 699 3646; x_wconf 74' lang='lat' dir='ltr'>cipere</span> <span class='ocrx_word' id='word_1_238' title='bbox 727 3562 837 3627; x_wconf 77' lang='lat' dir='ltr'>deberet</span> <span class='ocrx_word' id='word_1_239' title='bbox 870 3565 990 3627; x_wconf 71' lang='lat' dir='ltr'>vescera</span> <span class='ocrx_word' id='word_1_240' title='bbox 1018 3563 1241 3643; x_wconf 77' lang='lat' dir='ltr'>misericordie,</span> 
     </span>
     <span class='ocr_line' id='line_1_30' title="bbox 73 3678 1243 3763; baseline -0.002 -21"><span class='ocrx_word' id='word_1_241' title='bbox 73 3698 165 3762; x_wconf 84' lang='lat' dir='ltr'>quom</span> <span class='ocrx_word' id='word_1_242' title='bbox 187 3683 226 3744; x_wconf 81' lang='lat' dir='ltr'>ira</span> <span class='ocrx_word' id='word_1_243' title='bbox 249 3679 403 3744; x_wconf 71' lang='lat' dir='ltr'>catholiea</span> <span class='ocrx_word' id='word_1_244' title='bbox 425 3678 553 3754; x_wconf 83' lang='lat' dir='ltr'>eeleeio;</span> <span class='ocrx_word' id='word_1_245' title='bbox 576 3690 611 3742; x_wconf 81' lang='lat' dir='ltr'>ut</span> <span class='ocrx_word' id='word_1_246' title='bbox 631 3689 795 3762; x_wconf 84' lang='lat' dir='ltr'>tamquam</span> <span class='ocrx_word' id='word_1_247' title='bbox 816 3699 891 3741; x_wconf 86' lang='lat' dir='ltr'>vero</span> <span class='ocrx_word' id='word_1_248' title='bbox 913 3690 1012 3741; x_wconf 81' lang='lat' dir='ltr'>mater</span> <span class='ocrx_word' id='word_1_249' title='bbox 1031 3699 1088 3742; x_wconf 82' lang='lat' dir='ltr'>nec</span> <span class='ocrx_word' id='word_1_250' title='bbox 1109 3699 1243 3763; x_wconf 80' lang='lat' dir='ltr'>peccon-</span> 
     </span>
     <span class='ocr_line' id='line_1_31' title="bbox 73 3789 1244 3881; baseline -0.003 -21"><span class='ocrx_word' id='word_1_251' title='bbox 73 3792 151 3860; x_wconf 73' lang='lat' dir='ltr'>ta‘baa</span> <span class='ocrx_word' id='word_1_252' title='bbox 170 3795 257 3878; x_wconf 72' lang='lat' dir='ltr'>filiis</span> <span class='ocrx_word' id='word_1_253' title='bbox 279 3795 411 3881; x_wconf 79' lang='lat' dir='ltr'>superbe</span> <span class='ocrx_word' id='word_1_254' title='bbox 432 3793 559 3859; x_wconf 75' lang='lat' dir='ltr'>insultet</span> <span class='ocrx_word' id='word_1_255' title='bbox 580 3816 636 3858; x_wconf 81' lang='lat' dir='ltr'>mec</span> <span class='ocrx_word' id='word_1_256' title='bbox 657 3789 804 3877; x_wconf 77' lang='lat' dir='ltr'>difficileb</span> <span class='ocrx_word' id='word_1_257' title='bbox 828 3795 973 3858; x_wconf 71' lang='lat' dir='ltr'>correctis</span> <span class='ocrx_word' id='word_1_258' title='bbox 996 3796 1148 3877; x_wconf 75' lang='lat' dir='ltr'>ignoscat,</span> <span class='ocrx_word' id='word_1_259' title='bbox 1174 3814 1244 3857; x_wconf 82' lang='lat' dir='ltr'>oum</span> 
     </span>
     <span class='ocr_line' id='line_1_32' title="bbox 72 3907 1244 4004; baseline -0.001 -32"><span class='ocrx_word' id='word_1_260' title='bbox 72 3909 174 3994; x_wconf 62' lang='lat' dir='ltr'>iocum</span> <span class='ocrx_word' id='word_1_261' title='bbox 197 3911 323 3976; x_wconf 81' lang='lat' dir='ltr'>beatum</span> <span class='ocrx_word' id='word_1_262' title='bbox 344 3911 476 3976; x_wconf 80' lang='lat' dir='ltr'>Petrum</span> <span class='ocrx_word' id='word_1_263' title='bbox 496 3922 569 3996; x_wconf 83' lang='lat' dir='ltr'>poet</span> <span class='ocrx_word' id='word_1_264' title='bbox 589 3911 786 4004; x_wconf 72' lang='lat' dir='ltr'>meqqtionem</span> <span class='ocrx_word' id='word_1_265' title='bbox 808 3919 837 3973; x_wconf 88' lang='lat' dir='ltr'>et</span> <span class='ocrx_word' id='word_1_266' title='bbox 853 3930 992 3994; x_wconf 80' lang='lat' dir='ltr'>pravom</span> <span class='ocrx_word' id='word_1_267' title='bbox 1014 3907 1244 3972; x_wconf 79' lang='lat' dir='ltr'>simulationem</span> 
     </span>
    </p>
   </div>
   <div class='ocr_carea' id='block_1_3' title="bbox 73 4027 1244 4471">
    <p class='ocr_par' dir='ltr' id='par_1_9' title="bbox 73 4027 687 4112">
     <span class='ocr_line' id='line_1_33' title="bbox 73 4027 687 4112; baseline 0.002 -26"><span class='ocrx_word' id='word_1_268' title='bbox 73 4039 249 4112; x_wconf 75' lang='lat' dir='ltr'>correptum</span> <span class='ocrx_word' id='word_1_269' title='bbox 270 4038 411 4091; x_wconf 78' lang='lat' dir='ltr'>materno</span> <span class='ocrx_word' id='word_1_270' title='bbox 433 4027 507 4090; x_wconf 65' lang='lat' dir='ltr'>meo</span> <span class='ocrx_word' id='word_1_271' title='bbox 527 4027 687 4112; x_wconf 80' lang='lat' dir='ltr'>receperit.</span> 
     </span>
    </p>

    <p class='ocr_par' dir='ltr' id='par_1_10' title="bbox 142 4146 721 4196">
     <span class='ocr_line' id='line_1_34' title="bbox 142 4146 721 4196; baseline -0.003 -2"><span class='ocrx_word' id='word_1_272' title='bbox 142 4161 163 4194; x_wconf 71' lang='grc' dir='ltr'><strong>ι</strong></span> <span class='ocrx_word' id='word_1_273' title='bbox 187 4148 305 4194; x_wconf 81' lang='lat' dir='ltr'>iniusticia</span> <span class='ocrx_word' id='word_1_274' title='bbox 320 4163 339 4196; x_wconf 90' lang='lat' dir='ltr'>c.</span> <span class='ocrx_word' id='word_1_275' title='bbox 553 4147 576 4194; x_wconf 90' lang='lat' dir='ltr'>b.</span> <span class='ocrx_word' id='word_1_276' title='bbox 600 4146 685 4192; x_wconf 80' lang='lat' dir='ltr'>dificile</span> <span class='ocrx_word' id='word_1_277' title='bbox 701 4159 721 4192; x_wconf 85' lang='lat' dir='ltr'>e.</span> 
     </span>
    </p>

    <p class='ocr_par' dir='ltr' id='par_1_11' title="bbox 74 4219 1244 4471">
     <span class='ocr_line' id='line_1_35' title="bbox 141 4219 1243 4293; baseline -0.004 -13"><span class='ocrx_word' id='word_1_278' title='bbox 141 4225 168 4280; x_wconf 89' lang='lat'>1.</span> <span class='ocrx_word' id='word_1_279' title='bbox 187 4225 224 4280; x_wconf 91' lang='lat' dir='ltr'>V.</span> <span class='ocrx_word' id='word_1_280' title='bbox 242 4224 362 4280; x_wconf 84' lang='lat' dir='ltr'>Udalriei</span> <span class='ocrx_word' id='word_1_281' title='bbox 379 4223 619 4293; x_wconf 84' lang='lat' dir='ltr'>Babenbergensis</span> <span class='ocrx_word' id='word_1_282' title='bbox 636 4222 697 4278; x_wconf 78' lang='lat' dir='ltr'>cod</span> <span class='ocrx_word' id='word_1_283' title='bbox 715 4238 743 4276; x_wconf 93' lang='lat' dir='ltr'>n.</span> <span class='ocrx_word' id='word_1_284' title='bbox 757 4222 809 4276; x_wconf 82' lang='lat'>139</span> <span class='ocrx_word' id='word_1_285' title='bbox 827 4223 1031 4290; x_wconf 67' lang='lat' dir='ltr'>euprepius.</span> <span class='ocrx_word' id='word_1_286' title='bbox 1114 4221 1140 4274; x_wconf 82' lang='lat'>2.</span> <span class='ocrx_word' id='word_1_287' title='bbox 1159 4219 1243 4276; x_wconf 87' lang='lat' dir='ltr'>Hebr.</span> 
     </span>
     <span class='ocr_line' id='line_1_36' title="bbox 75 4308 1243 4380; baseline 0 -16"><span class='ocrx_word' id='word_1_288' title='bbox 75 4311 121 4379; x_wconf 81' lang='lat'>12,</span> <span class='ocrx_word' id='word_1_289' title='bbox 137 4313 165 4366; x_wconf 87' lang='lat' dir='ltr'>e.</span> <span class='ocrx_word' id='word_1_290' title='bbox 262 4314 288 4368; x_wconf 84' lang='lat'>3.</span> <span class='ocrx_word' id='word_1_291' title='bbox 314 4311 541 4380; x_wconf 78' lang='lat' dir='ltr'>1Reg.1o‚aa.</span> <span class='ocrx_word' id='word_1_292' title='bbox 632 4312 659 4366; x_wconf 84' lang='lat'>4.</span> <span class='ocrx_word' id='word_1_293' title='bbox 682 4309 825 4366; x_wconf 75' lang='lat' dir='ltr'>liuthardo</span> <span class='ocrx_word' id='word_1_294' title='bbox 848 4308 1055 4379; x_wconf 84' lang='lat' dir='ltr'>arehiepiseopo</span> <span class='ocrx_word' id='word_1_295' title='bbox 1073 4309 1243 4377; x_wconf 89' lang='lat' dir='ltr'>lloguutine.</span> 
     </span>
     <span class='ocr_line' id='line_1_37' title="bbox 74 4396 1244 4471; baseline 0.002 -20"><span class='ocrx_word' id='word_1_296' title='bbox 74 4396 98 4452; x_wconf 78' lang='lat'>5.</span> <span class='ocrx_word' id='word_1_297' title='bbox 115 4398 277 4470; x_wconf 69' lang='lat' dir='ltr'>llognmiae</span> <span class='ocrx_word' id='word_1_298' title='bbox 293 4399 339 4456; x_wconf 89' lang='lat' dir='ltr'>die</span> <span class='ocrx_word' id='word_1_299' title='bbox 355 4401 390 4456; x_wconf 77' lang='lat'>31</span> <span class='ocrx_word' id='word_1_300' title='bbox 403 4401 482 4455; x_wconf 82' lang='lat' dir='ltr'>biart</span> <span class='ocrx_word' id='word_1_301' title='bbox 496 4401 579 4471; x_wconf 75' lang='lat'>11073</span> <span class='ocrx_word' id='word_1_302' title='bbox 596 4415 624 4455; x_wconf 87' lang='lat' dir='ltr'>v.</span> <span class='ocrx_word' id='word_1_303' title='bbox 637 4397 737 4454; x_wconf 77' lang='lat' dir='ltr'>Annei.</span> <span class='ocrx_word' id='word_1_304' title='bbox 750 4397 852 4454; x_wconf 79' lang='lat' dir='ltr'>Saron</span> <span class='ocrx_word' id='word_1_305' title='bbox 866 4398 944 4452; x_wconf 80' lang='lat'>1107.</span> <span class='ocrx_word' id='word_1_306' title='bbox 1035 4399 1061 4451; x_wconf 87' lang='lat' dir='ltr'>s.</span> <span class='ocrx_word' id='word_1_307' title='bbox 1079 4397 1124 4452; x_wconf 87' lang='lat' dir='ltr'>Ps.</span> <span class='ocrx_word' id='word_1_308' title='bbox 1138 4397 1181 4468; x_wconf 77' lang='lat'>36,</span> <span class='ocrx_word' id='word_1_309' title='bbox 1200 4399 1244 4454; x_wconf 78' lang='grc'>86.</span> 
     </span>
    </p>
   </div>
   <div class='ocr_carea' id='block_1_4' title="bbox 0 0 1576 4850">
    <p class='ocr_par' dir='ltr' id='par_1_12' title="bbox 0 0 1576 4850">
     <span class='ocr_line' id='line_1_38' title="bbox 0 0 1576 4850; baseline 0 0"><span class='ocrx_word' id='word_1_310' title='bbox 0 0 1576 4850; x_wconf 95' lang='lat' dir='ltr'> </span> 
     </span>
    </p>
   </div>
  </div>
 </body>
</html>
