3142 4850
396 309 520 358 naonis
543 312 622 358 vrrs
645 310 804 360 orsurus.
838 313 934 359 erar
956 310 992 361 ao
1214 295 1277 360 611

105 467 212 550 citam,
236 467 415 536 hominibus
432 479 604 553 acceptam,
628 469 782 536 celebrem
798 470 929 552 augelis,
946 469 1120 536 terribilem
1136 469 1279 536 hostibus
1298 486 1450 540 liat-1123

106 584 297 650 -utiam
326 605 384 670 per
408 585 514 650 omnia
543 585 674 651 cenobia
701 591 812 651 nostm
839 586 898 652 sub
927 586 1115 652 auctoritate
1143 585 1280 671 Spiritus
1368 653 1376 668 ,

106 699 206 764 sancti
228 699 449 766 renovavimus
472 699 678 782 instituimus,
701 699 747 765 sic
762 700 910 786 deinceps
932 700 1088 784 integram
1110 700 1280 768 illibatam·

105 833 165 897 que
196 833 397 898 perseverare
426 815 602 880 sanccimus
637 822 730 899 atque
760 815 990 895 deceruimus·;
1025 816 1279 882 commendantes

105 948 175 994 eam
206 929 263 995 sub
292 931 473 996 testimonio
496 929 615 996 Christi
638 935 670 995 et
692 930 822 996 ecclesie
845 930 951 1013 vobis,
976 929 1083 996 electis
1105 931 1279 996 rectoribus

105 1061 143 1109 ac
157 1044 281 1110 dilectis
302 1044 464 1128 fratribus,
488 1065 616 1129 pervus
640 1044 862 1111 nichilominus
878 1046 1159 1112 commendandam
1178 1047 1279 1111 omni-

105 1159 164 1225 bus
186 1161 300 1226 vestris
324 1160 565 1226 successoribus.
644 1159 706 1232 ,De
726 1166 830 1226 cetero
850 1162 883 1226 in
904 1160 1031 1227 nomine
1047 1161 1175 1228 Domini
1191 1161 1279 1227 vobis

103 1273 327 1342 benedicimus.
374 1275 473 1340 Testis
504 1280 586 1340 enim
615 1277 712 1340 rniche'
739 1290 782 1342 eat
810 1279 916 1356 Deae,
946 1276 1123 1363 quomodol
1153 1281 1280 1363 creptam

104 1413 210 1455 omnes
233 1413 286 1456 voe
309 1394 344 1456 r’ra
367 1390 485 1456 Chresti
505 1387 731 1458 nisccr·ides¹“.

194 1505 253 1570 llis
275 1505 433 1572 mellifluis
456 1512 489 1571 et
512 1506 754 1573 auctorabilibus
778 1507 859 1572 tanti
883 1509 983 1592 patris
999 1507 1102 1574 verbis
1119 1507 1280 1574 evidenter

103 1620 183 1686 satia
207 1620 400 1704 declaratur,
429 1640 523 1705 quam
547 1622 657 1688 intimo
681 1627 714 1687 et
734 1621 979 1704 flagrantissimo
1002 1623 1115 1689 affectu
1137 1630 1279 1688 sanctam

102 1734 277 1802 monastice
300 1737 504 1822 professionis
527 1737 711 1820 religionem
734 1737 930 1804 adamaverit
945 1745 1100 1820 quantave
1115 1737 1280 1820 diligentia

102 1871 190 1934 earn,
218 1851 252 1918 in
275 1852 513 1936 quibuscunque
537 1858 661 1937 poterat
683 1851 776 1934 loeis,
805 1851 861 1917 sed
890 1852 1088 1937 potissimum
1113 1853 1198 1938 apud
1221 1873 1279 1918 nos

101 1987 281 2052 propagare
305 1969 470 2033 studuerit.
561 1968 644 2050 Qua,
668 1971 704 2033 ut
726 1966 942 2049 desiderabat,
967 1967 1034 2033 Deo
1057 1968 1183 2033 furente
1205 1988 1279 2054 pro-

101 2087 221 2167 pagata
259 2082 471 2166 fratribusque
511 2089 575 2148 tam
611 2083 724 2148 meritc
758 2101 852 2166 quam
886 2102 1017 2148 numero
1049 2083 1278 2168 multiplicatis,

103 2199 202 2264 etiam
234 2197 429 2264 materialem
462 2197 591 2264 ecclesie
623 2197 776 2263 fabricam
804 2217 875 2262 cum
913 2196 1067 2263 universis
1095 2199 1278 2264 monasterii

102 2309 238 2379 officinis
271 2311 450 2378 necessaria
477 2317 510 2378 et
537 2313 723 2395 congruenti
746 2311 954 2396 amplitudine
982 2311 1116 2380 dilatare
1139 2315 1278 2393 curavit;

101 2434 266 2513 mquam
295 2434 327 2495 et
349 2429 395 2495 ei⁰
419 2428 598 2513 spirituales
626 2427 683 2494 lilii
707 2427 755 2493 sui
779 2426 949 2493 affectuosa
971 2430 1178 2495 unanimitate
1206 2450 1279 2515 pro·

100 2544 293 2611 clamarent:
325 2546 489 2630 Aequitas
518 2545 614 2609 michi
646 2558 690 2609 eat
719 2545 805 2609 loona
835 2568 942 2611 coram
973 2558 1017 2623 tc,
1044 2546 1108 2628 fac
1135 2549 1279 2630 spacium

100 2660 215 2740 miehi,
247 2674 282 2727 ut
303 2655 500 2727 inhabitanti
541 2658 584 2725 Et
607 2679 625 2723 o
648 2658 758 2725 beatus
781 2658 850 2742 ille,
880 2658 1106 2743 qui„tandem
1130 2659 1279 2725 desiderii

100 2776 165 2858 sui,
189 2775 272 2859 quod
294 2776 327 2841 iu
352 2774 597 2860 multiplicandis
620 2772 776 2855 religiosis
795 2774 946 2841 fratribus
962 2774 1126 2855 habuerat,
1149 2793 1278 2859 compos

100 2889 243 2973 effectus,
266 2892 356 2956 iuxta
378 2890 576 2977 prophetiam
594 2888 687 2955 Ysaie
710 2890 881 2955 aDomino
905 2889 1013 2955 audire
1036 2889 1166 2954 meruit:
1190 2891 1279 2955 Leve

99 3010 137 3071 in
162 3010 296 3071 mrcuita
319 3008 423 3071 oculos
447 3020 515 3071 teos
539 3018 567 3069 et
590 3008 668 3069 cide.
708 3005 823 3071 Omnes
844 3009 900 3071 isti
921 3009 1104 3091 congregrati
1117 3018 1199 3084 auat,
1224 3028 1276 3071 oe-

98 3135 217 3187 noant
239 3124 305 3187 tihi.
348 3123 424 3187 Vico
449 3144 521 3207 epo,
551 3123 629 3185 dicit
651 3120 827 3201 Dominus,
858 3125 935 3205 quia
957 3122 1101 3185 omnibus
1123 3122 1172 3184 his
1195 3122 1278 3185 velut

100 3251 286 3303 mammio
320 3240 474 3317 certioris,
511 3250 540 3301 ct
575 3238 782 3303 circumdabis
817 3238 876 3301 tibi
909 3258 959 3300 eor
993 3238 1074 3301 sicut
1104 3238 1279 3301 circumdet

98 3346 237 3439 spomc³
261 3354 376 3418 monile
405 3354 467 3417 mhi
495 3346 698 3438 preciosum.
739 3350 901 3429 Quomodo
931 3350 1014 3417 enim
1036 3370 1099 3415 non
1126 3351 1278 3433 gauderet

100 3472 135 3534 et
164 3467 411 3551 gratulabundus
440 3466 588 3533 iubilaret
610 3466 763 3549 Domino,
792 3486 863 3531 cum
892 3486 954 3531 non
977 3465 1079 3532 solum
1103 3486 1142 3531 ex
1165 3465 1277 3531 vicinis

99 3582 159 3649 sed
187 3583 283 3648 etiam
313 3583 352 3649 de
380 3582 561 3666 longinquis
585 3581 754 3647 multorum
778 3582 940 3665 regionum
971 3581 1115 3666 partibus
1137 3580 1276 3647 illustres

98 3716 243 3783 quosque
267 3703 299 3764 et
322 3698 480 3783 sapientes
503 3717 541 3763 ac
564 3698 760 3762 diversarum
784 3698 900 3761 artium
928 3697 1066 3763 imbutos
1094 3696 1214 3782 pericia
1236 3697 1277 3761 ad

96 3813 206 3879 locum
230 3813 342 3879 dilecte
365 3812 571 3897 requietionis
598 3832 653 3877 sue
673 3811 862 3895 'congregari
885 3816 1035 3877 cerneret
1076 3810 1160 3887 Quos
1183 3810 1276 3875 uimi-

96 3940 173 3995 ram
197 3928 278 3995 bone
301 3928 458 4013 opinionis
487 3927 555 3993 eius
578 3928 678 4010 fama,
709 3948 767 4011 per
789 3932 890 3993 totam
913 3925 1043 3991 ecclesie
1065 3925 1193 3991 domum
1216 3924 1276 3991 dif-

95 4044 183 4125 iuaa,
208 4050 239 4109 et
260 4042 419 4109 indefessa
441 4043 553 4125 oratio,
577 4062 637 4126 que
654 4040 895 4109 elemosinarum
910 4040 1057 4122 largitate
1079 4040 1275 4123 fulciebatur,

94 4158 158 4224 illo
182 4162 365 4225 attraxerat.
401 4158 459 4223 His
478 4178 592 4243 nempe
611 4156 822 4223 devotissimis
844 4155 918 4221 filiis
941 4156 1030 4238 quasi
1053 4153 1181 4221 floribus
1204 4174 1275 4240 spe-

176 4321 196 4352 n
221 4307 362 4354 decrevimus
380 4306 405 4355 C.
499 4308 521 4353 b.
546 4306 652 4366 qnoniam
668 4306 698 4353 B.
791 4318 811 4352 c.
835 4307 869 4353 eia
888 4304 912 4352 Ο.

176 4404 200 4455 1.
219 4401 336 4471 Phurpp.
348 4404 371 4472 1,
384 4404 410 4457 s.
465 4404 490 4457 a.
510 4401 683 4470 hernac.
738 4403 763 4455 e.
783 4400 953 4469 seruere.
1007 4396 1275 4468 4.ot.1sai.et,1o.

1002 4495 1063 4551 aarea
