<?xml version="1.0" encoding="UTF-8"?>
<!DOCTYPE html PUBLIC "-//W3C//DTD XHTML 1.0 Transitional//EN"
    "http://www.w3.org/TR/xhtml1/DTD/xhtml1-transitional.dtd">
<html xmlns="http://www.w3.org/1999/xhtml" xml:lang="en" lang="en">
 <head>
  <title>
</title>
<meta http-equiv="Content-Type" content="text/html;charset=utf-8" />
  <meta name='ocr-system' content='tesseract 3.04.00' />
  <meta name='ocr-capabilities' content='ocr_page ocr_carea ocr_par ocr_line ocrx_word'/>
</head>
<body>
  <div class='ocr_page' id='page_1' title='image "./bibliothecareru06jaffgoog_0839.png"; bbox 0 0 3142 4850; ppageno 0'>
   <div class='ocr_carea' id='block_1_1' title="bbox 331 314 1218 380">
    <p class='ocr_par' dir='ltr' id='par_1_1' title="bbox 331 314 1218 380">
     <span class='ocr_line' id='line_1_1' title="bbox 331 314 1218 380; baseline -0.002 0"><span class='ocrx_word' id='word_1_1' title='bbox 331 314 396 380; x_wconf 82' lang='lat'><strong>826</strong></span> <span class='ocrx_word' id='word_1_2' title='bbox 621 328 803 379; x_wconf 79' lang='lat' dir='ltr'><strong>nannoanr</strong></span> <span class='ocrx_word' id='word_1_3' title='bbox 824 328 1005 379; x_wconf 73' lang='lat' dir='ltr'><strong>omneque.</strong></span> <span class='ocrx_word' id='word_1_4' title='bbox 1040 330 1107 378; x_wconf 86' lang='lat' dir='ltr'><strong>nm.</strong></span> <span class='ocrx_word' id='word_1_5' title='bbox 1121 330 1163 378; x_wconf 89' lang='lat' dir='ltr'><strong>m</strong></span> <span class='ocrx_word' id='word_1_6' title='bbox 1183 328 1218 379; x_wconf 85' lang='lat' dir='ltr'><strong>aa</strong></span> 
     </span>
    </p>
   </div>
   <div class='ocr_carea' id='block_1_2' title="bbox 161 488 1507 4055">
    <p class='ocr_par' dir='ltr' id='par_1_2' title="bbox 329 488 1507 1041">
     <span class='ocr_line' id='line_1_2' title="bbox 331 488 1505 576; baseline -0.003 -18"><span class='ocrx_word' id='word_1_7' title='bbox 331 492 522 575; x_wconf 87' lang='lat' dir='ltr'><strong>iungeretur.</strong></span> <span class='ocrx_word' id='word_1_8' title='bbox 568 490 653 557; x_wconf 91' lang='lat' dir='ltr'><strong>Dum</strong></span> <span class='ocrx_word' id='word_1_9' title='bbox 681 491 740 558; x_wconf 88' lang='lat' dir='ltr'><strong>heo</strong></span> <span class='ocrx_word' id='word_1_10' title='bbox 762 489 837 557; x_wconf 84' lang='lat' dir='ltr'><strong>Otto</strong></span> <span class='ocrx_word' id='word_1_11' title='bbox 865 489 976 557; x_wconf 82' lang='lat' dir='ltr'><strong>crebro</strong></span> <span class='ocrx_word' id='word_1_12' title='bbox 1004 494 1162 576; x_wconf 84' lang='lat' dir='ltr'><strong>moueret,</strong></span> <span class='ocrx_word' id='word_1_13' title='bbox 1191 509 1296 558; x_wconf 90' lang='lat' dir='ltr'><strong>sermo</strong></span> <span class='ocrx_word' id='word_1_14' title='bbox 1324 488 1366 556; x_wconf 85' lang='lat' dir='ltr'><strong>ad</strong></span> <span class='ocrx_word' id='word_1_15' title='bbox 1392 488 1505 556; x_wconf 83' lang='lat' dir='ltr'><strong>duesm</strong></span> 
     </span>
     <span class='ocr_line' id='line_1_3' title="bbox 331 604 1507 695; baseline -0.003 -21"><span class='ocrx_word' id='word_1_16' title='bbox 331 608 471 695; x_wconf 77' lang='lat' dir='ltr'><strong>perlatus</strong></span> <span class='ocrx_word' id='word_1_17' title='bbox 500 612 560 674; x_wconf 82' lang='lat' dir='ltr'><strong>est·</strong></span> <span class='ocrx_word' id='word_1_18' title='bbox 604 604 711 671; x_wconf 89' lang='lat' dir='ltr'><strong>Primo</strong></span> <span class='ocrx_word' id='word_1_19' title='bbox 735 606 821 693; x_wconf 86' lang='lat' dir='ltr'><strong>opud</strong></span> <span class='ocrx_word' id='word_1_20' title='bbox 842 625 878 672; x_wconf 89' lang='lat' dir='ltr'><strong>se</strong></span> <span class='ocrx_word' id='word_1_21' title='bbox 898 605 954 673; x_wconf 86' lang='lat' dir='ltr'><strong>illo</strong></span> <span class='ocrx_word' id='word_1_22' title='bbox 974 611 1113 673; x_wconf 60' lang='lat' dir='ltr'><strong>traoure</strong></span> <span class='ocrx_word' id='word_1_23' title='bbox 1134 608 1235 694; x_wconf 84' lang='lat' dir='ltr'><strong>oepit,</strong></span> <span class='ocrx_word' id='word_1_24' title='bbox 1264 606 1380 672; x_wconf 90' lang='lat' dir='ltr'><strong>deinde</strong></span> <span class='ocrx_word' id='word_1_25' title='bbox 1401 605 1507 671; x_wconf 87' lang='lat' dir='ltr'><strong>oonsi-</strong></span> 
     </span>
     <span class='ocr_line' id='line_1_4' title="bbox 329 719 1507 809; baseline -0.003 -19"><span class='ocrx_word' id='word_1_26' title='bbox 329 724 406 790; x_wconf 91' lang='lat' dir='ltr'><strong>lium</strong></span> <span class='ocrx_word' id='word_1_27' title='bbox 436 742 508 789; x_wconf 90' lang='lat' dir='ltr'><strong>oum</strong></span> <span class='ocrx_word' id='word_1_28' title='bbox 537 720 609 788; x_wconf 84' lang='lat' dir='ltr'><strong>aliis</strong></span> <span class='ocrx_word' id='word_1_29' title='bbox 638 722 769 805; x_wconf 87' lang='lat' dir='ltr'><strong>habere,</strong></span> <span class='ocrx_word' id='word_1_30' title='bbox 800 722 1002 807; x_wconf 89' lang='lat' dir='ltr'><strong>postmodum</strong></span> <span class='ocrx_word' id='word_1_31' title='bbox 1029 728 1136 790; x_wconf 89' lang='lat' dir='ltr'><strong>autem</strong></span> <span class='ocrx_word' id='word_1_32' title='bbox 1162 724 1267 809; x_wconf 88' lang='lat' dir='ltr'><strong>ipsum</strong></span> <span class='ocrx_word' id='word_1_33' title='bbox 1290 722 1443 788; x_wconf 83' lang='lat' dir='ltr'><strong>Ottonom</strong></span> <span class='ocrx_word' id='word_1_34' title='bbox 1466 719 1507 786; x_wconf 82' lang='lat' dir='ltr'><strong>ad</strong></span> 
     </span>
     <span class='ocr_line' id='line_1_5' title="bbox 330 835 1506 923; baseline -0.005 -16"><span class='ocrx_word' id='word_1_35' title='bbox 330 838 495 907; x_wconf 79' lang='lat' dir='ltr'><strong>eonsilium</strong></span> <span class='ocrx_word' id='word_1_36' title='bbox 512 856 635 921; x_wconf 79' lang='lat' dir='ltr'><strong>vocare,</strong></span> <span class='ocrx_word' id='word_1_37' title='bbox 660 836 785 923; x_wconf 85' lang='lat' dir='ltr'><strong>plenius</strong></span> <span class='ocrx_word' id='word_1_38' title='bbox 807 838 848 903; x_wconf 85' lang='lat' dir='ltr'><strong>ab</strong></span> <span class='ocrx_word' id='word_1_39' title='bbox 870 857 908 905; x_wconf 83' lang='lat' dir='ltr'><strong>eo</strong></span> <span class='ocrx_word' id='word_1_40' title='bbox 930 857 998 905; x_wconf 84' lang='lat' dir='ltr'><strong>rem</strong></span> <span class='ocrx_word' id='word_1_41' title='bbox 1019 840 1212 923; x_wconf 72' lang='lat' dir='ltr'><strong>cogniturus.</strong></span> <span class='ocrx_word' id='word_1_42' title='bbox 1302 837 1416 922; x_wconf 77' lang='lat' dir='ltr'><strong>Itaque</strong></span> <span class='ocrx_word' id='word_1_43' title='bbox 1430 835 1506 902; x_wconf 82' lang='lat' dir='ltr'><strong>Otto</strong></span> 
     </span>
     <span class='ocr_line' id='line_1_6' title="bbox 331 950 1507 1041; baseline -0.003 -20"><span class='ocrx_word' id='word_1_44' title='bbox 331 990 373 1001; x_wconf 87' lang='lat'><em>-</em></span> <span class='ocrx_word' id='word_1_45' title='bbox 398 954 437 1021; x_wconf 88' lang='lat' dir='ltr'><strong>ds</strong></span> <span class='ocrx_word' id='word_1_46' title='bbox 466 950 674 1041; x_wconf 87' lang='lat' dir='ltr'><strong>imperatore¹</strong></span> <span class='ocrx_word' id='word_1_47' title='bbox 699 972 736 1020; x_wconf 87' lang='lat' dir='ltr'><strong>ao</strong></span> <span class='ocrx_word' id='word_1_48' title='bbox 758 954 903 1039; x_wconf 87' lang='lat' dir='ltr'><strong>potentia</strong></span> <span class='ocrx_word' id='word_1_49' title='bbox 923 955 1014 1037; x_wconf 85' lang='lat' dir='ltr'><strong>regni</strong></span> <span class='ocrx_word' id='word_1_50' title='bbox 1036 954 1200 1021; x_wconf 77' lang='lat' dir='ltr'>Teutonici</span> <span class='ocrx_word' id='word_1_51' title='bbox 1221 958 1255 1021; x_wconf 91' lang='lat' dir='ltr'><strong>et</strong></span> <span class='ocrx_word' id='word_1_52' title='bbox 1276 954 1318 1019; x_wconf 84' lang='lat' dir='ltr'><strong>de</strong></span> <span class='ocrx_word' id='word_1_53' title='bbox 1337 951 1507 1018; x_wconf 82' lang='lat' dir='ltr'><strong>nobilitato</strong></span> 
     </span>
    </p>

    <p class='ocr_par' dir='ltr' id='par_1_3' title="bbox 161 1068 1506 3362">
     <span class='ocr_line' id='line_1_7' title="bbox 161 1068 1506 1157; baseline -0.001 -24"><span class='ocrx_word' id='word_1_54' title='bbox 161 1081 226 1147; x_wconf 79' lang='lat' dir='ltr'><strong>poso</strong></span> <span class='ocrx_word' id='word_1_55' title='bbox 243 1078 312 1135; x_wconf 80' lang='lat'>1087</span> <span class='ocrx_word' id='word_1_56' title='bbox 331 1071 484 1157; x_wconf 83' lang='lat' dir='ltr'><strong>prinoipis</strong></span> <span class='ocrx_word' id='word_1_57' title='bbox 508 1089 609 1157; x_wconf 81' lang='lat' dir='ltr'><strong>panos</strong></span> <span class='ocrx_word' id='word_1_58' title='bbox 631 1069 819 1156; x_wconf 87' lang='lat' dir='ltr'><strong>premittens</strong></span> <span class='ocrx_word' id='word_1_59' title='bbox 835 1091 894 1135; x_wconf 76' lang='grc' dir='ltr'><strong>-ε</strong></span> <span class='ocrx_word' id='word_1_60' title='bbox 918 1069 958 1136; x_wconf 90' lang='lat' dir='ltr'><strong>de</strong></span> <span class='ocrx_word' id='word_1_61' title='bbox 980 1070 1134 1136; x_wconf 82' lang='lat' dir='ltr'><strong>uiduitate</strong></span> <span class='ocrx_word' id='word_1_62' title='bbox 1156 1070 1274 1135; x_wconf 89' lang='lat' dir='ltr'><strong>sororis</strong></span> <span class='ocrx_word' id='word_1_63' title='bbox 1297 1070 1367 1135; x_wconf 88' lang='lat' dir='ltr'><strong>eius</strong></span> <span class='ocrx_word' id='word_1_64' title='bbox 1390 1068 1506 1134; x_wconf 87' lang='lat' dir='ltr'><strong>domne</strong></span> 
     </span>
     <span class='ocr_line' id='line_1_8' title="bbox 331 1183 1504 1273; baseline -0.003 -20"><span class='ocrx_word' id='word_1_65' title='bbox 331 1184 447 1268; x_wconf 81' lang='lat' dir='ltr'><strong>ludite3</strong></span> <span class='ocrx_word' id='word_1_66' title='bbox 470 1184 618 1271; x_wconf 89' lang='lat' dir='ltr'><strong>qnodque</strong></span> <span class='ocrx_word' id='word_1_67' title='bbox 638 1184 822 1271; x_wconf 83' lang='lat' dir='ltr'><strong>imperator,</strong></span> <span class='ocrx_word' id='word_1_68' title='bbox 845 1185 941 1268; x_wconf 86' lang='lat' dir='ltr'><strong>digno</strong></span> <span class='ocrx_word' id='word_1_69' title='bbox 963 1205 1034 1251; x_wconf 83' lang='lat' dir='ltr'><strong>eam</strong></span> <span class='ocrx_word' id='word_1_70' title='bbox 1056 1186 1201 1270; x_wconf 88' lang='lat' dir='ltr'><strong>ooniugio</strong></span> <span class='ocrx_word' id='word_1_71' title='bbox 1219 1185 1371 1273; x_wconf 84' lang='lat' dir='ltr'><strong>eopulare</strong></span> <span class='ocrx_word' id='word_1_72' title='bbox 1385 1183 1504 1265; x_wconf 72' lang='lat' dir='ltr'><strong>uolens,</strong></span> 
     </span>
     <span class='ocr_line' id='line_1_9' title="bbox 331 1300 1505 1386; baseline -0.004 -17"><span class='ocrx_word' id='word_1_73' title='bbox 331 1302 514 1386; x_wconf 73' lang='lat' dir='ltr'><strong>aliquandiu</strong></span> <span class='ocrx_word' id='word_1_74' title='bbox 530 1320 598 1367; x_wconf 88' lang='lat' dir='ltr'><strong>eam</strong></span> <span class='ocrx_word' id='word_1_75' title='bbox 615 1320 678 1366; x_wconf 92' lang='lat' dir='ltr'><strong>non</strong></span> <span class='ocrx_word' id='word_1_76' title='bbox 695 1300 763 1367; x_wconf 86' lang='lat' dir='ltr'><strong>sine</strong></span> <span class='ocrx_word' id='word_1_77' title='bbox 777 1300 885 1368; x_wconf 85' lang='lat' dir='ltr'><strong>labore</strong></span> <span class='ocrx_word' id='word_1_78' title='bbox 900 1302 1088 1383; x_wconf 84' lang='lat' dir='ltr'><strong>servaverit3</strong></span> <span class='ocrx_word' id='word_1_79' title='bbox 1110 1301 1234 1368; x_wconf 86' lang='lat' dir='ltr'><strong>ielioem</strong></span> <span class='ocrx_word' id='word_1_80' title='bbox 1248 1302 1328 1384; x_wconf 81' lang='lat' dir='ltr'><strong>fore,</strong></span> <span class='ocrx_word' id='word_1_81' title='bbox 1348 1300 1402 1366; x_wconf 86' lang='lat' dir='ltr'><strong>cui</strong></span> <span class='ocrx_word' id='word_1_82' title='bbox 1417 1304 1505 1364; x_wconf 64' lang='lat' dir='ltr'><strong>unta</strong></span> 
     </span>
     <span class='ocr_line' id='line_1_10' title="bbox 332 1416 1505 1505; baseline -0.002 -22"><span class='ocrx_word' id='word_1_83' title='bbox 332 1416 592 1505; x_wconf 83' lang='lat' dir='ltr'><strong>pulohritudinis,</strong></span> <span class='ocrx_word' id='word_1_84' title='bbox 623 1422 711 1483; x_wconf 83' lang='lat' dir='ltr'><strong>tante</strong></span> <span class='ocrx_word' id='word_1_85' title='bbox 739 1416 914 1484; x_wconf 86' lang='lat' dir='ltr'><strong>nobilitatis</strong></span> <span class='ocrx_word' id='word_1_86' title='bbox 941 1416 1053 1484; x_wconf 82' lang='lat' dir='ltr'><strong>thorus</strong></span> <span class='ocrx_word' id='word_1_87' title='bbox 1081 1419 1285 1502; x_wconf 70' lang='lat' dir='ltr'><strong>contingeret</strong></span> <span class='ocrx_word' id='word_1_88' title='bbox 1331 1416 1386 1492; x_wconf 82' lang='lat' dir='ltr'><strong>Ex</strong></span> <span class='ocrx_word' id='word_1_89' title='bbox 1415 1420 1505 1502; x_wconf 78' lang='lat' dir='ltr'><strong>parto</strong></span> 
     </span>
     <span class='ocr_line' id='line_1_11' title="bbox 333 1530 1504 1619; baseline -0.003 -20"><span class='ocrx_word' id='word_1_90' title='bbox 333 1538 436 1601; x_wconf 83' lang='lat' dir='ltr'><strong>sutem</strong></span> <span class='ocrx_word' id='word_1_91' title='bbox 460 1533 548 1599; x_wconf 83' lang='lat' dir='ltr'><strong>dunis</strong></span> <span class='ocrx_word' id='word_1_92' title='bbox 571 1531 735 1599; x_wconf 85' lang='lat' dir='ltr'><strong>monebat:</strong></span> <span class='ocrx_word' id='word_1_93' title='bbox 758 1532 844 1599; x_wconf 85' lang='lat' dir='ltr'><strong>ultra</strong></span> <span class='ocrx_word' id='word_1_94' title='bbox 865 1533 899 1598; x_wconf 93' lang='lat' dir='ltr'><strong>in</strong></span> <span class='ocrx_word' id='word_1_95' title='bbox 920 1533 1040 1619; x_wconf 86' lang='lat' dir='ltr'><strong>nuptiis</strong></span> <span class='ocrx_word' id='word_1_96' title='bbox 1056 1532 1203 1600; x_wconf 75' lang='lat' dir='ltr'><strong>nichil‘ei</strong></span> <span class='ocrx_word' id='word_1_97' title='bbox 1223 1533 1422 1618; x_wconf 89' lang='lat' dir='ltr'><strong>querendum</strong></span> <span class='ocrx_word' id='word_1_98' title='bbox 1444 1530 1504 1597; x_wconf 82' lang='lat' dir='ltr'><strong>nisi</strong></span> 
     </span>
     <span class='ocr_line' id='line_1_12' title="bbox 331 1646 1504 1736; baseline -0.003 -19"><span class='ocrx_word' id='word_1_99' title='bbox 331 1651 450 1717; x_wconf 81' lang='lat' dir='ltr'><strong>amieos</strong></span> <span class='ocrx_word' id='word_1_100' title='bbox 478 1668 577 1732; x_wconf 86' lang='lat' dir='ltr'><strong>genus</strong></span> <span class='ocrx_word' id='word_1_101' title='bbox 605 1653 638 1716; x_wconf 88' lang='lat' dir='ltr'><strong>et</strong></span> <span class='ocrx_word' id='word_1_102' title='bbox 658 1649 851 1734; x_wconf 72' lang='lat' dir='ltr'><strong>potentiam</strong></span> <span class='ocrx_word' id='word_1_103' title='bbox 880 1655 991 1735; x_wconf 81' lang='lat' dir='ltr'><strong>utpote</strong></span> <span class='ocrx_word' id='word_1_104' title='bbox 1012 1652 1064 1716; x_wconf 91' lang='lat' dir='ltr'><strong>oui</strong></span> <span class='ocrx_word' id='word_1_105' title='bbox 1086 1668 1163 1736; x_wconf 87' lang='lat' dir='ltr'><strong>opes</strong></span> <span class='ocrx_word' id='word_1_106' title='bbox 1185 1649 1331 1716; x_wconf 87' lang='lat' dir='ltr'><strong>habunde</strong></span> <span class='ocrx_word' id='word_1_107' title='bbox 1354 1646 1504 1734; x_wconf 75' lang='lat' dir='ltr'><strong>suppedi</strong></span> 
     </span>
     <span class='ocr_line' id='line_1_13' title="bbox 331 1763 1504 1852; baseline -0.003 -20"><span class='ocrx_word' id='word_1_108' title='bbox 331 1770 445 1833; x_wconf 66' lang='lat' dir='ltr'><strong>urent</strong></span> <span class='ocrx_word' id='word_1_109' title='bbox 480 1764 561 1843; x_wconf 86' lang='lat' dir='ltr'><strong>Quid</strong></span> <span class='ocrx_word' id='word_1_110' title='bbox 585 1765 696 1852; x_wconf 79' lang='lat' dir='ltr'><strong>plural</strong></span> <span class='ocrx_word' id='word_1_111' title='bbox 730 1763 805 1830; x_wconf 83' lang='lat' dir='ltr'><strong>Dux</strong></span> <span class='ocrx_word' id='word_1_112' title='bbox 827 1766 897 1851; x_wconf 88' lang='lat' dir='ltr'><strong>ipse</strong></span> <span class='ocrx_word' id='word_1_113' title='bbox 920 1784 1090 1851; x_wconf 83' lang='lat' dir='ltr'><strong>omnesque</strong></span> <span class='ocrx_word' id='word_1_114' title='bbox 1104 1765 1228 1832; x_wconf 82' lang='lat' dir='ltr'><strong>consilii</strong></span> <span class='ocrx_word' id='word_1_115' title='bbox 1242 1766 1310 1832; x_wconf 92' lang='lat' dir='ltr'><strong>eius</strong></span> <span class='ocrx_word' id='word_1_116' title='bbox 1328 1764 1504 1850; x_wconf 77' lang='lat' dir='ltr'><strong>participes</strong></span> 
     </span>
     <span class='ocr_line' id='line_1_14' title="bbox 332 1879 1504 1966; baseline -0.003 -17"><span class='ocrx_word' id='word_1_117' title='bbox 332 1881 434 1949; x_wconf 87' lang='lat' dir='ltr'><strong>aDoo</strong></span> <span class='ocrx_word' id='word_1_118' title='bbox 458 1900 633 1949; x_wconf 86' lang='lat' dir='ltr'><strong>sermonem</strong></span> <span class='ocrx_word' id='word_1_119' title='bbox 658 1902 726 1948; x_wconf 85' lang='lat' dir='ltr'><strong>osse</strong></span> <span class='ocrx_word' id='word_1_120' title='bbox 749 1883 867 1950; x_wconf 81' lang='lat' dir='ltr'><strong>dieunt</strong></span> <span class='ocrx_word' id='word_1_121' title='bbox 901 1881 982 1949; x_wconf 88' lang='lat' dir='ltr'><strong>Dein</strong></span> <span class='ocrx_word' id='word_1_122' title='bbox 1006 1882 1108 1966; x_wconf 89' lang='lat' dir='ltr'><strong>magis</strong></span> <span class='ocrx_word' id='word_1_123' title='bbox 1128 1902 1165 1948; x_wconf 87' lang='lat' dir='ltr'><strong>ao</strong></span> <span class='ocrx_word' id='word_1_124' title='bbox 1180 1882 1280 1965; x_wconf 82' lang='lat' dir='ltr'><strong>magis</strong></span> <span class='ocrx_word' id='word_1_125' title='bbox 1295 1881 1410 1947; x_wconf 85' lang='lat' dir='ltr'><strong>duoem</strong></span> <span class='ocrx_word' id='word_1_126' title='bbox 1434 1879 1504 1945; x_wconf 82' lang='lat' dir='ltr'><strong>luor-</strong></span> 
     </span>
     <span class='ocr_line' id='line_1_15' title="bbox 330 1995 1503 2085; baseline -0.003 -20"><span class='ocrx_word' id='word_1_127' title='bbox 330 2003 439 2065; x_wconf 85' lang='lat' dir='ltr'><strong>tantur</strong></span> <span class='ocrx_word' id='word_1_128' title='bbox 462 1998 521 2081; x_wconf 86' lang='lat' dir='ltr'><strong>sni,</strong></span> <span class='ocrx_word' id='word_1_129' title='bbox 545 2003 675 2064; x_wconf 89' lang='lat' dir='ltr'><strong>monent</strong></span> <span class='ocrx_word' id='word_1_130' title='bbox 698 1998 824 2085; x_wconf 89' lang='lat' dir='ltr'><strong>publioe</strong></span> <span class='ocrx_word' id='word_1_131' title='bbox 846 2018 884 2064; x_wconf 88' lang='lat' dir='ltr'><strong>ao</strong></span> <span class='ocrx_word' id='word_1_132' title='bbox 904 1998 1070 2084; x_wconf 83' lang='lat' dir='ltr'><strong>privatim:</strong></span> <span class='ocrx_word' id='word_1_133' title='bbox 1093 1998 1154 2063; x_wconf 87' lang='lat' dir='ltr'><strong>hoo</strong></span> <span class='ocrx_word' id='word_1_134' title='bbox 1175 2003 1241 2063; x_wconf 92' lang='lat' dir='ltr'><strong>tam</strong></span> <span class='ocrx_word' id='word_1_135' title='bbox 1264 1998 1379 2080; x_wconf 85' lang='lat' dir='ltr'><strong>ingena</strong></span> <span class='ocrx_word' id='word_1_136' title='bbox 1398 1995 1503 2077; x_wconf 82' lang='lat' dir='ltr'><strong>deous,</strong></span> 
     </span>
     <span class='ocr_line' id='line_1_16' title="bbox 330 2111 1502 2200; baseline -0.003 -19"><span class='ocrx_word' id='word_1_137' title='bbox 330 2121 397 2181; x_wconf 88' lang='lat' dir='ltr'><strong>tam</strong></span> <span class='ocrx_word' id='word_1_138' title='bbox 421 2118 575 2200; x_wconf 85' lang='lat' dir='ltr'><strong>oportune</strong></span> <span class='ocrx_word' id='word_1_139' title='bbox 589 2114 767 2181; x_wconf 85' lang='lat' dir='ltr'><strong>venientem</strong></span> <span class='ocrx_word' id='word_1_140' title='bbox 791 2113 924 2199; x_wconf 82' lang='lat' dir='ltr'><strong>gloriam</strong></span> <span class='ocrx_word' id='word_1_141' title='bbox 939 2119 1063 2181; x_wconf 86' lang='lat' dir='ltr'><strong>mature</strong></span> <span class='ocrx_word' id='word_1_142' title='bbox 1077 2114 1277 2199; x_wconf 89' lang='lat' dir='ltr'><strong>oaptandam.</strong></span> <span class='ocrx_word' id='word_1_143' title='bbox 1311 2111 1376 2178; x_wconf 89' lang='lat' dir='ltr'><strong>Ubi</strong></span> <span class='ocrx_word' id='word_1_144' title='bbox 1399 2117 1502 2178; x_wconf 81' lang='lat' dir='ltr'><strong>antem</strong></span> 
     </span>
     <span class='ocr_line' id='line_1_17' title="bbox 331 2228 1502 2317; baseline -0.003 -20"><span class='ocrx_word' id='word_1_145' title='bbox 331 2230 373 2297; x_wconf 86' lang='lat' dir='ltr'><strong>ad</strong></span> <span class='ocrx_word' id='word_1_146' title='bbox 395 2230 523 2317; x_wconf 88' lang='lat' dir='ltr'><strong>plenum</strong></span> <span class='ocrx_word' id='word_1_147' title='bbox 547 2228 618 2295; x_wconf 89' lang='lat' dir='ltr'><strong>duoi</strong></span> <span class='ocrx_word' id='word_1_148' title='bbox 640 2250 692 2297; x_wconf 88' lang='lat' dir='ltr'><strong>res</strong></span> <span class='ocrx_word' id='word_1_149' title='bbox 716 2232 822 2297; x_wconf 90' lang='lat' dir='ltr'><strong>animo</strong></span> <span class='ocrx_word' id='word_1_150' title='bbox 845 2231 938 2314; x_wconf 82' lang='lat' dir='ltr'><strong>sedit,</strong></span> <span class='ocrx_word' id='word_1_151' title='bbox 960 2250 1023 2297; x_wconf 91' lang='lat' dir='ltr'><strong>non</strong></span> <span class='ocrx_word' id='word_1_152' title='bbox 1045 2231 1136 2317; x_wconf 90' lang='lat' dir='ltr'><strong>prius</strong></span> <span class='ocrx_word' id='word_1_153' title='bbox 1158 2229 1286 2313; x_wconf 83' lang='lat' dir='ltr'><strong>aggredi</strong></span> <span class='ocrx_word' id='word_1_154' title='bbox 1307 2228 1422 2313; x_wconf 73' lang='lat' dir='ltr'><strong>voluit,</strong></span> <span class='ocrx_word' id='word_1_155' title='bbox 1444 2228 1502 2294; x_wconf 89' lang='lat' dir='ltr'><strong>nisi</strong></span> 
     </span>
     <span class='ocr_line' id='line_1_18' title="bbox 331 2344 1503 2433; baseline -0.002 -21"><span class='ocrx_word' id='word_1_156' title='bbox 331 2351 364 2412; x_wconf 91' lang='lat' dir='ltr'><strong>et</strong></span> <span class='ocrx_word' id='word_1_157' title='bbox 385 2346 445 2413; x_wconf 92' lang='lat' dir='ltr'><strong>hoo</strong></span> <span class='ocrx_word' id='word_1_158' title='bbox 466 2344 663 2433; x_wconf 80' lang='lat' dir='ltr'><strong>principibus</strong></span> <span class='ocrx_word' id='word_1_159' title='bbox 687 2346 827 2433; x_wconf 75' lang='lat' dir='ltr'><strong>placeret</strong></span> <span class='ocrx_word' id='word_1_160' title='bbox 845 2346 984 2414; x_wconf 85' lang='lat' dir='ltr'><strong>Polonie.</strong></span> <span class='ocrx_word' id='word_1_161' title='bbox 1020 2346 1136 2414; x_wconf 87' lang='lat' dir='ltr'><strong>Habito</strong></span> <span class='ocrx_word' id='word_1_162' title='bbox 1157 2346 1255 2431; x_wconf 90' lang='lat' dir='ltr'><strong>igitur</strong></span> <span class='ocrx_word' id='word_1_163' title='bbox 1275 2344 1437 2431; x_wconf 90' lang='lat' dir='ltr'><strong>oolloqnio</strong></span> <span class='ocrx_word' id='word_1_164' title='bbox 1457 2345 1503 2410; x_wconf 91' lang='lat' dir='ltr'><strong>in-</strong></span> 
     </span>
     <span class='ocr_line' id='line_1_19' title="bbox 333 2461 1503 2549; baseline -0.001 -21"><span class='ocrx_word' id='word_1_165' title='bbox 333 2463 420 2530; x_wconf 86' lang='lat' dir='ltr'><strong>venit</strong></span> <span class='ocrx_word' id='word_1_166' title='bbox 442 2481 614 2530; x_wconf 75' lang='lat' dir='ltr'><strong>assensum.</strong></span> <span class='ocrx_word' id='word_1_167' title='bbox 661 2463 746 2530; x_wconf 86' lang='lat' dir='ltr'><strong>Idem</strong></span> <span class='ocrx_word' id='word_1_168' title='bbox 771 2483 880 2530; x_wconf 88' lang='lat' dir='ltr'><strong>omnes</strong></span> <span class='ocrx_word' id='word_1_169' title='bbox 903 2465 1045 2529; x_wconf 86' lang='lat' dir='ltr'><strong>sentiunt</strong></span> <span class='ocrx_word' id='word_1_170' title='bbox 1066 2463 1214 2548; x_wconf 85' lang='lat' dir='ltr'><strong>probant3</strong></span> <span class='ocrx_word' id='word_1_171' title='bbox 1243 2461 1393 2549; x_wconf 83' lang='lat' dir='ltr'><strong>eupiunt,</strong></span> <span class='ocrx_word' id='word_1_172' title='bbox 1417 2467 1503 2527; x_wconf 68' lang='lat' dir='ltr'><strong>taum</strong></span> 
     </span>
     <span class='ocr_line' id='line_1_20' title="bbox 331 2578 1504 2662; baseline -0.003 -16"><span class='ocrx_word' id='word_1_173' title='bbox 331 2579 476 2646; x_wconf 87' lang='lat' dir='ltr'><strong>olsritste</strong></span> <span class='ocrx_word' id='word_1_174' title='bbox 498 2585 649 2662; x_wconf 84' lang='lat' dir='ltr'><strong>tantaque</strong></span> <span class='ocrx_word' id='word_1_175' title='bbox 672 2579 838 2648; x_wconf 88' lang='lat' dir='ltr'><strong>nobilitato</strong></span> <span class='ocrx_word' id='word_1_176' title='bbox 859 2579 1012 2645; x_wconf 86' lang='lat' dir='ltr'><strong>illustrari</strong></span> <span class='ocrx_word' id='word_1_177' title='bbox 1034 2578 1207 2646; x_wconf 87' lang='lat' dir='ltr'><strong>Poloniam.</strong></span> <span class='ocrx_word' id='word_1_178' title='bbox 1246 2579 1321 2645; x_wconf 81' lang='lat' dir='ltr'><strong>otto</strong></span> <span class='ocrx_word' id='word_1_179' title='bbox 1345 2578 1454 2643; x_wconf 81' lang='lat' dir='ltr'><strong>olarus</strong></span> <span class='ocrx_word' id='word_1_180' title='bbox 1474 2581 1504 2643; x_wconf 82' lang='lat' dir='ltr'><strong>et</strong></span> 
     </span>
     <span class='ocr_line' id='line_1_21' title="bbox 330 2693 1502 2781; baseline -0.003 -19"><span class='ocrx_word' id='word_1_181' title='bbox 330 2715 464 2779; x_wconf 87' lang='lat' dir='ltr'><strong>magnus</strong></span> <span class='ocrx_word' id='word_1_182' title='bbox 494 2694 603 2761; x_wconf 88' lang='lat' dir='ltr'><strong>haberi</strong></span> <span class='ocrx_word' id='word_1_183' title='bbox 626 2715 683 2781; x_wconf 91' lang='lat' dir='ltr'><strong>pro</strong></span> <span class='ocrx_word' id='word_1_184' title='bbox 707 2695 764 2761; x_wconf 89' lang='lat' dir='ltr'><strong>tali</strong></span> <span class='ocrx_word' id='word_1_185' title='bbox 788 2695 928 2763; x_wconf 87' lang='lat' dir='ltr'><strong>oonsilio.</strong></span> <span class='ocrx_word' id='word_1_186' title='bbox 974 2694 1018 2760; x_wconf 88' lang='lat' dir='ltr'><strong>Et</strong></span> <span class='ocrx_word' id='word_1_187' title='bbox 1040 2714 1112 2762; x_wconf 88' lang='lat' dir='ltr'><strong>oooe</strong></span> <span class='ocrx_word' id='word_1_188' title='bbox 1133 2715 1196 2781; x_wconf 85' lang='lat' dir='ltr'><strong>qna</strong></span> <span class='ocrx_word' id='word_1_189' title='bbox 1217 2695 1307 2761; x_wconf 92' lang='lat' dir='ltr'><strong>illum</strong></span> <span class='ocrx_word' id='word_1_190' title='bbox 1332 2693 1502 2760; x_wconf 86' lang='lat' dir='ltr'><strong>sublimare</strong></span> 
     </span>
     <span class='ocr_line' id='line_1_22' title="bbox 332 2809 1501 2898; baseline -0.003 -20"><span class='ocrx_word' id='word_1_191' title='bbox 332 2811 466 2898; x_wconf 82' lang='lat' dir='ltr'><strong>parabat</strong></span> <span class='ocrx_word' id='word_1_192' title='bbox 492 2811 597 2877; x_wconf 86' lang='lat' dir='ltr'><strong>divine</strong></span> <span class='ocrx_word' id='word_1_193' title='bbox 621 2810 723 2893; x_wconf 85' lang='lat' dir='ltr'><strong>gratie</strong></span> <span class='ocrx_word' id='word_1_194' title='bbox 746 2811 880 2878; x_wconf 83' lang='lat' dir='ltr'><strong>bonitas.</strong></span> <span class='ocrx_word' id='word_1_195' title='bbox 920 2810 1000 2888; x_wconf 90' lang='lat' dir='ltr'><strong>Quid</strong></span> <span class='ocrx_word' id='word_1_196' title='bbox 1023 2809 1129 2876; x_wconf 84' lang='lat' dir='ltr'><strong>enimi</strong></span> <span class='ocrx_word' id='word_1_197' title='bbox 1165 2809 1283 2894; x_wconf 81' lang='lat' dir='ltr'><strong>Agitur</strong></span> <span class='ocrx_word' id='word_1_198' title='bbox 1304 2810 1347 2876; x_wconf 91' lang='lat' dir='ltr'><strong>de</strong></span> <span class='ocrx_word' id='word_1_199' title='bbox 1369 2810 1501 2876; x_wconf 79' lang='lat' dir='ltr'><strong>nuneiis</strong></span> 
     </span>
     <span class='ocr_line' id='line_1_23' title="bbox 332 2926 1503 3012; baseline -0.002 -18"><span class='ocrx_word' id='word_1_200' title='bbox 332 2927 406 2994; x_wconf 88' lang='lat' dir='ltr'><strong>Otto</strong></span> <span class='ocrx_word' id='word_1_201' title='bbox 430 2926 567 3011; x_wconf 87' lang='lat' dir='ltr'><strong>eligitur,</strong></span> <span class='ocrx_word' id='word_1_202' title='bbox 591 2928 723 2994; x_wconf 83' lang='lat' dir='ltr'><strong>comites</strong></span> <span class='ocrx_word' id='word_1_203' title='bbox 746 2926 835 3011; x_wconf 89' lang='lat' dir='ltr'><strong>digni</strong></span> <span class='ocrx_word' id='word_1_204' title='bbox 852 2927 1022 3012; x_wconf 76' lang='lat' dir='ltr'><strong>magnique</strong></span> <span class='ocrx_word' id='word_1_205' title='bbox 1036 2927 1098 2992; x_wconf 86' lang='lat' dir='ltr'><strong>riri</strong></span> <span class='ocrx_word' id='word_1_206' title='bbox 1113 2926 1143 2993; x_wconf 91' lang='lat' dir='ltr'><strong>ei</strong></span> <span class='ocrx_word' id='word_1_207' title='bbox 1157 2926 1385 3008; x_wconf 85' lang='lat' dir='ltr'><strong>deoernuntnr3</strong></span> <span class='ocrx_word' id='word_1_208' title='bbox 1410 2926 1503 2992; x_wconf 79' lang='lat' dir='ltr'><strong>vesti</strong></span> 
     </span>
     <span class='ocr_line' id='line_1_24' title="bbox 331 3041 1503 3129; baseline -0.003 -19"><span class='ocrx_word' id='word_1_209' title='bbox 331 3050 395 3128; x_wconf 80' lang='lat' dir='ltr'><strong>tur,</strong></span> <span class='ocrx_word' id='word_1_210' title='bbox 418 3047 559 3127; x_wconf 74' lang='lat' dir='ltr'><strong>umatum,</strong></span> <span class='ocrx_word' id='word_1_211' title='bbox 583 3043 702 3109; x_wconf 89' lang='lat' dir='ltr'><strong>ditatur</strong></span> <span class='ocrx_word' id='word_1_212' title='bbox 725 3042 933 3129; x_wconf 85' lang='lat' dir='ltr'><strong>omnibusque</strong></span> <span class='ocrx_word' id='word_1_213' title='bbox 954 3041 1150 3126; x_wconf 66' lang='lat' dir='ltr'><strong>maeoniis,</strong></span> <span class='ocrx_word' id='word_1_214' title='bbox 1174 3061 1235 3126; x_wconf 89' lang='lat' dir='ltr'><strong>qne</strong></span> <span class='ocrx_word' id='word_1_215' title='bbox 1248 3061 1326 3108; x_wconf 88' lang='lat' dir='ltr'><strong>usus</strong></span> <span class='ocrx_word' id='word_1_216' title='bbox 1341 3042 1503 3127; x_wconf 82' lang='lat' dir='ltr'><strong>honorque</strong></span> 
     </span>
     <span class='ocr_line' id='line_1_25' title="bbox 332 3157 1502 3246; baseline 0 -22"><span class='ocrx_word' id='word_1_217' title='bbox 332 3159 498 3246; x_wconf 79' lang='lat' dir='ltr'><strong>poscebat,</strong></span> <span class='ocrx_word' id='word_1_218' title='bbox 530 3157 653 3226; x_wconf 80' lang='lat' dir='ltr'><strong>abunde</strong></span> <span class='ocrx_word' id='word_1_219' title='bbox 681 3159 865 3241; x_wconf 78' lang='lat' dir='ltr'><strong>instruitnr3</strong></span> <span class='ocrx_word' id='word_1_220' title='bbox 894 3159 1001 3244; x_wconf 85' lang='lat' dir='ltr'><strong>sieque</strong></span> <span class='ocrx_word' id='word_1_221' title='bbox 1029 3159 1063 3224; x_wconf 89' lang='lat' dir='ltr'><strong>in</strong></span> <span class='ocrx_word' id='word_1_222' title='bbox 1091 3157 1193 3224; x_wconf 83' lang='lat' dir='ltr'><strong>multa</strong></span> <span class='ocrx_word' id='word_1_223' title='bbox 1218 3159 1324 3242; x_wconf 86' lang='lat' dir='ltr'><strong>gratia</strong></span> <span class='ocrx_word' id='word_1_224' title='bbox 1345 3157 1502 3242; x_wconf 81' lang='lat' dir='ltr'><strong>dirigitur,</strong></span> 
     </span>
     <span class='ocr_line' id='line_1_26' title="bbox 330 3265 1186 3362; baseline -0.005 -20"><span class='ocrx_word' id='word_1_225' title='bbox 330 3265 455 3360; x_wconf 83' lang='lat' dir='ltr'><strong>¹gratem</strong></span> <span class='ocrx_word' id='word_1_226' title='bbox 478 3293 555 3341; x_wconf 83' lang='lat' dir='ltr'><strong>sane</strong></span> <span class='ocrx_word' id='word_1_227' title='bbox 577 3273 762 3360; x_wconf 82' lang='lat' dir='ltr'><strong>imperatori</strong></span> <span class='ocrx_word' id='word_1_228' title='bbox 783 3275 972 3358; x_wconf 74' lang='lat' dir='ltr'><strong>legationem</strong></span> <span class='ocrx_word' id='word_1_229' title='bbox 994 3278 1186 3362; x_wconf 85' lang='lat' dir='ltr'><strong>portaturus.</strong></span> 
     </span>
    </p>

    <p class='ocr_par' dir='ltr' id='par_1_4' title="bbox 332 3387 1504 3708">
     <span class='ocr_line' id='line_1_27' title="bbox 423 3387 1502 3477; baseline -0.002 -21"><span class='ocrx_word' id='word_1_230' title='bbox 423 3391 470 3456; x_wconf 90' lang='lat' dir='ltr'><strong>Eo</strong></span> <span class='ocrx_word' id='word_1_231' title='bbox 499 3392 614 3458; x_wconf 89' lang='lat' dir='ltr'><strong>etenim</strong></span> <span class='ocrx_word' id='word_1_232' title='bbox 645 3395 789 3477; x_wconf 88' lang='lat' dir='ltr'><strong>tempore</strong></span> <span class='ocrx_word' id='word_1_233' title='bbox 816 3411 907 3457; x_wconf 88' lang='lat' dir='ltr'><strong>soror</strong></span> <span class='ocrx_word' id='word_1_234' title='bbox 927 3389 1128 3476; x_wconf 88' lang='lat' dir='ltr'><strong>imperatoris</strong></span> <span class='ocrx_word' id='word_1_235' title='bbox 1150 3389 1184 3454; x_wconf 94' lang='lat' dir='ltr'><strong>in</strong></span> <span class='ocrx_word' id='word_1_236' title='bbox 1207 3387 1416 3456; x_wconf 82' lang='lat' dir='ltr'><strong>oontnbemio</strong></span> <span class='ocrx_word' id='word_1_237' title='bbox 1438 3389 1502 3454; x_wconf 68' lang='grc' dir='ltr'><strong>ἀπε</strong></span> 
     </span>
     <span class='ocr_line' id='line_1_28' title="bbox 332 3503 1504 3592; baseline -0.001 -21"><span class='ocrx_word' id='word_1_238' title='bbox 332 3503 524 3572; x_wconf 83' lang='lat' dir='ltr'><strong>morabatur.</strong></span> <span class='ocrx_word' id='word_1_239' title='bbox 559 3505 595 3572; x_wconf 93' lang='lat' dir='ltr'><strong>In</strong></span> <span class='ocrx_word' id='word_1_240' title='bbox 618 3526 681 3592; x_wconf 85' lang='lat' dir='ltr'><strong>qus</strong></span> <span class='ocrx_word' id='word_1_241' title='bbox 703 3504 757 3573; x_wconf 91' lang='lat' dir='ltr'><strong>ille</strong></span> <span class='ocrx_word' id='word_1_242' title='bbox 780 3505 897 3590; x_wconf 83' lang='lat' dir='ltr'><strong>sepius,</strong></span> <span class='ocrx_word' id='word_1_243' title='bbox 919 3504 995 3571; x_wconf 86' lang='lat' dir='ltr'><strong>linet</strong></span> <span class='ocrx_word' id='word_1_244' title='bbox 1015 3504 1094 3571; x_wconf 90' lang='lat' dir='ltr'><strong>alias</strong></span> <span class='ocrx_word' id='word_1_245' title='bbox 1115 3504 1204 3589; x_wconf 82' lang='lat' dir='ltr'><strong>felix,</strong></span> <span class='ocrx_word' id='word_1_246' title='bbox 1226 3504 1353 3570; x_wconf 74' lang='lat' dir='ltr'><strong>fortuma</strong></span> <span class='ocrx_word' id='word_1_247' title='bbox 1369 3504 1504 3571; x_wconf 82' lang='lat' dir='ltr'><strong>infeliei-</strong></span> 
     </span>
     <span class='ocr_line' id='line_1_29' title="bbox 332 3615 1503 3708; baseline -0.002 -19"><span class='ocrx_word' id='word_1_248' title='bbox 332 3627 431 3689; x_wconf 85' lang='lat' dir='ltr'><strong>tatem</strong></span> <span class='ocrx_word' id='word_1_249' title='bbox 460 3615 637 3708; x_wconf 83' lang='lat' dir='ltr'><strong>expertns²,</strong></span> <span class='ocrx_word' id='word_1_250' title='bbox 667 3622 742 3706; x_wconf 87' lang='lat' dir='ltr'><strong>quia</strong></span> <span class='ocrx_word' id='word_1_251' title='bbox 769 3640 841 3688; x_wconf 84' lang='lat' dir='ltr'><strong>eam</strong></span> <span class='ocrx_word' id='word_1_252' title='bbox 863 3620 994 3687; x_wconf 82' lang='lat' dir='ltr'><strong>honeste</strong></span> <span class='ocrx_word' id='word_1_253' title='bbox 1016 3639 1143 3687; x_wconf 85' lang='lat' dir='ltr'><strong>servare</strong></span> <span class='ocrx_word' id='word_1_254' title='bbox 1163 3639 1228 3686; x_wconf 93' lang='lat' dir='ltr'><strong>non</strong></span> <span class='ocrx_word' id='word_1_255' title='bbox 1250 3621 1372 3706; x_wconf 82' lang='lat' dir='ltr'><strong>potnit,</strong></span> <span class='ocrx_word' id='word_1_256' title='bbox 1402 3639 1503 3687; x_wconf 74' lang='lat' dir='ltr'><strong>mmo-</strong></span> 
     </span>
    </p>

    <p class='ocr_par' dir='ltr' id='par_1_5' title="bbox 282 3734 1503 4055">
     <span class='ocr_line' id='line_1_30' title="bbox 282 3734 1503 3823; baseline -0.001 -20"><span class='ocrx_word' id='word_1_257' title='bbox 282 3753 284 3758; x_wconf 86' lang='lat'>·</span> <span class='ocrx_word' id='word_1_258' title='bbox 332 3737 427 3804; x_wconf 88' lang='lat' dir='ltr'><strong>vendi</strong></span> <span class='ocrx_word' id='word_1_259' title='bbox 455 3757 524 3804; x_wconf 88' lang='lat' dir='ltr'><strong>eam</strong></span> <span class='ocrx_word' id='word_1_260' title='bbox 549 3759 568 3804; x_wconf 87' lang='lat' dir='ltr'><strong>a</strong></span> <span class='ocrx_word' id='word_1_261' title='bbox 590 3757 624 3804; x_wconf 92' lang='lat' dir='ltr'><strong>se</strong></span> <span class='ocrx_word' id='word_1_262' title='bbox 647 3736 826 3804; x_wconf 89' lang='lat' dir='ltr'><strong>oooasiones</strong></span> <span class='ocrx_word' id='word_1_263' title='bbox 856 3736 950 3802; x_wconf 83' lang='lat' dir='ltr'><strong>anxie</strong></span> <span class='ocrx_word' id='word_1_264' title='bbox 973 3735 1124 3820; x_wconf 87' lang='lat' dir='ltr'><strong>querebat</strong></span> <span class='ocrx_word' id='word_1_265' title='bbox 1150 3734 1306 3804; x_wconf 85' lang='lat' dir='ltr'><strong>honestas.</strong></span> <span class='ocrx_word' id='word_1_266' title='bbox 1352 3735 1503 3823; x_wconf 80' lang='lat' dir='ltr'><strong>Aooeptis</strong></span> 
     </span>
     <span class='ocr_line' id='line_1_31' title="bbox 332 3851 1502 3939; baseline -0.002 -19"><span class='ocrx_word' id='word_1_267' title='bbox 332 3855 431 3938; x_wconf 86' lang='lat' dir='ltr'><strong>igitur</strong></span> <span class='ocrx_word' id='word_1_268' title='bbox 452 3853 572 3920; x_wconf 90' lang='lat' dir='ltr'><strong>nuntiis</strong></span> <span class='ocrx_word' id='word_1_269' title='bbox 595 3857 627 3919; x_wconf 90' lang='lat' dir='ltr'><strong>et</strong></span> <span class='ocrx_word' id='word_1_270' title='bbox 648 3853 801 3939; x_wconf 86' lang='lat' dir='ltr'><strong>petitione</strong></span> <span class='ocrx_word' id='word_1_271' title='bbox 822 3851 922 3936; x_wconf 79' lang='lat' dir='ltr'><strong>dunis,</strong></span> <span class='ocrx_word' id='word_1_272' title='bbox 945 3851 1061 3937; x_wconf 87' lang='lat' dir='ltr'><strong>gaudet</strong></span> <span class='ocrx_word' id='word_1_273' title='bbox 1083 3852 1232 3933; x_wconf 82' lang='lat' dir='ltr'><strong>miratnr3</strong></span> <span class='ocrx_word' id='word_1_274' title='bbox 1255 3851 1502 3918; x_wconf 81' lang='lat' dir='ltr'><strong>dissimulatiro·</strong></span> 
     </span>
     <span class='ocr_line' id='line_1_32' title="bbox 333 3967 1501 4055; baseline -0.002 -18"><span class='ocrx_word' id='word_1_275' title='bbox 333 3977 440 4037; x_wconf 60' lang='lat' dir='ltr'><strong>omen</strong></span> <span class='ocrx_word' id='word_1_276' title='bbox 463 3968 558 4037; x_wconf 85' lang='lat' dir='ltr'><strong>eorde</strong></span> <span class='ocrx_word' id='word_1_277' title='bbox 585 3987 731 4055; x_wconf 82' lang='lat' dir='ltr'><strong>premens</strong></span> <span class='ocrx_word' id='word_1_278' title='bbox 761 3975 793 4036; x_wconf 88' lang='lat' dir='ltr'><strong>et</strong></span> <span class='ocrx_word' id='word_1_279' title='bbox 819 3967 977 4052; x_wconf 82' lang='lat' dir='ltr'><strong>grauitate</strong></span> <span class='ocrx_word' id='word_1_280' title='bbox 999 3968 1084 4034; x_wconf 86' lang='lat' dir='ltr'><strong>virili</strong></span> <span class='ocrx_word' id='word_1_281' title='bbox 1106 3968 1212 4052; x_wconf 93' lang='lat' dir='ltr'><strong>gandii</strong></span> <span class='ocrx_word' id='word_1_282' title='bbox 1236 3969 1501 4052; x_wconf 70' lang='lat' dir='ltr'><strong>magnitudinem</strong></span> 
     </span>
    </p>
   </div>
   <div class='ocr_carea' id='block_1_3' title="bbox 407 4164 663 4212">
    <p class='ocr_par' dir='ltr' id='par_1_6' title="bbox 407 4164 663 4212">
     <span class='ocr_line' id='line_1_33' title="bbox 407 4164 663 4212; baseline -0.008 0"><span class='ocrx_word' id='word_1_283' title='bbox 407 4179 427 4212; x_wconf 73' lang='lat' dir='ltr'><strong>a</strong></span> <span class='ocrx_word' id='word_1_284' title='bbox 451 4164 616 4212; x_wconf 83' lang='lat' dir='ltr'><strong>dissimnlslire</strong></span> <span class='ocrx_word' id='word_1_285' title='bbox 632 4164 663 4211; x_wconf 89' lang='lat' dir='ltr'><strong>N.</strong></span> 
     </span>
    </p>
   </div>
   <div class='ocr_carea' id='block_1_4' title="bbox 333 4266 1504 4516">
    <p class='ocr_par' dir='ltr' id='par_1_7' title="bbox 333 4266 1504 4516">
     <span class='ocr_line' id='line_1_34' title="bbox 405 4266 1503 4325; baseline 0.001 -1"><span class='ocrx_word' id='word_1_286' title='bbox 405 4270 431 4324; x_wconf 91' lang='lat'><strong>1.</strong></span> <span class='ocrx_word' id='word_1_287' title='bbox 449 4269 577 4324; x_wconf 84' lang='lat' dir='ltr'><strong>Heinrieo</strong></span> <span class='ocrx_word' id='word_1_288' title='bbox 596 4269 643 4325; x_wconf 92' lang='lat' dir='ltr'><strong>1V.</strong></span> <span class='ocrx_word' id='word_1_289' title='bbox 750 4269 775 4322; x_wconf 83' lang='lat'><strong>2.</strong></span> <span class='ocrx_word' id='word_1_290' title='bbox 800 4267 876 4322; x_wconf 84' lang='lat' dir='ltr'><strong>Haeo</strong></span> <span class='ocrx_word' id='word_1_291' title='bbox 898 4271 963 4322; x_wconf 86' lang='lat' dir='ltr'><strong>sunt</strong></span> <span class='ocrx_word' id='word_1_292' title='bbox 979 4266 1104 4322; x_wconf 82' lang='lat' dir='ltr'><strong>Einharti</strong></span> <span class='ocrx_word' id='word_1_293' title='bbox 1123 4266 1158 4323; x_wconf 90' lang='lat' dir='ltr'><strong>do</strong></span> <span class='ocrx_word' id='word_1_294' title='bbox 1176 4267 1274 4323; x_wconf 77' lang='lat' dir='ltr'><strong>Garolo</strong></span> <span class='ocrx_word' id='word_1_295' title='bbox 1289 4267 1328 4323; x_wconf 79' lang='lat' dir='ltr'><strong>ll.</strong></span> <span class='ocrx_word' id='word_1_296' title='bbox 1344 4267 1443 4324; x_wconf 59' lang='lat' dir='ltr'><strong>verm</strong></span> <span class='ocrx_word' id='word_1_297' title='bbox 1469 4268 1503 4325; x_wconf 75' lang='lat' dir='ltr'><strong>V.</strong></span> 
     </span>
     <span class='ocr_line' id='line_1_35' title="bbox 333 4354 1504 4427; baseline -0.002 -13"><span class='ocrx_word' id='word_1_298' title='bbox 333 4357 457 4414; x_wconf 80' lang='lat' dir='ltr'><strong>Einhartu&#39;</strong></span> <span class='ocrx_word' id='word_1_299' title='bbox 468 4358 525 4414; x_wconf 85' lang='lat' dir='ltr'><strong>Vit</strong></span> <span class='ocrx_word' id='word_1_300' title='bbox 539 4357 630 4413; x_wconf 82' lang='lat' dir='ltr'><strong>Caroli</strong></span> <span class='ocrx_word' id='word_1_301' title='bbox 642 4356 678 4411; x_wconf 91' lang='lat' dir='ltr'><strong>ll.</strong></span> <span class='ocrx_word' id='word_1_302' title='bbox 693 4371 717 4411; x_wconf 90' lang='lat' dir='ltr'><strong>o.</strong></span> <span class='ocrx_word' id='word_1_303' title='bbox 728 4357 762 4412; x_wconf 82' lang='lat'><strong>19</strong></span> <span class='ocrx_word' id='word_1_304' title='bbox 779 4359 875 4426; x_wconf 83' lang='lat' dir='ltr'><strong>(supra</strong></span> <span class='ocrx_word' id='word_1_305' title='bbox 885 4355 919 4410; x_wconf 89' lang='lat' dir='ltr'><strong>T.</strong></span> <span class='ocrx_word' id='word_1_306' title='bbox 931 4355 972 4412; x_wconf 79' lang='lat' dir='ltr'><strong>tv</strong></span> <span class='ocrx_word' id='word_1_307' title='bbox 983 4357 1061 4425; x_wconf 76' lang='grc' dir='ltr'><strong>526)ε</strong></span> <span class='ocrx_word' id='word_1_308' title='bbox 1081 4354 1142 4427; x_wconf 74' lang='lat' dir='ltr'><strong>„Ao</strong></span> <span class='ocrx_word' id='word_1_309' title='bbox 1157 4361 1269 4426; x_wconf 80' lang='lat' dir='ltr'><strong>propter</strong></span> <span class='ocrx_word' id='word_1_310' title='bbox 1279 4355 1339 4426; x_wconf 79' lang='lat' dir='ltr'><strong>hoo,</strong></span> <span class='ocrx_word' id='word_1_311' title='bbox 1356 4356 1424 4412; x_wconf 82' lang='lat' dir='ltr'><strong>lieet</strong></span> <span class='ocrx_word' id='word_1_312' title='bbox 1435 4356 1504 4412; x_wconf 73' lang='lat' dir='ltr'><strong>alin</strong></span> 
     </span>
     <span class='ocr_line' id='line_1_36' title="bbox 334 4441 1504 4516; baseline -0.001 -15"><span class='ocrx_word' id='word_1_313' title='bbox 334 4443 408 4516; x_wconf 83' lang='lat' dir='ltr'><strong>felix,</strong></span> <span class='ocrx_word' id='word_1_314' title='bbox 427 4444 560 4502; x_wconf 66' lang='lat' dir='ltr'><strong>mversoe</strong></span> <span class='ocrx_word' id='word_1_315' title='bbox 578 4444 702 4503; x_wconf 78' lang='lat' dir='ltr'><strong>fortunae</strong></span> <span class='ocrx_word' id='word_1_316' title='bbox 721 4444 919 4515; x_wconf 84' lang='lat' dir='ltr'><strong>malignitatem</strong></span> <span class='ocrx_word' id='word_1_317' title='bbox 934 4447 1064 4516; x_wconf 84' lang='lat' dir='ltr'><strong>expertus</strong></span> <span class='ocrx_word' id='word_1_318' title='bbox 1075 4444 1145 4500; x_wconf 81' lang='lat' dir='ltr'><strong>est“.</strong></span> <span class='ocrx_word' id='word_1_319' title='bbox 1172 4441 1214 4501; x_wconf 81' lang='lat' dir='ltr'><strong>Oi.</strong></span> <span class='ocrx_word' id='word_1_320' title='bbox 1226 4459 1311 4516; x_wconf 81' lang='lat' dir='ltr'><strong>supra</strong></span> <span class='ocrx_word' id='word_1_321' title='bbox 1327 4461 1354 4515; x_wconf 83' lang='lat' dir='ltr'><strong>p.</strong></span> <span class='ocrx_word' id='word_1_322' title='bbox 1368 4445 1424 4501; x_wconf 77' lang='grc'><strong>703</strong></span> <span class='ocrx_word' id='word_1_323' title='bbox 1440 4449 1504 4502; x_wconf 78' lang='lat' dir='ltr'><strong>ml.</strong></span> 
     </span>
    </p>
   </div>
   <div class='ocr_carea' id='block_1_5' title="bbox 0 0 1576 4850">
    <p class='ocr_par' dir='ltr' id='par_1_8' title="bbox 0 0 1576 4850">
     <span class='ocr_line' id='line_1_37' title="bbox 0 0 1576 4850; baseline 0 0"><span class='ocrx_word' id='word_1_324' title='bbox 0 0 1576 4850; x_wconf 95' lang='lat' dir='ltr'><strong> </strong></span> 
     </span>
    </p>
   </div>
  </div>
 </body>
</html>
