3142 4850
302 324 367 389 724
576 342 758 390 nneaoanr
778 342 962 391 nrnnoeus.
997 344 1063 390 ure.
1081 344 1094 389 1
1117 340 1159 393 eo.
1172 340 1206 392 27

301 502 427 567 struxit.
462 500 610 568 Preterea
632 522 688 567 sex
712 501 852 587 castella,
878 502 1082 589 quapridem
1107 520 1171 568 non
1191 501 1313 585 habuit,
1336 501 1472 567 dominio

301 618 501 705 episcopatus
525 617 655 698 adiecit3
681 640 778 685 unum
798 618 943 685 videlicet
959 617 1188 701 Albuinestein,
1212 617 1382 684 secundnm
1398 615 1473 682 Liu-

301 732 475 818 poldestein
486 729 503 817 ¹,
529 733 658 799 tertium
675 733 870 818 Genlenriut,
888 739 1035 819 quartum
1051 730 1308 819 Hemphcnvelt¹,
1331 733 1473 817 quintum

300 844 502 933 Ebersbero³,
532 854 656 916 sextum
679 846 880 916 Eskenvoltt
973 849 1119 915 Castrum
1147 868 1221 915 veru
1244 848 1473 930 Albuiuostein,

301 965 503 1050 quodetiam
526 965 642 1030 dicitur
664 964 864 1049 Botenstein,
892 966 958 1031 fere
980 965 1015 1031 in
1037 964 1212 1031 meditullio
1235 966 1329 1030 situm
1353 964 1474 1050 episco-

300 1088 412 1167 patus,
443 1081 632 1164 octingentis
662 1082 784 1164 argenti
814 1080 904 1147 libris
927 1101 985 1148 uec
1008 1101 1071 1147 non
1094 1080 1305 1168 septendecim
1335 1080 1403 1145 euri
1424 1086 1475 1145 ta·

300 1197 394 1263 lentis
417 1196 629 1283 compararim
654 1198 822 1283 providens
846 1198 878 1263 in
903 1196 961 1263 hoc
984 1182 1016 1263 et
1031 1198 1091 1264 sibi
1115 1203 1148 1263 et
1171 1198 1304 1285 posteris
1327 1216 1391 1261 nun
1406 1216 1475 1261 mo-

300 1312 404 1379 dicum
435 1312 521 1399 pacis
544 1312 735 1397 subsidium,
764 1314 840 1398 quia
867 1313 958 1379 bonis
987 1312 1117 1379 ecclesie
1145 1315 1176 1378 in
1205 1314 1337 1380 circuitu
1360 1312 1475 1398 positis

301 1429 441 1495 defensio
464 1435 514 1495 est
536 1434 568 1494 et
589 1433 692 1494 terror
715 1428 862 1495 inimicis.
953 1427 1054 1494 Multa
1076 1428 1200 1514 quidem
1227 1448 1475 1495 commemorare

301 1565 443 1631 possem,
474 1564 534 1629 qne
558 1544 643 1610 illius
666 1544 771 1611 studio
796 1564 833 1610 ac
855 1544 963 1611 labore
985 1546 1018 1610 in
1041 1544 1134 1610 rebus
1157 1544 1385 1631 temporalibus
1407 1544 1476 1630 epi·

302 1661 444 1747 scopatui
467 1666 680 1741 accesserunt3
705 1660 760 1726 sed
784 1661 910 1747 parcius
934 1660 991 1727 hec
1005 1660 1163 1726 laudanda
1179 1667 1264 1746 puto.
1299 1659 1381 1738 Quia
1395 1680 1477 1746 pene

302 1796 395 1843 omne
410 1796 509 1860 genus
525 1776 686 1841 hominum
703 1777 886 1861 acquirendi
903 1776 1077 1843 studiosum
1095 1783 1143 1843 est
1158 1784 1189 1843 et
1204 1797 1262 1841 sna
1276 1774 1476 1857 cumulandi3

302 1912 420 1977 neque,
450 1896 487 1958 nt
507 1892 540 1958 id
563 1892 698 1974 faciant,
728 1897 822 1975 egent
845 1892 1007 1979 exemplo,
1037 1892 1091 1958 sed
1120 1913 1160 1958 ne
1188 1890 1269 1957 male
1290 1891 1324 1956 id
1346 1891 1477 1958 faciant.

303 2008 363 2075 llic
386 2028 460 2091 ergo
482 2028 545 2073 non
569 2008 603 2074 in
626 2028 662 2075 eo
687 2008 812 2092 quidem
838 2028 952 2092 magno
977 2029 1071 2095 opere
1093 2007 1277 2092 laudandus,
1302 2008 1385 2091 quod
1407 2028 1478 2073 rem

302 2122 491 2190 familiarem
515 2144 645 2209 querere
668 2128 700 2189 et
723 2144 837 2206 augere
860 2124 1012 2190 sollicitus
1034 2124 1112 2206 fuit3
1136 2123 1189 2190 sed
1214 2123 1272 2189 hoc
1294 2126 1327 2189 in
1351 2144 1389 2191 eo
1411 2144 1479 2190 non

302 2244 420 2306 temere
447 2239 610 2324 laudetur,
646 2240 728 2325 qnod
758 2239 807 2305 his
835 2240 928 2306 rebus
960 2241 1140 2325 niteretur·,
1175 2239 1328 2324 equibus
1352 2240 1481 2307 abesset

302 2354 466 2443 turpitudo
491 2361 523 2421 et
545 2354 682 2421 avaricie
704 2356 853 2443 suspicio,
877 2356 1041 2440 diligentie
1055 2355 1201 2424 videlicet
1216 2361 1248 2424 et
1262 2355 1377 2440 frugali
1402 2377 1481 2443 par·

303 2471 447 2537 simonia.
483 2471 549 2549 Qua
572 2492 648 2538 sane
671 2472 745 2539 hinc
768 2472 889 2538 adverti
913 2478 1032 2560 potest:

134 2603 287 2660 1131-1139
392 2588 444 2652 27.
481 2587 636 2675 Tempore
653 2588 787 2674 quodam
805 2589 838 2654 in
855 2588 947 2655 donno
964 2588 1136 2676 episcopali
1153 2588 1331 2672 domestice,
1356 2588 1483 2657 habens

302 2724 451 2770 renonem
474 2704 555 2770 forte
585 2725 686 2791 nuper
709 2711 868 2791 emptum,
901 2706 1108 2788 vestiebatur3
1138 2705 1248 2771 uidens
1271 2711 1303 2772 et
1325 2705 1482 2790 probans,

302 2821 331 2885 si
355 2825 428 2907 apte
443 2819 568 2887 sederet
587 2821 721 2908 corpori.
757 2821 805 2886 Et
815 2841 886 2888 ecce
901 2817 1036 2904 Bruno⁵,
1060 2820 1217 2907 quondum
1233 2821 1484 2905 Argentinensis

304 2937 486 3023 episcopus,
522 2936 646 3020 eloquio
682 2943 713 3003 et
746 2937 887 3004 moribus
922 2937 1065 3025 adprime
1098 2937 1245 3020 festivus,
1285 2936 1484 3006 adveniens:

303 3053 390 3118 Beue
414 3066 457 3119 eet
480 3053 582 3138 lnquit
605 3054 679 3119 bene
702 3068 754 3120 eet.
793 3055 908 3121 Senior
930 3067 1034 3120 uerter
1056 3055 1171 3120 bouum
1192 3055 1281 3122 babet
1301 3055 1485 3142 pellicium.

302 3166 382 3234 Erat
406 3173 511 3235 eutem
536 3168 575 3235 ed
592 3189 663 3234 oras
679 3169 792 3256 cepioii
816 3175 847 3235 et
862 3170 1055 3236 manicarum
1074 3170 1195 3236 modice
1209 3169 1347 3256 vulpinis
1365 3170 1489 3238 adum-

174 3351 183 3360 ,
303 3283 446 3365 bretum3
469 3305 544 3350 nam
559 3290 663 3351 cetera
687 3306 761 3372 pars
777 3290 848 3352 cute
863 3285 1006 3372 leporina
1022 3285 1194 3352 constabat.
1228 3285 1272 3352 Et
1292 3287 1488 3374 episcopus:

180 3465 189 3476 ,
305 3399 362 3468 Sic
385 3414 428 3467 eet
456 3399 574 3486 inquit,
605 3405 661 3468 sed
689 3406 837 3468 miserum
867 3427 930 3484 me,
960 3425 1034 3469 curo
1065 3404 1161 3467 michi
1188 3405 1285 3480 ocait3
1314 3403 1362 3469 tie
1393 3405 1489 3470 binis

303 3521 558 3584 dedecoratae.
651 3517 802 3602 Videsne,
834 3519 887 3602 qui
917 3524 982 3584 tum
1013 3517 1165 3600 benignus
1194 3519 1227 3584 in
1255 3517 1334 3586 nlius
1359 3519 1490 3606 extitit,

304 3653 398 3716 quam
423 3652 535 3718 parcus
558 3633 590 3697 in
614 3638 714 3698 semet
736 3634 841 3720 ipsum
863 3633 944 3699 fuit?
982 3632 1051 3699 Non
1075 3633 1107 3698 in
1132 3637 1228 3718 veste,
1251 3653 1315 3700 non
1338 3635 1372 3700 in
1399 3637 1491 3703 cibis

303 3748 398 3815 rebus
427 3749 579 3834 episcopii
606 3769 744 3834 unquam
772 3749 986 3833 indulgentius
1017 3749 1062 3815 uti
1085 3748 1200 3831 voluit3
1236 3767 1292 3815 nec
1320 3749 1493 3838 voluptati

304 3864 359 3932 sed
392 3864 574 3931 necessitati
605 3885 661 3932 sue
694 3869 819 3932 tantum
855 3865 1048 3952 providebat.
1139 3865 1219 3945 Quin
1249 3867 1346 3934 etiam
1375 3868 1495 3954 aiunt

376 4029 397 4061 n.
421 3989 531 4062 niteretur
546 4013 635 4062 addidi.

376 4099 614 4171 1.Leupoldutein
637 4101 835 4158 al'orclrlreim
860 4103 894 4157 ad
919 4104 1059 4158 orientem.
1150 4105 1175 4158 2.
1198 4101 1363 4158 Hsnfenfeld
1390 4121 1495 4176 prope

304 4188 471 4261 Hersbruclr,
489 4183 691 4260 nlinrlnliergn
708 4190 744 4244 ad
762 4191 904 4246 orientem.
992 4192 1017 4246 3.
1039 4190 1222 4260 aBambergs
1240 4190 1276 4246 ed
1294 4191 1494 4250 occidentes..

303 4279 330 4333 4.
349 4277 562 4348 llsohenfelden,
587 4278 623 4333 ab
646 4279 785 4348 lirlangen
810 4277 845 4334 ad
869 4280 1016 4350 orientem,
1040 4279 1075 4335 ab
1096 4278 1242 4334 Anerbacb
1267 4279 1302 4335 ad
1324 4281 1496 4340 meridiem.

305 4365 331 4420 5.
350 4365 398 4434 qui
420 4381 455 4420 ex
477 4366 953 4436 canonieoBambergensia.1123
977 4365 1068 4424 iaetus
1092 4368 1238 4438 episeopus
1256 4367 1495 4440 Argentinensis,

305 4451 432 4509 abdicato
449 4470 474 4509 a
490 4455 556 4509 1131
575 4454 745 4524 episcopatu,
764 4455 935 4527 Bumbergae
955 4461 1077 4512 mortnms
1095 4461 1137 4512 est
1154 4455 1181 4511 d.
1197 4457 1231 4512 10
1247 4456 1298 4512 lnl.
1311 4457 1395 4514 non.
