<?xml version="1.0" encoding="UTF-8"?>
<!DOCTYPE html PUBLIC "-//W3C//DTD XHTML 1.0 Transitional//EN"
    "http://www.w3.org/TR/xhtml1/DTD/xhtml1-transitional.dtd">
<html xmlns="http://www.w3.org/1999/xhtml" xml:lang="en" lang="en">
 <head>
  <title>
</title>
<meta http-equiv="Content-Type" content="text/html;charset=utf-8" />
  <meta name='ocr-system' content='tesseract 3.04.00' />
  <meta name='ocr-capabilities' content='ocr_page ocr_carea ocr_par ocr_line ocrx_word'/>
</head>
<body>
  <div class='ocr_page' id='page_1' title='image "./bibliothecareru06jaffgoog_0802.png"; bbox 0 0 3142 4850; ppageno 0'>
   <div class='ocr_carea' id='block_1_1' title="bbox 360 293 1273 359">
    <p class='ocr_par' dir='ltr' id='par_1_1' title="bbox 360 293 1273 359">
     <span class='ocr_line' id='line_1_1' title="bbox 360 293 1273 359; baseline 0.005 -5"><span class='ocrx_word' id='word_1_1' title='bbox 360 307 539 356; x_wconf 69' lang='lat' dir='ltr'><strong>assensor</strong></span> <span class='ocrx_word' id='word_1_2' title='bbox 562 308 743 357; x_wconf 83' lang='lat' dir='ltr'><strong>nrsnocns.</strong></span> <span class='ocrx_word' id='word_1_3' title='bbox 779 310 844 357; x_wconf 82' lang='lat' dir='ltr'><strong>ms.</strong></span> <span class='ocrx_word' id='word_1_4' title='bbox 860 310 887 357; x_wconf 89' lang='grc' dir='ltr'><strong>ιι</strong></span> <span class='ocrx_word' id='word_1_5' title='bbox 909 307 1012 359; x_wconf 77' lang='lat' dir='ltr'><strong>eso-41</strong></span> <span class='ocrx_word' id='word_1_6' title='bbox 1210 293 1273 359; x_wconf 73' lang='lat'><strong>787</strong></span> 
     </span>
    </p>
   </div>
   <div class='ocr_carea' id='block_1_2' title="bbox 38 461 1384 4246">
    <p class='ocr_par' dir='ltr' id='par_1_2' title="bbox 100 461 1364 667">
     <span class='ocr_line' id='line_1_2' title="bbox 100 461 1364 553; baseline 0.009 -24"><span class='ocrx_word' id='word_1_7' title='bbox 100 482 224 529; x_wconf 89' lang='lat' dir='ltr'><strong>marum</strong></span> <span class='ocrx_word' id='word_1_8' title='bbox 236 461 253 547; x_wconf 81' lang='lat'><strong>¹,</strong></span> <span class='ocrx_word' id='word_1_9' title='bbox 276 468 359 533; x_wconf 91' lang='lat' dir='ltr'><strong>sicut</strong></span> <span class='ocrx_word' id='word_1_10' title='bbox 378 466 586 553; x_wconf 78' lang='lat' dir='ltr'><strong>disposuerat,</strong></span> <span class='ocrx_word' id='word_1_11' title='bbox 610 468 713 534; x_wconf 88' lang='lat' dir='ltr'><strong>redire</strong></span> <span class='ocrx_word' id='word_1_12' title='bbox 731 468 770 533; x_wconf 90' lang='lat' dir='ltr'><strong>ad</strong></span> <span class='ocrx_word' id='word_1_13' title='bbox 787 469 1011 552; x_wconf 76' lang='lat' dir='ltr'><strong>mumadam,</strong></span> <span class='ocrx_word' id='word_1_14' title='bbox 1034 476 1274 537; x_wconf 86' lang='lat' dir='ltr'><strong>consecraturus</strong></span> <span class='ocrx_word' id='word_1_15' title='bbox 1294 487 1364 540; x_wconf 77' lang='lat'>1125</span> 
     </span>
     <span class='ocr_line' id='line_1_3' title="bbox 101 575 585 667; baseline 0.008 -22"><span class='ocrx_word' id='word_1_16' title='bbox 101 575 245 663; x_wconf 86' lang='lat' dir='ltr'><strong>crisma&#39;,</strong></span> <span class='ocrx_word' id='word_1_17' title='bbox 268 582 398 649; x_wconf 89' lang='lat' dir='ltr'><strong>minime</strong></span> <span class='ocrx_word' id='word_1_18' title='bbox 421 582 585 667; x_wconf 88' lang='lat' dir='ltr'><strong>potuisset</strong></span> 
     </span>
    </p>

    <p class='ocr_par' dir='ltr' id='par_1_3' title="bbox 90 696 1274 2752">
     <span class='ocr_line' id='line_1_4' title="bbox 192 696 1273 785; baseline 0.006 -24"><span class='ocrx_word' id='word_1_19' title='bbox 192 698 245 761; x_wconf 87' lang='lat'><strong>40.</strong></span> <span class='ocrx_word' id='word_1_20' title='bbox 286 696 450 763; x_wconf 88' lang='lat' dir='ltr'><strong>Discrctus</strong></span> <span class='ocrx_word' id='word_1_21' title='bbox 484 716 558 780; x_wconf 83' lang='lat' dir='ltr'><strong>ergo</strong></span> <span class='ocrx_word' id='word_1_22' title='bbox 592 698 734 783; x_wconf 78' lang='lat' dir='ltr'><strong>pontifex</strong></span> <span class='ocrx_word' id='word_1_23' title='bbox 769 700 854 785; x_wconf 87' lang='lat' dir='ltr'><strong>apud</strong></span> <span class='ocrx_word' id='word_1_24' title='bbox 880 699 1069 784; x_wconf 78' lang='lat' dir='ltr'><strong>Belgridam</strong></span> <span class='ocrx_word' id='word_1_25' title='bbox 1103 701 1273 767; x_wconf 88' lang='lat' dir='ltr'><strong>terminum</strong></span> 
     </span>
     <span class='ocr_line' id='line_1_5' title="bbox 100 812 1272 901; baseline 0.008 -27"><span class='ocrx_word' id='word_1_26' title='bbox 100 830 222 895; x_wconf 90' lang='lat' dir='ltr'><strong>ponens</strong></span> <span class='ocrx_word' id='word_1_27' title='bbox 250 812 424 896; x_wconf 82' lang='lat' dir='ltr'><strong>euangelii,</strong></span> <span class='ocrx_word' id='word_1_28' title='bbox 454 814 560 878; x_wconf 82' lang='lat' dir='ltr'><strong>omnia</strong></span> <span class='ocrx_word' id='word_1_29' title='bbox 588 812 658 880; x_wconf 85' lang='lat' dir='ltr'><strong>loca</strong></span> <span class='ocrx_word' id='word_1_30' title='bbox 687 820 719 881; x_wconf 89' lang='lat' dir='ltr'><strong>et</strong></span> <span class='ocrx_word' id='word_1_31' title='bbox 747 815 891 880; x_wconf 81' lang='lat' dir='ltr'><strong>civitates</strong></span> <span class='ocrx_word' id='word_1_32' title='bbox 915 816 1060 901; x_wconf 87' lang='lat' dir='ltr'><strong>superins</strong></span> <span class='ocrx_word' id='word_1_33' title='bbox 1083 816 1272 899; x_wconf 80' lang='lat' dir='ltr'><strong>nominatus,</strong></span> 
     </span>
     <span class='ocr_line' id='line_1_6' title="bbox 100 926 1274 1015; baseline 0.007 -26"><span class='ocrx_word' id='word_1_34' title='bbox 100 926 133 990; x_wconf 91' lang='lat' dir='ltr'><strong>in</strong></span> <span class='ocrx_word' id='word_1_35' title='bbox 158 927 271 1011; x_wconf 91' lang='lat' dir='ltr'><strong>quibus</strong></span> <span class='ocrx_word' id='word_1_36' title='bbox 295 928 417 994; x_wconf 89' lang='lat' dir='ltr'><strong>semina</strong></span> <span class='ocrx_word' id='word_1_37' title='bbox 440 926 512 995; x_wconf 88' lang='lat' dir='ltr'><strong>tidei</strong></span> <span class='ocrx_word' id='word_1_38' title='bbox 535 934 707 1015; x_wconf 74' lang='lat' dir='ltr'>sparserat,</span> <span class='ocrx_word' id='word_1_39' title='bbox 730 929 811 996; x_wconf 92' lang='lat' dir='ltr'><strong>lidus</strong></span> <span class='ocrx_word' id='word_1_40' title='bbox 831 930 969 1013; x_wconf 77' lang='lat' dir='ltr'><strong>agricola</strong></span> <span class='ocrx_word' id='word_1_41' title='bbox 985 931 1087 997; x_wconf 91' lang='lat' dir='ltr'><strong>denuo</strong></span> <span class='ocrx_word' id='word_1_42' title='bbox 1101 930 1274 1015; x_wconf 82' lang='lat' dir='ltr'><strong>perlustra·</strong></span> 
     </span>
     <span class='ocr_line' id='line_1_7' title="bbox 100 1040 1274 1132; baseline 0.007 -26"><span class='ocrx_word' id='word_1_43' title='bbox 100 1040 160 1122; x_wconf 82' lang='lat' dir='ltr'><strong>vit3</strong></span> <span class='ocrx_word' id='word_1_44' title='bbox 185 1045 378 1126; x_wconf 76' lang='lat' dir='ltr'>cogniturus,</span> <span class='ocrx_word' id='word_1_45' title='bbox 403 1043 558 1128; x_wconf 88' lang='lat' dir='ltr'><strong>quomodo</strong></span> <span class='ocrx_word' id='word_1_46' title='bbox 575 1064 609 1111; x_wconf 87' lang='lat' dir='ltr'><strong>se</strong></span> <span class='ocrx_word' id='word_1_47' title='bbox 627 1044 779 1112; x_wconf 83' lang='lat' dir='ltr'><strong>haberent</strong></span> <span class='ocrx_word' id='word_1_48' title='bbox 794 1052 873 1113; x_wconf 81' lang='lat' dir='ltr'><strong>sata</strong></span> <span class='ocrx_word' id='word_1_49' title='bbox 908 1046 953 1113; x_wconf 89' lang='lat' dir='ltr'><strong>Et</strong></span> <span class='ocrx_word' id='word_1_50' title='bbox 966 1064 1038 1113; x_wconf 91' lang='lat' dir='ltr'><strong>eoce</strong></span> <span class='ocrx_word' id='word_1_51' title='bbox 1052 1066 1171 1131; x_wconf 83' lang='lat' dir='ltr'><strong>omnes,</strong></span> <span class='ocrx_word' id='word_1_52' title='bbox 1196 1068 1274 1132; x_wconf 91' lang='lat' dir='ltr'><strong>quas</strong></span> 
     </span>
     <span class='ocr_line' id='line_1_8' title="bbox 90 1158 1272 1248; baseline 0.006 -26"><span class='ocrx_word' id='word_1_53' title='bbox 90 1158 301 1243; x_wconf 80' lang='lat' dir='ltr'><strong>imperfectus</strong></span> <span class='ocrx_word' id='word_1_54' title='bbox 329 1158 515 1245; x_wconf 80' lang='lat' dir='ltr'>reliquerat,</span> <span class='ocrx_word' id='word_1_55' title='bbox 545 1159 689 1227; x_wconf 80' lang='lat' dir='ltr'><strong>basilicas</strong></span> <span class='ocrx_word' id='word_1_56' title='bbox 719 1166 751 1227; x_wconf 92' lang='lat' dir='ltr'><strong>et</strong></span> <span class='ocrx_word' id='word_1_57' title='bbox 779 1161 927 1229; x_wconf 86' lang='lat' dir='ltr'><strong>ecclesias</strong></span> <span class='ocrx_word' id='word_1_58' title='bbox 956 1162 1112 1248; x_wconf 86' lang='lat' dir='ltr'><strong>perlectas</strong></span> <span class='ocrx_word' id='word_1_59' title='bbox 1141 1164 1272 1229; x_wconf 85' lang='lat' dir='ltr'><strong>invenit</strong></span> 
     </span>
     <span class='ocr_line' id='line_1_9' title="bbox 99 1271 1273 1365; baseline 0.007 -28"><span class='ocrx_word' id='word_1_60' title='bbox 99 1272 152 1339; x_wconf 81' lang='lat' dir='ltr'><strong>Ad</strong></span> <span class='ocrx_word' id='word_1_61' title='bbox 178 1293 258 1360; x_wconf 89' lang='lat' dir='ltr'><strong>opus</strong></span> <span class='ocrx_word' id='word_1_62' title='bbox 288 1295 362 1359; x_wconf 82' lang='lat' dir='ltr'><strong>ergo</strong></span> <span class='ocrx_word' id='word_1_63' title='bbox 389 1271 613 1342; x_wconf 80' lang='lat' dir='ltr'><strong>dedicationis³</strong></span> <span class='ocrx_word' id='word_1_64' title='bbox 636 1277 768 1343; x_wconf 88' lang='lat' dir='ltr'><strong>devotus</strong></span> <span class='ocrx_word' id='word_1_65' title='bbox 791 1283 824 1345; x_wconf 89' lang='lat' dir='ltr'><strong>ct</strong></span> <span class='ocrx_word' id='word_1_66' title='bbox 844 1278 926 1345; x_wconf 89' lang='lat' dir='ltr'><strong>lotus</strong></span> <span class='ocrx_word' id='word_1_67' title='bbox 949 1278 1131 1361; x_wconf 79' lang='lat' dir='ltr'><strong>accingitur.</strong></span> <span class='ocrx_word' id='word_1_68' title='bbox 1167 1280 1273 1365; x_wconf 76' lang='lat' dir='ltr'><strong>Atque</strong></span> 
     </span>
     <span class='ocr_line' id='line_1_10' title="bbox 98 1390 1271 1479; baseline 0.004 -24"><span class='ocrx_word' id='word_1_69' title='bbox 98 1390 183 1457; x_wconf 82' lang='lat' dir='ltr'><strong>inter</strong></span> <span class='ocrx_word' id='word_1_70' title='bbox 198 1390 406 1458; x_wconf 78' lang='lat' dir='ltr'><strong>dedicandum</strong></span> <span class='ocrx_word' id='word_1_71' title='bbox 421 1392 579 1458; x_wconf 78' lang='lat' dir='ltr'><strong>crismatis</strong></span> <span class='ocrx_word' id='word_1_72' title='bbox 596 1394 742 1459; x_wconf 89' lang='lat' dir='ltr'><strong>unctione</strong></span> <span class='ocrx_word' id='word_1_73' title='bbox 766 1393 918 1479; x_wconf 90' lang='lat' dir='ltr'><strong>populum</strong></span> <span class='ocrx_word' id='word_1_74' title='bbox 934 1394 1123 1461; x_wconf 83' lang='lat' dir='ltr'><strong>confirmans</strong></span> <span class='ocrx_word' id='word_1_75' title='bbox 1129 1390 1150 1476; x_wconf 85' lang='lat'><strong>⁴,</strong></span> <span class='ocrx_word' id='word_1_76' title='bbox 1175 1395 1271 1461; x_wconf 89' lang='lat' dir='ltr'><strong>ctiam</strong></span> 
     </span>
     <span class='ocr_line' id='line_1_11' title="bbox 98 1507 1273 1596; baseline 0.005 -25"><span class='ocrx_word' id='word_1_77' title='bbox 98 1526 194 1591; x_wconf 91' lang='lat' dir='ltr'><strong>quarn</strong></span> <span class='ocrx_word' id='word_1_78' title='bbox 219 1507 371 1593; x_wconf 90' lang='lat' dir='ltr'><strong>plurimos</strong></span> <span class='ocrx_word' id='word_1_79' title='bbox 395 1508 515 1573; x_wconf 90' lang='lat' dir='ltr'><strong>invenit</strong></span> <span class='ocrx_word' id='word_1_80' title='bbox 538 1507 756 1594; x_wconf 77' lang='lat' dir='ltr'><strong>baptizandos,</strong></span> <span class='ocrx_word' id='word_1_81' title='bbox 781 1510 834 1593; x_wconf 89' lang='lat' dir='ltr'><strong>qui</strong></span> <span class='ocrx_word' id='word_1_82' title='bbox 853 1510 994 1592; x_wconf 87' lang='lat' dir='ltr'><strong>generali</strong></span> <span class='ocrx_word' id='word_1_83' title='bbox 1010 1510 1167 1595; x_wconf 85' lang='lat' dir='ltr'><strong>baptismo</strong></span> <span class='ocrx_word' id='word_1_84' title='bbox 1183 1512 1273 1596; x_wconf 91' lang='lat' dir='ltr'><strong>prius</strong></span> 
     </span>
     <span class='ocr_line' id='line_1_12' title="bbox 97 1624 1273 1711; baseline 0.003 -23"><span class='ocrx_word' id='word_1_85' title='bbox 97 1624 253 1689; x_wconf 89' lang='lat' dir='ltr'><strong>interesse</strong></span> <span class='ocrx_word' id='word_1_86' title='bbox 274 1642 337 1689; x_wconf 92' lang='lat' dir='ltr'><strong>non</strong></span> <span class='ocrx_word' id='word_1_87' title='bbox 361 1628 522 1709; x_wconf 81' lang='lat' dir='ltr'><strong>poterant3</strong></span> <span class='ocrx_word' id='word_1_88' title='bbox 546 1643 582 1689; x_wconf 91' lang='lat' dir='ltr'><strong>eo</strong></span> <span class='ocrx_word' id='word_1_89' title='bbox 606 1624 689 1707; x_wconf 90' lang='lat' dir='ltr'><strong>quod</strong></span> <span class='ocrx_word' id='word_1_90' title='bbox 712 1625 745 1689; x_wconf 92' lang='lat' dir='ltr'><strong>in</strong></span> <span class='ocrx_word' id='word_1_91' title='bbox 768 1624 887 1691; x_wconf 82' lang='lat' dir='ltr'><strong>exteris</strong></span> <span class='ocrx_word' id='word_1_92' title='bbox 909 1624 1052 1711; x_wconf 88' lang='lat' dir='ltr'><strong>partibus</strong></span> <span class='ocrx_word' id='word_1_93' title='bbox 1080 1626 1273 1711; x_wconf 78' lang='lat' dir='ltr'><strong>peregrinati</strong></span> 
     </span>
     <span class='ocr_line' id='line_1_13' title="bbox 96 1738 1273 1825; baseline 0.005 -22"><span class='ocrx_word' id='word_1_94' title='bbox 96 1738 231 1821; x_wconf 76' lang='lat' dir='ltr'><strong>negocio</strong></span> <span class='ocrx_word' id='word_1_95' title='bbox 252 1759 310 1806; x_wconf 87' lang='lat' dir='ltr'><strong>sna</strong></span> <span class='ocrx_word' id='word_1_96' title='bbox 333 1744 524 1806; x_wconf 85' lang='lat' dir='ltr'><strong>exercerent</strong></span> <span class='ocrx_word' id='word_1_97' title='bbox 560 1739 699 1816; x_wconf 85' lang='lat' dir='ltr'><strong>Quorum</strong></span> <span class='ocrx_word' id='word_1_98' title='bbox 723 1740 864 1825; x_wconf 84' lang='lat' dir='ltr'><strong>prolecto</strong></span> <span class='ocrx_word' id='word_1_99' title='bbox 886 1739 1035 1825; x_wconf 83' lang='lat' dir='ltr'><strong>Glddoue,</strong></span> <span class='ocrx_word' id='word_1_100' title='bbox 1064 1741 1174 1825; x_wconf 90' lang='lat' dir='ltr'><strong>luline,</strong></span> <span class='ocrx_word' id='word_1_101' title='bbox 1204 1741 1273 1809; x_wconf 87' lang='lat' dir='ltr'><strong>Ste-</strong></span> 
     </span>
     <span class='ocr_line' id='line_1_14' title="bbox 96 1852 1273 1942; baseline 0.003 -22"><span class='ocrx_word' id='word_1_102' title='bbox 96 1854 166 1921; x_wconf 90' lang='lat' dir='ltr'><strong>tine</strong></span> <span class='ocrx_word' id='word_1_103' title='bbox 193 1855 334 1921; x_wconf 85' lang='lat' dir='ltr'><strong>maxima</strong></span> <span class='ocrx_word' id='word_1_104' title='bbox 361 1860 430 1921; x_wconf 83' lang='lat' dir='ltr'><strong>erat</strong></span> <span class='ocrx_word' id='word_1_105' title='bbox 458 1856 558 1941; x_wconf 88' lang='lat' dir='ltr'><strong>copie.</strong></span> <span class='ocrx_word' id='word_1_106' title='bbox 594 1852 676 1921; x_wconf 83' lang='lat' dir='ltr'><strong>Mire</strong></span> <span class='ocrx_word' id='word_1_107' title='bbox 700 1856 817 1942; x_wconf 91' lang='lat' dir='ltr'><strong>quippe</strong></span> <span class='ocrx_word' id='word_1_108' title='bbox 840 1855 1007 1939; x_wconf 72' lang='lat' dir='ltr'><strong>aviditate,</strong></span> <span class='ocrx_word' id='word_1_109' title='bbox 1035 1856 1159 1941; x_wconf 87' lang='lat' dir='ltr'><strong>andito,</strong></span> <span class='ocrx_word' id='word_1_110' title='bbox 1190 1858 1273 1942; x_wconf 88' lang='lat' dir='ltr'><strong>quod</strong></span> 
     </span>
     <span class='ocr_line' id='line_1_15' title="bbox 96 1969 1273 2057; baseline 0.002 -20"><span class='ocrx_word' id='word_1_111' title='bbox 96 1972 267 2057; x_wconf 90' lang='lat' dir='ltr'><strong>episcopus</strong></span> <span class='ocrx_word' id='word_1_112' title='bbox 289 1970 330 2037; x_wconf 87' lang='lat' dir='ltr'><strong>sb</strong></span> <span class='ocrx_word' id='word_1_113' title='bbox 353 1971 400 2037; x_wconf 91' lang='lat' dir='ltr'><strong>eis</strong></span> <span class='ocrx_word' id='word_1_114' title='bbox 423 1970 584 2037; x_wconf 75' lang='lat' dir='ltr'><strong>discedere</strong></span> <span class='ocrx_word' id='word_1_115' title='bbox 600 1970 704 2053; x_wconf 82' lang='lat' dir='ltr'><strong>vellet,</strong></span> <span class='ocrx_word' id='word_1_116' title='bbox 728 1969 769 2036; x_wconf 86' lang='lat' dir='ltr'><strong>ed</strong></span> <span class='ocrx_word' id='word_1_117' title='bbox 784 1990 856 2037; x_wconf 90' lang='lat' dir='ltr'><strong>enm</strong></span> <span class='ocrx_word' id='word_1_118' title='bbox 872 1969 1106 2054; x_wconf 80' lang='lat' dir='ltr'><strong>confluxerunt3</strong></span> <span class='ocrx_word' id='word_1_119' title='bbox 1130 1972 1273 2040; x_wconf 78' lang='lat' dir='ltr'><strong>infelices</strong></span> 
     </span>
     <span class='ocr_line' id='line_1_16' title="bbox 95 2086 1273 2173; baseline 0 -20"><span class='ocrx_word' id='word_1_120' title='bbox 95 2106 133 2153; x_wconf 88' lang='lat' dir='ltr'><strong>se</strong></span> <span class='ocrx_word' id='word_1_121' title='bbox 157 2090 359 2173; x_wconf 73' lang='lat' dir='ltr'><strong>reputantes,</strong></span> <span class='ocrx_word' id='word_1_122' title='bbox 389 2086 501 2171; x_wconf 90' lang='lat' dir='ltr'><strong>quibus</strong></span> <span class='ocrx_word' id='word_1_123' title='bbox 525 2086 593 2153; x_wconf 89' lang='lat' dir='ltr'><strong>sine</strong></span> <span class='ocrx_word' id='word_1_124' title='bbox 617 2086 701 2152; x_wconf 91' lang='lat' dir='ltr'><strong>illius</strong></span> <span class='ocrx_word' id='word_1_125' title='bbox 725 2086 942 2153; x_wconf 88' lang='lat' dir='ltr'><strong>benedictione</strong></span> <span class='ocrx_word' id='word_1_126' title='bbox 964 2106 1129 2155; x_wconf 85' lang='lat' dir='ltr'><strong>remanare</strong></span> <span class='ocrx_word' id='word_1_127' title='bbox 1151 2089 1273 2155; x_wconf 87' lang='lat' dir='ltr'><strong>contiu-</strong></span> 
     </span>
     <span class='ocr_line' id='line_1_17' title="bbox 94 2201 1273 2287; baseline 0 -18"><span class='ocrx_word' id='word_1_128' title='bbox 94 2208 195 2285; x_wconf 83' lang='lat' dir='ltr'><strong>geret.</strong></span> <span class='ocrx_word' id='word_1_129' title='bbox 242 2201 308 2281; x_wconf 83' lang='lat' dir='ltr'><strong>Quo</strong></span> <span class='ocrx_word' id='word_1_130' title='bbox 340 2221 390 2269; x_wconf 89' lang='lat' dir='ltr'><strong>rcs</strong></span> <span class='ocrx_word' id='word_1_131' title='bbox 417 2203 451 2268; x_wconf 92' lang='lat' dir='ltr'><strong>in</strong></span> <span class='ocrx_word' id='word_1_132' title='bbox 480 2201 612 2285; x_wconf 77' lang='lat' dir='ltr'><strong>singulis</strong></span> <span class='ocrx_word' id='word_1_133' title='bbox 641 2201 719 2267; x_wconf 92' lang='lat' dir='ltr'><strong>locis</strong></span> <span class='ocrx_word' id='word_1_134' title='bbox 748 2201 944 2287; x_wconf 78' lang='lat' dir='ltr'><strong>aliquamdiu</strong></span> <span class='ocrx_word' id='word_1_135' title='bbox 971 2203 1063 2271; x_wconf 89' lang='lat' dir='ltr'><strong>nobis</strong></span> <span class='ocrx_word' id='word_1_136' title='bbox 1092 2204 1273 2270; x_wconf 89' lang='lat' dir='ltr'><strong>remorandi</strong></span> 
     </span>
     <span class='ocr_line' id='line_1_18' title="bbox 93 2317 1273 2405; baseline 0 -20"><span class='ocrx_word' id='word_1_137' title='bbox 93 2337 195 2385; x_wconf 84' lang='lat' dir='ltr'><strong>causo</strong></span> <span class='ocrx_word' id='word_1_138' title='bbox 216 2318 287 2385; x_wconf 84' lang='lat' dir='ltr'><strong>fnit</strong></span> <span class='ocrx_word' id='word_1_139' title='bbox 323 2317 449 2384; x_wconf 89' lang='lat' dir='ltr'><strong>Nullam</strong></span> <span class='ocrx_word' id='word_1_140' title='bbox 474 2324 578 2385; x_wconf 81' lang='lat' dir='ltr'><strong>sutem</strong></span> <span class='ocrx_word' id='word_1_141' title='bbox 603 2318 764 2384; x_wconf 81' lang='lat' dir='ltr'><strong>civitatem</strong></span> <span class='ocrx_word' id='word_1_142' title='bbox 788 2323 845 2384; x_wconf 90' lang='lat' dir='ltr'><strong>ant</strong></span> <span class='ocrx_word' id='word_1_143' title='bbox 865 2318 968 2385; x_wconf 88' lang='lat' dir='ltr'><strong>locum</strong></span> <span class='ocrx_word' id='word_1_144' title='bbox 992 2318 1199 2405; x_wconf 84' lang='lat' dir='ltr'><strong>plantationis</strong></span> <span class='ocrx_word' id='word_1_145' title='bbox 1217 2340 1273 2385; x_wconf 88' lang='lat' dir='ltr'><strong>sue</strong></span> 
     </span>
     <span class='ocr_line' id='line_1_19' title="bbox 93 2433 1274 2521; baseline 0 -20"><span class='ocrx_word' id='word_1_146' title='bbox 93 2433 278 2520; x_wconf 88' lang='lat' dir='ltr'><strong>relinquere</strong></span> <span class='ocrx_word' id='word_1_147' title='bbox 305 2433 419 2518; x_wconf 80' lang='lat' dir='ltr'><strong>voluit,</strong></span> <span class='ocrx_word' id='word_1_148' title='bbox 449 2454 542 2519; x_wconf 77' lang='lat' dir='ltr'><strong>‹puam</strong></span> <span class='ocrx_word' id='word_1_149' title='bbox 572 2454 636 2500; x_wconf 93' lang='lat' dir='ltr'><strong>non</strong></span> <span class='ocrx_word' id='word_1_150' title='bbox 666 2435 763 2501; x_wconf 90' lang='lat' dir='ltr'><strong>semel</strong></span> <span class='ocrx_word' id='word_1_151' title='bbox 791 2441 848 2500; x_wconf 90' lang='lat' dir='ltr'><strong>aut</strong></span> <span class='ocrx_word' id='word_1_152' title='bbox 874 2436 981 2521; x_wconf 89' lang='lat' dir='ltr'><strong>sepius</strong></span> <span class='ocrx_word' id='word_1_153' title='bbox 1010 2441 1083 2502; x_wconf 86' lang='lat' dir='ltr'><strong>unte</strong></span> <span class='ocrx_word' id='word_1_154' title='bbox 1112 2436 1274 2503; x_wconf 84' lang='lat' dir='ltr'><strong>cxituma</strong></span> 
     </span>
     <span class='ocr_line' id='line_1_20' title="bbox 91 2550 1273 2618; baseline 0 -1"><span class='ocrx_word' id='word_1_155' title='bbox 91 2557 185 2617; x_wconf 87' lang='lat' dir='ltr'><strong>terra</strong></span> <span class='ocrx_word' id='word_1_156' title='bbox 218 2551 457 2616; x_wconf 81' lang='lat' dir='ltr'><strong>confortationis</strong></span> <span class='ocrx_word' id='word_1_157' title='bbox 492 2554 523 2616; x_wconf 91' lang='lat' dir='ltr'><strong>et</strong></span> <span class='ocrx_word' id='word_1_158' title='bbox 560 2550 781 2617; x_wconf 82' lang='lat' dir='ltr'><strong>consolationis</strong></span> <span class='ocrx_word' id='word_1_159' title='bbox 816 2571 912 2616; x_wconf 87' lang='lat' dir='ltr'><strong>causa</strong></span> <span class='ocrx_word' id='word_1_160' title='bbox 938 2551 1100 2618; x_wconf 83' lang='lat' dir='ltr'><strong>reviseret</strong></span> <span class='ocrx_word' id='word_1_161' title='bbox 1144 2551 1273 2617; x_wconf 87' lang='lat' dir='ltr'><strong>Talibus</strong></span> 
     </span>
     <span class='ocr_line' id='line_1_21' title="bbox 91 2665 1272 2752; baseline -0.002 -18"><span class='ocrx_word' id='word_1_162' title='bbox 91 2687 174 2749; x_wconf 80' lang='lat' dir='ltr'><strong>ergo</strong></span> <span class='ocrx_word' id='word_1_163' title='bbox 205 2665 438 2733; x_wconf 82' lang='lat' dir='ltr'><strong>visitationibus</strong></span> <span class='ocrx_word' id='word_1_164' title='bbox 468 2666 595 2749; x_wconf 79' lang='lat' dir='ltr'><strong>regione</strong></span> <span class='ocrx_word' id='word_1_165' title='bbox 623 2671 807 2752; x_wconf 80' lang='lat' dir='ltr'><strong>peragrata,</strong></span> <span class='ocrx_word' id='word_1_166' title='bbox 841 2666 1031 2732; x_wconf 86' lang='lat' dir='ltr'><strong>consolando</strong></span> <span class='ocrx_word' id='word_1_167' title='bbox 1058 2666 1272 2732; x_wconf 79' lang='lat' dir='ltr'><strong>continuando</strong></span> 
     </span>
    </p>

    <p class='ocr_par' dir='ltr' id='par_1_4' title="bbox 38 2780 1384 3780">
     <span class='ocr_line' id='line_1_22' title="bbox 38 2780 1271 2868; baseline -0.001 -19"><span class='ocrx_word' id='word_1_168' title='bbox 38 2836 43 2848; x_wconf 92' lang='lat'>.</span> <span class='ocrx_word' id='word_1_169' title='bbox 89 2791 194 2868; x_wconf 85' lang='lat' dir='ltr'><strong>atque</strong></span> <span class='ocrx_word' id='word_1_170' title='bbox 228 2781 394 2849; x_wconf 84' lang='lat' dir='ltr'><strong>sulutundo</strong></span> <span class='ocrx_word' id='word_1_171' title='bbox 428 2783 545 2847; x_wconf 89' lang='lat' dir='ltr'><strong>amicos</strong></span> <span class='ocrx_word' id='word_1_172' title='bbox 574 2781 716 2867; x_wconf 87' lang='lat' dir='ltr'><strong>patrinos</strong></span> <span class='ocrx_word' id='word_1_173' title='bbox 746 2787 778 2848; x_wconf 90' lang='lat' dir='ltr'><strong>et</strong></span> <span class='ocrx_word' id='word_1_174' title='bbox 804 2780 917 2847; x_wconf 84' lang='lat' dir='ltr'><strong>filiolos</strong></span> <span class='ocrx_word' id='word_1_175' title='bbox 945 2787 1085 2864; x_wconf 85' lang='lat' dir='ltr'><strong>nostros,</strong></span> <span class='ocrx_word' id='word_1_176' title='bbox 1123 2783 1157 2848; x_wconf 91' lang='lat' dir='ltr'><strong>in</strong></span> <span class='ocrx_word' id='word_1_177' title='bbox 1185 2781 1271 2868; x_wconf 89' lang='lat' dir='ltr'><strong>pacis</strong></span> 
     </span>
     <span class='ocr_line' id='line_1_23' title="bbox 88 2896 1384 2981; baseline -0.002 -16"><span class='ocrx_word' id='word_1_178' title='bbox 88 2897 205 2966; x_wconf 89' lang='lat' dir='ltr'><strong>osculo</strong></span> <span class='ocrx_word' id='word_1_179' title='bbox 221 2897 398 2964; x_wconf 88' lang='lat' dir='ltr'><strong>dimisimus</strong></span> <span class='ocrx_word' id='word_1_180' title='bbox 423 2905 475 2964; x_wconf 92' lang='lat' dir='ltr'><strong>eos</strong></span> <span class='ocrx_word' id='word_1_181' title='bbox 499 2903 532 2964; x_wconf 91' lang='lat' dir='ltr'><strong>et</strong></span> <span class='ocrx_word' id='word_1_182' title='bbox 546 2896 669 2963; x_wconf 91' lang='lat' dir='ltr'><strong>dimissi</strong></span> <span class='ocrx_word' id='word_1_183' title='bbox 691 2917 811 2980; x_wconf 87' lang='lat' dir='ltr'><strong>sumus,</strong></span> <span class='ocrx_word' id='word_1_184' title='bbox 833 2897 972 2964; x_wconf 77' lang='lat' dir='ltr'><strong>lacrimis</strong></span> <span class='ocrx_word' id='word_1_185' title='bbox 990 2903 1023 2964; x_wconf 90' lang='lat' dir='ltr'><strong>et</strong></span> <span class='ocrx_word' id='word_1_186' title='bbox 1038 2897 1207 2981; x_wconf 78' lang='lat' dir='ltr'><strong>gemitibus</strong></span> <span class='ocrx_word' id='word_1_187' title='bbox 1224 2898 1272 2964; x_wconf 92' lang='lat' dir='ltr'><strong>di·</strong></span> <span class='ocrx_word' id='word_1_188' title='bbox 1288 2930 1308 2962; x_wconf 72' lang='lat' dir='ltr'><strong>e</strong></span> <span class='ocrx_word' id='word_1_189' title='bbox 1337 2931 1384 2962; x_wconf 71' lang='grc' dir='ltr'>ιι,</span> 
     </span>
     <span class='ocr_line' id='line_1_24' title="bbox 87 2989 1293 3100; baseline 0 -20"><span class='ocrx_word' id='word_1_190' title='bbox 87 3014 252 3080; x_wconf 86' lang='lat' dir='ltr'><strong>vulsionis</strong></span> <span class='ocrx_word' id='word_1_191' title='bbox 274 3012 414 3081; x_wconf 93' lang='lat' dir='ltr'><strong>dolorem</strong></span> <span class='ocrx_word' id='word_1_192' title='bbox 438 3019 607 3097; x_wconf 91' lang='lat' dir='ltr'><strong>utrumque</strong></span> <span class='ocrx_word' id='word_1_193' title='bbox 629 3017 851 3100; x_wconf 89' lang='lat' dir='ltr'><strong>temperantes.</strong></span> <span class='ocrx_word' id='word_1_194' title='bbox 882 3011 1065 3080; x_wconf 84' lang='lat' dir='ltr'><strong>Multotiens</strong></span> <span class='ocrx_word' id='word_1_195' title='bbox 1087 3015 1184 3080; x_wconf 86' lang='lat' dir='ltr'><strong>etium</strong></span> <span class='ocrx_word' id='word_1_196' title='bbox 1203 2989 1293 3080; x_wconf 73' lang='lat' dir='ltr'><strong>toto⁸</strong></span> 
     </span>
     <span class='ocr_line' id='line_1_25' title="bbox 85 3128 1270 3213; baseline -0.003 -15"><span class='ocrx_word' id='word_1_197' title='bbox 85 3129 264 3198; x_wconf 87' lang='lat' dir='ltr'><strong>conamine</strong></span> <span class='ocrx_word' id='word_1_198' title='bbox 285 3150 344 3196; x_wconf 89' lang='lat' dir='ltr'><strong>nos</strong></span> <span class='ocrx_word' id='word_1_199' title='bbox 368 3129 483 3213; x_wconf 80' lang='lat' dir='ltr'><strong>iugiter</strong></span> <span class='ocrx_word' id='word_1_200' title='bbox 507 3129 591 3213; x_wconf 88' lang='lat' dir='ltr'><strong>epnd</strong></span> <span class='ocrx_word' id='word_1_201' title='bbox 615 3147 648 3196; x_wconf 90' lang='lat' dir='ltr'><strong>sc</strong></span> <span class='ocrx_word' id='word_1_202' title='bbox 670 3131 808 3196; x_wconf 89' lang='lat' dir='ltr'><strong>retinere</strong></span> <span class='ocrx_word' id='word_1_203' title='bbox 829 3128 942 3212; x_wconf 90' lang='lat' dir='ltr'><strong>moliti,</strong></span> <span class='ocrx_word' id='word_1_204' title='bbox 968 3129 1131 3196; x_wconf 89' lang='lat' dir='ltr'><strong>dominum</strong></span> <span class='ocrx_word' id='word_1_205' title='bbox 1153 3149 1270 3213; x_wconf 88' lang='lat' dir='ltr'><strong>meum,</strong></span> 
     </span>
     <span class='ocr_line' id='line_1_26' title="bbox 85 3243 1271 3331; baseline -0.003 -17"><span class='ocrx_word' id='word_1_206' title='bbox 85 3252 132 3314; x_wconf 89' lang='lat' dir='ltr'><strong>nt</strong></span> <span class='ocrx_word' id='word_1_207' title='bbox 156 3245 372 3331; x_wconf 83' lang='lat' dir='ltr'><strong>episcopatum</strong></span> <span class='ocrx_word' id='word_1_208' title='bbox 395 3246 441 3313; x_wconf 91' lang='lat' dir='ltr'><strong>ibi</strong></span> <span class='ocrx_word' id='word_1_209' title='bbox 463 3244 670 3329; x_wconf 81' lang='lat' dir='ltr'><strong>gubernaret,</strong></span> <span class='ocrx_word' id='word_1_210' title='bbox 695 3245 917 3312; x_wconf 87' lang='lat' dir='ltr'><strong>ardentissime</strong></span> <span class='ocrx_word' id='word_1_211' title='bbox 938 3243 1102 3329; x_wconf 70' lang='lat' dir='ltr'><strong>rogabant</strong></span> <span class='ocrx_word' id='word_1_212' title='bbox 1127 3265 1162 3311; x_wconf 91' lang='lat' dir='ltr'><strong>se</strong></span> <span class='ocrx_word' id='word_1_213' title='bbox 1184 3246 1271 3330; x_wconf 89' lang='lat' dir='ltr'><strong>ipsos</strong></span> 
     </span>
     <span class='ocr_line' id='line_1_27' title="bbox 84 3358 1271 3446; baseline -0.005 -16"><span class='ocrx_word' id='word_1_214' title='bbox 84 3369 126 3430; x_wconf 83' lang='lat' dir='ltr'><strong>et</strong></span> <span class='ocrx_word' id='word_1_215' title='bbox 157 3381 216 3428; x_wconf 87' lang='lat' dir='ltr'><strong>sua</strong></span> <span class='ocrx_word' id='word_1_216' title='bbox 242 3360 328 3429; x_wconf 91' lang='lat' dir='ltr'><strong>illius</strong></span> <span class='ocrx_word' id='word_1_217' title='bbox 358 3363 470 3429; x_wconf 91' lang='lat' dir='ltr'><strong>ditioni</strong></span> <span class='ocrx_word' id='word_1_218' title='bbox 501 3360 620 3428; x_wconf 87' lang='lat' dir='ltr'><strong>servire</strong></span> <span class='ocrx_word' id='word_1_219' title='bbox 648 3358 842 3446; x_wconf 89' lang='lat' dir='ltr'><strong>pollicentes.</strong></span> <span class='ocrx_word' id='word_1_220' title='bbox 888 3359 933 3426; x_wconf 87' lang='lat' dir='ltr'><strong>Et</strong></span> <span class='ocrx_word' id='word_1_221' title='bbox 961 3366 998 3426; x_wconf 89' lang='lat' dir='ltr'><strong>ut</strong></span> <span class='ocrx_word' id='word_1_222' title='bbox 1019 3380 1129 3427; x_wconf 82' lang='lat' dir='ltr'><strong>verum</strong></span> <span class='ocrx_word' id='word_1_223' title='bbox 1157 3359 1271 3442; x_wconf 84' lang='lat' dir='ltr'><strong>fatear,</strong></span> 
     </span>
     <span class='ocr_line' id='line_1_28' title="bbox 81 3474 1271 3564; baseline -0.006 -16"><span class='ocrx_word' id='word_1_224' title='bbox 81 3483 187 3548; x_wconf 82' lang='lat' dir='ltr'><strong>caneo</strong></span> <span class='ocrx_word' id='word_1_225' title='bbox 210 3497 318 3545; x_wconf 81' lang='lat' dir='ltr'><strong>umore</strong></span> <span class='ocrx_word' id='word_1_226' title='bbox 341 3499 397 3546; x_wconf 82' lang='lat' dir='ltr'><strong>suc</strong></span> <span class='ocrx_word' id='word_1_227' title='bbox 419 3475 625 3564; x_wconf 79' lang='lat' dir='ltr'><strong>plantationis</strong></span> <span class='ocrx_word' id='word_1_228' title='bbox 647 3474 803 3559; x_wconf 80' lang='lat' dir='ltr'><strong>flagrabat</strong></span> <span class='ocrx_word' id='word_1_229' title='bbox 824 3476 1002 3562; x_wconf 85' lang='lat' dir='ltr'><strong>episcopus,</strong></span> <span class='ocrx_word' id='word_1_230' title='bbox 1025 3476 1110 3560; x_wconf 88' lang='lat' dir='ltr'><strong>quod</strong></span> <span class='ocrx_word' id='word_1_231' title='bbox 1126 3475 1271 3542; x_wconf 83' lang='lat' dir='ltr'><strong>uolunta·</strong></span> 
     </span>
     <span class='ocr_line' id='line_1_29' title="bbox 79 3589 1270 3680; baseline -0.007 -16"><span class='ocrx_word' id='word_1_232' title='bbox 79 3603 160 3664; x_wconf 87' lang='lat' dir='ltr'><strong>tem</strong></span> <span class='ocrx_word' id='word_1_233' title='bbox 185 3592 361 3678; x_wconf 86' lang='lat' dir='ltr'><strong>plenariam</strong></span> <span class='ocrx_word' id='word_1_234' title='bbox 384 3593 469 3680; x_wconf 88' lang='lat' dir='ltr'><strong>epud</strong></span> <span class='ocrx_word' id='word_1_235' title='bbox 492 3613 546 3660; x_wconf 90' lang='lat' dir='ltr'><strong>eos</strong></span> <span class='ocrx_word' id='word_1_236' title='bbox 570 3591 752 3659; x_wconf 91' lang='lat' dir='ltr'><strong>remanendi</strong></span> <span class='ocrx_word' id='word_1_237' title='bbox 776 3590 922 3672; x_wconf 84' lang='lat' dir='ltr'><strong>baberet3</strong></span> <span class='ocrx_word' id='word_1_238' title='bbox 945 3591 1001 3656; x_wconf 92' lang='lat' dir='ltr'><strong>sed</strong></span> <span class='ocrx_word' id='word_1_239' title='bbox 1025 3589 1182 3658; x_wconf 87' lang='lat' dir='ltr'><strong>aclericis</strong></span> <span class='ocrx_word' id='word_1_240' title='bbox 1205 3591 1270 3656; x_wconf 90' lang='lat' dir='ltr'><strong>suis</strong></span> 
     </span>
     <span class='ocr_line' id='line_1_30' title="bbox 78 3712 340 3780; baseline -0.019 0"><span class='ocrx_word' id='word_1_241' title='bbox 78 3712 260 3780; x_wconf 86' lang='lat' dir='ltr'><strong>dissuasus</strong></span> <span class='ocrx_word' id='word_1_242' title='bbox 283 3715 340 3776; x_wconf 89' lang='lat' dir='ltr'><strong>est.</strong></span> 
     </span>
    </p>

    <p class='ocr_par' dir='ltr' id='par_1_5' title="bbox 72 3820 1271 4246">
     <span class='ocr_line' id='line_1_31' title="bbox 186 3820 1270 3908; baseline -0.005 -17"><span class='ocrx_word' id='word_1_243' title='bbox 186 3826 240 3891; x_wconf 90' lang='lat'><strong>41.</strong></span> <span class='ocrx_word' id='word_1_244' title='bbox 277 3825 424 3892; x_wconf 85' lang='lat' dir='ltr'><strong>Tiamo:</strong></span> <span class='ocrx_word' id='word_1_245' title='bbox 448 3823 491 3892; x_wconf 90' lang='lat' dir='ltr'><strong>Ut</strong></span> <span class='ocrx_word' id='word_1_246' title='bbox 506 3824 597 3890; x_wconf 85' lang='lat' dir='ltr'><strong>uideo</strong></span> <span class='ocrx_word' id='word_1_247' title='bbox 620 3823 751 3908; x_wconf 89' lang='lat' dir='ltr'><strong>inquit</strong></span> <span class='ocrx_word' id='word_1_248' title='bbox 768 3829 826 3887; x_wconf 88' lang='lat' dir='ltr'><strong>tua</strong></span> <span class='ocrx_word' id='word_1_249' title='bbox 839 3821 980 3888; x_wconf 77' lang='lat' dir='ltr'><strong>narratio</strong></span> <span class='ocrx_word' id='word_1_250' title='bbox 1002 3821 1042 3887; x_wconf 79' lang='lat' dir='ltr'><strong>ad</strong></span> <span class='ocrx_word' id='word_1_251' title='bbox 1057 3820 1165 3888; x_wconf 90' lang='lat' dir='ltr'><strong>sedem</strong></span> <span class='ocrx_word' id='word_1_252' title='bbox 1180 3839 1270 3887; x_wconf 89' lang='lat' dir='ltr'><strong>suam</strong></span> 
     </span>
     <span class='ocr_line' id='line_1_32' title="bbox 75 3936 1271 4023; baseline -0.007 -13"><span class='ocrx_word' id='word_1_253' title='bbox 75 3943 246 4012; x_wconf 89' lang='lat' dir='ltr'><strong>reducere</strong></span> <span class='ocrx_word' id='word_1_254' title='bbox 269 3940 337 4008; x_wconf 86' lang='lat' dir='ltr'><strong>vult</strong></span> <span class='ocrx_word' id='word_1_255' title='bbox 352 3939 497 4007; x_wconf 91' lang='lat' dir='ltr'><strong>Ottonem</strong></span> <span class='ocrx_word' id='word_1_256' title='bbox 521 3943 674 4005; x_wconf 85' lang='lat' dir='ltr'><strong>nostrum.</strong></span> <span class='ocrx_word' id='word_1_257' title='bbox 712 3937 774 4004; x_wconf 87' lang='lat' dir='ltr'><strong>Sed</strong></span> <span class='ocrx_word' id='word_1_258' title='bbox 798 3936 838 4003; x_wconf 93' lang='lat' dir='ltr'><strong>de</strong></span> <span class='ocrx_word' id='word_1_259' title='bbox 859 3937 960 4023; x_wconf 89' lang='lat' dir='ltr'><strong>ipsius</strong></span> <span class='ocrx_word' id='word_1_260' title='bbox 983 3943 1076 4019; x_wconf 88' lang='lat' dir='ltr'><strong>terre,</strong></span> <span class='ocrx_word' id='word_1_261' title='bbox 1101 3956 1195 4021; x_wconf 89' lang='lat' dir='ltr'><strong>quam</strong></span> <span class='ocrx_word' id='word_1_262' title='bbox 1217 3936 1271 4003; x_wconf 91' lang='lat' dir='ltr'><strong>de·</strong></span> 
     </span>
     <span class='ocr_line' id='line_1_33' title="bbox 73 4051 1270 4144; baseline -0.011 -15"><span class='ocrx_word' id='word_1_263' title='bbox 73 4058 193 4139; x_wconf 84' lang='lat' dir='ltr'><strong>serie,</strong></span> <span class='ocrx_word' id='word_1_264' title='bbox 222 4057 436 4144; x_wconf 88' lang='lat' dir='ltr'><strong>oportunitute</strong></span> <span class='ocrx_word' id='word_1_265' title='bbox 459 4055 509 4122; x_wconf 86' lang='lat' dir='ltr'><strong>vel</strong></span> <span class='ocrx_word' id='word_1_266' title='bbox 530 4054 722 4122; x_wconf 85' lang='lat' dir='ltr'><strong>fecunditate</strong></span> <span class='ocrx_word' id='word_1_267' title='bbox 747 4051 857 4119; x_wconf 81' lang='lat' dir='ltr'><strong>rebem</strong></span> <span class='ocrx_word' id='word_1_268' title='bbox 882 4051 1002 4137; x_wconf 83' lang='lat' dir='ltr'><strong>cliqnid</strong></span> <span class='ocrx_word' id='word_1_269' title='bbox 1025 4052 1155 4119; x_wconf 91' lang='lat' dir='ltr'><strong>diceres.</strong></span> <span class='ocrx_word' id='word_1_270' title='bbox 1192 4051 1270 4117; x_wconf 90' lang='lat' dir='ltr'><strong>Pos-</strong></span> 
     </span>
     <span class='ocr_line' id='line_1_34' title="bbox 72 4171 562 4246; baseline -0.022 0"><span class='ocrx_word' id='word_1_271' title='bbox 72 4179 209 4246; x_wconf 86' lang='lat' dir='ltr'><strong>sentne</strong></span> <span class='ocrx_word' id='word_1_272' title='bbox 231 4171 297 4239; x_wconf 92' lang='lat' dir='ltr'><strong>illic</strong></span> <span class='ocrx_word' id='word_1_273' title='bbox 319 4191 389 4240; x_wconf 90' lang='lat' dir='ltr'><strong>esse</strong></span> <span class='ocrx_word' id='word_1_274' title='bbox 412 4171 562 4238; x_wconf 77' lang='lat' dir='ltr'><strong>cenobia?</strong></span> 
     </span>
    </p>
   </div>
   <div class='ocr_carea' id='block_1_3' title="bbox 68 4323 1267 4481">
    <p class='ocr_par' dir='ltr' id='par_1_6' title="bbox 68 4323 1267 4481">
     <span class='ocr_line' id='line_1_35' title="bbox 169 4323 1267 4392; baseline -0.006 -8"><span class='ocrx_word' id='word_1_275' title='bbox 169 4332 193 4384; x_wconf 92' lang='lat'><strong>1.</strong></span> <span class='ocrx_word' id='word_1_276' title='bbox 213 4334 277 4385; x_wconf 87' lang='lat' dir='ltr'><strong>ante</strong></span> <span class='ocrx_word' id='word_1_277' title='bbox 295 4329 322 4384; x_wconf 86' lang='lat' dir='ltr'><strong>d.</strong></span> <span class='ocrx_word' id='word_1_278' title='bbox 335 4331 371 4384; x_wconf 68' lang='lat'><strong>22</strong></span> <span class='ocrx_word' id='word_1_279' title='bbox 388 4329 466 4384; x_wconf 83' lang='lat' dir='ltr'><strong>Mart</strong></span> <span class='ocrx_word' id='word_1_280' title='bbox 480 4328 558 4384; x_wconf 75' lang='lat'>1125.</span> <span class='ocrx_word' id='word_1_281' title='bbox 678 4329 703 4381; x_wconf 73' lang='grc'><strong>2.</strong></span> <span class='ocrx_word' id='word_1_282' title='bbox 725 4326 754 4382; x_wconf 92' lang='lat' dir='ltr'><strong>in</strong></span> <span class='ocrx_word' id='word_1_283' title='bbox 773 4339 860 4382; x_wconf 75' lang='lat' dir='ltr'><strong>mons</strong></span> <span class='ocrx_word' id='word_1_284' title='bbox 877 4325 987 4381; x_wconf 87' lang='lat' dir='ltr'><strong>Domini</strong></span> <span class='ocrx_word' id='word_1_285' title='bbox 1012 4326 1062 4392; x_wconf 79' lang='lat'><strong>(26</strong></span> <span class='ocrx_word' id='word_1_286' title='bbox 1079 4323 1157 4379; x_wconf 81' lang='lat' dir='ltr'><strong>biart.</strong></span> <span class='ocrx_word' id='word_1_287' title='bbox 1172 4323 1267 4389; x_wconf 76' lang='lat'>1125).</span> 
     </span>
     <span class='ocr_line' id='line_1_36' title="bbox 68 4412 1166 4481; baseline -0.013 0"><span class='ocrx_word' id='word_1_288' title='bbox 68 4427 107 4481; x_wconf 83' lang='lat'><strong>3.</strong></span> <span class='ocrx_word' id='word_1_289' title='bbox 133 4418 327 4475; x_wconf 75' lang='lat' dir='ltr'><strong>ecclesiarum.</strong></span> <span class='ocrx_word' id='word_1_290' title='bbox 434 4417 461 4471; x_wconf 80' lang='lat'><strong>4.</strong></span> <span class='ocrx_word' id='word_1_291' title='bbox 485 4413 526 4472; x_wconf 81' lang='lat' dir='ltr'><strong>(il.</strong></span> <span class='ocrx_word' id='word_1_292' title='bbox 542 4413 701 4470; x_wconf 84' lang='lat' dir='ltr'><strong>Pontificale</strong></span> <span class='ocrx_word' id='word_1_293' title='bbox 719 4416 887 4472; x_wconf 59' lang='lat' dir='ltr'><strong>Muranum:</strong></span> <span class='ocrx_word' id='word_1_294' title='bbox 905 4414 948 4470; x_wconf 87' lang='lat' dir='ltr'><strong>De</strong></span> <span class='ocrx_word' id='word_1_295' title='bbox 966 4412 1166 4470; x_wconf 80' lang='lat' dir='ltr'><strong>conmmandn.</strong></span> 
     </span>
    </p>
   </div>
   <div class='ocr_carea' id='block_1_4' title="bbox 997 4512 1057 4568">
    <p class='ocr_par' dir='ltr' id='par_1_7' title="bbox 997 4512 1057 4568">
     <span class='ocr_line' id='line_1_37' title="bbox 997 4512 1057 4568; baseline 0 -20"><span class='ocrx_word' id='word_1_296' title='bbox 997 4512 1057 4568; x_wconf 59' lang='lat'><strong>50!</strong></span> 
     </span>
    </p>
   </div>
   <div class='ocr_carea' id='block_1_5' title="bbox 0 0 1576 4850">
    <p class='ocr_par' dir='ltr' id='par_1_8' title="bbox 0 0 1576 4850">
     <span class='ocr_line' id='line_1_38' title="bbox 0 0 1576 4850; baseline 0 5"><span class='ocrx_word' id='word_1_297' title='bbox 0 0 1576 4850; x_wconf 95' lang='lat' dir='ltr'><strong> </strong></span> 
     </span>
    </p>
   </div>
  </div>
 </body>
</html>
