3142 4850
350 314 530 365 muscam
552 314 734 365 nrsroous.
768 316 864 364 nisi
888 314 977 365 1e.2o
1185 300 1274 365 719.

83 470 175 523 eisdem
192 471 352 523 monutedh
369 471 437 523 iusta
454 472 613 523 servantibus
625 472 659 524 sit
669 490 720 539 pax
731 473 827 525 domiui
843 474 923 525 nostri
936 468 994 525 Iesu
1008 473 1109 535 Christi,
1126 481 1250 539 quatenus
1274 479 1344 535 1123

83 567 108 609 et
123 558 164 609 lsic
181 559 290 611 uuum
307 560 374 611 boue
387 560 493 611 actionis
511 560 652 627 percipiant
664 570 691 611 et
703 561 771 627 apud
784 561 924 611 disuictum
935 561 1041 612 iudicem
1055 562 1152 628 premia
1163 570 1250 613 eterne
1269 553 1349 612 apae

83 647 149 711 pacis
165 647 303 699 inveniant
384 646 509 714 Scriptum
533 666 579 714 per
601 666 703 700 manum
721 648 837 699 Gervasii
860 648 982 700 scriniarii
1000 650 1134 714 regionarii
1158 660 1184 701 et
1202 667 1249 702 no·

83 734 136 785 au
153 736 219 785 aas
235 734 367 801 poscis

168 832 260 899 Tum
282 854 369 917 ego:
392 834 476 901 Ecce
496 835 653 920 inquam
677 835 806 920 quiade
828 842 893 901 tam
917 834 1026 901 multis
1042 835 1181 903 cenobiis
1202 838 1250 902 fa·

83 947 198 1014 ciendis
212 948 324 1035 ipsius,
340 950 394 1035 qui
411 970 448 1016 ea
462 949 546 1033 fecit,
570 969 723 1035 congruas
740 952 846 1037 accepi
870 950 1007 1017 rationes
1030 956 1062 1017 et
1078 952 1249 1019 eorundem

83 1063 120 1129 ab
142 1063 316 1150 apostolica
337 1065 412 1131 sede
434 1064 697 1149 confirmationes,
727 1066 856 1149 etquis
878 1066 967 1131 sedes
992 1066 1164 1152 apostolica
1187 1088 1249 1133 uon

81 1177 245 1245 coufirmat
265 1180 328 1246 nisi
350 1200 398 1263 ea,
422 1200 483 1264 que
505 1180 574 1246 siue
596 1180 692 1248 dubio
706 1187 793 1247 recta
808 1182 897 1247 novit
911 1187 943 1247 et
957 1181 1049 1264 bona,
1074 1201 1147 1264 ergo
1170 1180 1250 1247 lidu-

82 1293 202 1361 cialiter
223 1295 336 1380 iufero,
361 1295 445 1379 quod
468 1301 541 1362 ante
564 1316 627 1362 nou
651 1297 845 1383 presumpsi:
874 1297 991 1363 bonum
1015 1318 1083 1363 esse
1106 1302 1137 1363 et
1160 1297 1250 1363 valde

81 1408 207 1494 benum,
230 1411 313 1496 quod
335 1416 454 1477 ustam
477 1412 644 1497 pecuniam
667 1412 700 1477 in
716 1412 794 1477 talia
815 1412 960 1498 proiecit3
984 1412 1082 1479 multo
1099 1414 1182 1480 enim
1205 1414 1251 1479 fe-

80 1544 156 1591 nore
187 1526 251 1592 iam
275 1547 343 1592 eam
372 1532 474 1593 totam
496 1527 624 1612 recepit
670 1526 756 1608 Ergo
778 1526 895 1593 bonum
919 1532 983 1610 est,
1017 1547 1079 1593 nou
1103 1530 1164 1595 cito
1188 1548 1251 1594 uon

79 1645 198 1707 umere
231 1642 372 1708 iudicare
405 1642 461 1708 sed
494 1642 660 1708 meliorum
694 1642 882 1707 seutentiam
913 1648 1089 1727 expectare.
1189 1642 1251 1709 Sed

28 1800 31 1803 -
79 1755 203 1841 vellem,
226 1757 324 1823 sicut·
340 1756 374 1823 in
388 1756 483 1825 rebus
498 1758 684 1824 extrinsecis
699 1755 881 1823 firmitatem
898 1764 930 1823 st
944 1758 1251 1825 immutabilitateml

78 1871 144 1938 suis
174 1872 313 1938 cenobiis
348 1894 406 1961 per
440 1873 645 1960 apostolicam
674 1872 893 1938 auctoritatem
926 1872 1091 1959 providere
1120 1874 1251 1959 studuit,

76 1985 124 2053 ita
147 1993 180 2054 et
202 1988 236 2053 in
259 1988 411 2073 religione
435 2010 472 2055 ac
493 1988 588 2055 rebus
610 1988 790 2054 intrinsecis
815 1987 951 2073 aliquam
976 1990 1022 2055 eis
1045 1988 1251 2055 stabilitatem

78 2107 174 2189 atque
196 2085 485 2170 immutabilitatem
516 2124 574 2191 per
597 2104 737 2170 eiusdem
760 2103 845 2169 sedis
869 2103 1040 2190 apostolice
1064 2105 1253 2191 providisset

76 2219 308 2285 auctoritatem.
400 2219 471 2285 Nou
495 2225 544 2286 est
571 2220 656 2287 euim
678 2216 767 2301 finis,
796 2238 859 2285 non
889 2224 937 2284 est
963 2219 1075 2285 modus
1103 2220 1253 2287 mutando

75 2333 242 2427 religionis
264 2340 296 2400 et
317 2335 569 2418 consuetudinis3
594 2333 732 2400 maxime
754 2334 788 2400 in
812 2335 921 2400 ordine
946 2334 1151 2401 Clouiaceusi.
1190 2335 1252 2401 Pro

75 2470 133 2516 sno
157 2451 316 2518 arbitratu
339 2453 472 2537 quiaque
500 2451 649 2517 abbatum
680 2449 747 2515 siue
771 2470 925 2516 consensu
952 2458 984 2516 et
1007 2451 1137 2518 oonsilio
1160 2450 1253 2518 coab-

73 2566 186 2633 batum
211 2587 339 2633 suornm
364 2603 406 2612 -
431 2586 545 2650 magno
567 2585 642 2652 sepe
664 2565 798 2631 fratrum
821 2565 1010 2632 detrimento
1035 2602 1076 2610 —
1102 2567 1198 2632 adicit
1222 2572 1254 2634 et

35 2706 37 2711 ·
72 2683 177 2767 reicit,
204 2682 387 2766 quodvult
715 2761 721 2771 ι

165 2799 316 2864 Tiemo:
341 2798 438 2864 Vetus
467 2796 602 2881 iuquit
628 2795 686 2861 illa
708 2795 747 2862 de
770 2794 880 2862 ordine
904 2800 1011 2860 nostro
1036 2795 1163 2878 querela
1194 2802 1250 2863 est.

72 2913 137 2982 Sed
161 2915 198 2980 iu
222 2920 350 3000 promtu
373 2918 436 2996 est,
465 2933 516 2979 me
545 2913 603 2978 tibi
626 2909 809 2994 ostendere,
839 2910 973 2994 qualiter
1001 2910 1068 2976 eius
1097 2913 1252 2995 sagacitas

69 3030 146 3096 hnic
170 3029 301 3112 morbo,
332 3033 484 3114 quantum
513 3029 545 3093 iu
574 3027 628 3093 illo
654 3027 730 3110 fuit,
760 3025 887 3092 obviare
910 3025 1075 3092 studuerit.
1117 3027 1251 3114 Accipe3

68 3145 141 3232 ipse
165 3144 241 3228 lege
263 3150 296 3210 et
317 3143 460 3230 perlege:

163 3262 222 3327 20·
262 3275 437 3339 „Innocentius
456 3276 590 3342 episcopus
609 3290 695 3324 servus
715 3290 842 3324 serrorum
860 3273 909 3323 Dei
928 3273 1063 3323 venerabili
1082 3273 1153 3324 fratri
1166 3273 1253 3326 Ottoni
1282 3285 1351 3339 1139
1438 3267 1441 3275 ‘

67 3363 288 3429 Babeubergeusi
306 3363 426 3429 episcopo
444 3362 547 3428 eiusque
566 3361 751 3412 successoribus
770 3361 890 3412 canonice
909 3359 1089 3412 substituendis
1102 3361 1209 3412 salutem
1228 3369 1254 3412 et
1270 3357 1316 3405 lan·
1327 3359 1357 3404 ²8

67 3454 244 3522 apostolicam
265 3451 475 3503 benedictionem.
566 3449 691 3510 Quociens
716 3448 778 3500 illud
796 3467 812 3498 a
830 3449 902 3499 uobis
921 3450 1029 3514 petitur,
1052 3449 1120 3514 quod
1139 3449 1254 3514 religioni

66 3554 95 3596 et
116 3541 255 3596 honestati
273 3539 407 3590 conrenire
424 3540 597 3605 cognoscitur,
619 3540 702 3590 animo
726 3556 773 3590 uos
792 3538 867 3589 decet
884 3537 971 3588 libenti
990 3537 1128 3588 concedere
1147 3545 1173 3588 et
1190 3555 1251 3590 cou-

65 3650 161 3700 gronm
181 3628 310 3695 impertiri
328 3627 487 3694 suffragium,
506 3637 534 3677 ut
552 3627 634 3678 fidelis
653 3627 753 3678 devotio
772 3626 879 3677 celerem
899 3626 1016 3676 sortiatur
1034 3626 1157 3676 eflectum.
1188 3625 1252 3677 Pro·

65 3721 137 3782 inde,
157 3716 317 3770 venerabilis
335 3715 413 3766 irater
426 3716 486 3766 Otto
504 3715 631 3782 episcopo,
650 3715 779 3781 petitionis
798 3723 841 3765 tue
854 3713 985 3764 desideriis
1004 3731 1035 3763 ex
1048 3721 1167 3764 consucta
1186 3713 1254 3764 sedis

66 3806 214 3876 apostoliea
235 3803 427 3856 mansuetudine
446 3803 582 3853 clementer
600 3803 745 3863 annuimum
769 3802 795 3851 in
814 3801 900 3868 primis
919 3801 1041 3866 siquidem
1059 3808 1207 3862 statuentes,
1226 3809 1255 3852 ut

64 3909 141 3952 aanor
159 3893 306 3960 religionis
325 3890 412 3957 quiin
429 3890 542 3942 ecclesiis
559 3891 605 3941 tibi
622 3890 760 3941 commissis
778 3897 818 3940 est
835 3906 882 3955 per
899 3897 969 3940 luam
985 3889 1141 3954 diligentiam
1159 3904 1252 3954 ooope-

63 3997 140 4039 rante
160 3981 278 4036 Domino
296 3981 433 4041 institutus,
451 3978 555 4030 tirmiter
572 3979 599 4030 iu
617 3979 654 4030 eia
671 3978 801 4044 perpetuis
819 3977 974 4044 temporibus
992 3984 1160 4028 conservetur.
1185 3977 1252 4028 Con-

64 4075 198 4128 stituimus
218 4069 307 4130 etiam,
325 4068 397 4119 utin
415 4066 511 4119 eisdem
523 4065 636 4118 ecclesiis
654 4065 736 4117 nullm
755 4082 801 4131 per
814 4067 984 4131 symoniacam
996 4065 1104 4116 heresim
1116 4073 1240 4116 statuatur
1245 4083 1253 4126 ι

140 4240 163 4275 a.
188 4220 262 4271 sicud
278 4219 308 4266 N.
403 4219 424 4264 b.
448 4217 621 4264 mutabilitatem
638 4217 668 4273 N,
685 4217 891 4264 immutabilitatem
910 4215 933 4264 0.

140 4332 167 4385 l.
187 4327 271 4382 Hace
289 4322 376 4392 bulla,
400 4321 468 4378 data
487 4321 514 4376 d.
531 4323 550 4376 3
568 4320 637 4392 Apr.
651 4323 735 4391 1123,
758 4321 864 4391 plenior
886 4319 1003 4376 habetur
1027 4335 1072 4390 ap.
1087 4318 1254 4376 Ussermaun

63 4419 118 4491 Ep.
131 4413 239 4474 Bamb.
254 4411 315 4468 cod.
334 4410 411 4482 prob.
429 4427 457 4482 p.
471 4412 514 4465 72.
