3142 4850
343 352 524 399 mancam
545 352 727 401 mucosum.
762 352 858 399 urar
880 348 986 401 aa-ac
1189 335 1255 401 '123

84 508 261 575 firmissimo
283 510 412 595 pietatis
435 511 572 597 presidio
596 517 628 577 et
642 516 785 577 materne
801 510 974 579 affectionis
993 510 1044 577 ala
1059 512 1254 578 confovendo

85 625 228 710 protexit

168 741 221 806 24.
255 739 423 826 Stipendia
450 740 639 827 episcopalis
669 760 777 807 mense
807 741 922 807 nullius
946 762 1093 826 umquam
1119 743 1255 808 necessi·

84 856 155 921 tatis
177 857 341 923 occasione
363 857 542 923 minoravit.
579 856 641 922 Sed
657 856 761 941 qnod·
784 856 824 923 de
847 857 1063 942 patrimoniali
1084 858 1181 923 fundo
1205 862 1255 924 cc

85 969 174 1037 clesic
201 972 342 1038 matricis
374 978 505 1058 propter
533 971 744 1039 adiacentiam
773 978 807 1039 st
841 973 1086 1058 oportunitatem
1116 973 1254 1039 cenobiis

83 1086 223 1171 contulit,
245 1088 405 1173 empticiis
422 1092 455 1154 et
472 1087 657 1155 adventiciis
680 1087 799 1173 prediis
822 1106 1062 1174 recompensare
1085 1108 1155 1155 cum
1178 1108 1255 1173 aug·

84 1208 186 1269 mento
209 1203 238 1269 ei
262 1204 400 1281 curadt3
431 1204 506 1287 qnia
533 1202 572 1269 de
599 1203 717 1269 iniusto
747 1210 812 1269 non'
839 1222 932 1288 posse
954 1202 1022 1270 ficri
1046 1203 1170 1270 dicebat
1192 1204 1254 1270 ele·

84 1318 245 1385 mosinam.
297 1318 451 1386 lniustum
480 1323 585 1385 samm
614 1300 713 1384 immo
741 1318 891 1385 iniuriam
921 1318 1092 1385 maximam
1116 1339 1185 1385 esse
1208 1320 1254 1385 af-

83 1431 243 1519 firmabat,
274 1434 382 1520 aliqua
403 1434 571 1521 largitione
594 1440 650 1501 ant
670 1434 849 1501 fondatione
876 1433 946 1499 sinc
975 1436 1254 1519 reconpensatione

84 1548 219 1616 tabulam
255 1552 397 1617 minuere
434 1570 660 1617 successorum.
710 1548 763 1615 Ad
802 1549 883 1615 banc
918 1570 992 1633 ergo
1027 1550 1252 1617 excludendam

82 1666 307 1751 suspicionem,
334 1671 366 1733 ct
389 1686 429 1734 nc
451 1667 600 1751 cuiquam
621 1665 855 1732 succedentium
879 1665 939 1731 sibi
962 1666 1181 1751 episcoporum
1204 1666 1253 1733 fas

82 1780 123 1846 sit
143 1781 345 1868 dispositioni
375 1782 443 1849 eins
473 1782 640 1867 quicquam
671 1780 913 1867 superordinare
936 1780 986 1847 'rel
1014 1782 1053 1847 ab
1081 1782 1159 1868 ipso·
1175 1781 1253 1849 bene

84 1896 226 1963 ordinata
248 1898 436 1981 rescindere,
460 1898 550 1964 sedes
574 1896 748 1983 apostolica
769 1897 837 1963 cius
861 1895 1072 1981 postulatione
1086 1917 1182 1983 super
1204 1895 1253 1963 his

82 2012 224 2080 omnibus
248 2012 429 2081 huiusmodi
451 2015 482 2079 ei
504 2011 752 2081 confirmationis
775 2011 975 2099 privilegium
999 2012 1155 2099 porrexit:

168 2120 223 2186 25.
259 2136 386 2201 „calixtus
413 2138 547 2202 episeopus
575 2152 661 2189 servus
684 2152 812 2185 serrorum
836 2134 884 2185 Dei
910 2134 1048 2187 venerabili
1073 2136 1144 2187 fiatri
1168 2136 1254 2187 Ottoni
1284 2136 1352 2191 1124

80 2222 286 2291 Babenbergensi
310 2226 428 2291 episcopo
453 2224 558 2275 salutern
577 2234 604 2275 et
622 2224 785 2289 apostolicam
808 2223 1017 2275 benedictionem.
1107 2224 1255 2279 Sanctorum
1271 2210 1364 2269 ᾸΡΗΒ

81 2323 178 2378 patrum
197 2314 323 2379 preceptis
342 2323 368 2363 et
386 2314 512 2363 canonicis
531 2312 701 2363 sanctionibus
714 2313 907 2373 demonstratur,
926 2310 993 2377 quod
1011 2312 1100 2377 predia
1113 2323 1139 2363 et
1152 2331 1253 2381 posses·

80 2402 160 2454 aiones
180 2402 349 2464 ecclesiarum,
368 2418 417 2468 quc
429 2410 488 2453 rota
506 2398 617 2451 fidelium
635 2400 721 2467 precia
740 2408 899 2466 peecatorum
913 2410 939 2451 et
950 2416 1089 2467 pauperum
1105 2400 1255 2467 patrimonia

80 2507 129 2542 non
146 2492 271 2543 immerito
290 2501 479 2558 nuncupantur,
501 2490 577 2544 vendi
594 2489 634 2539 rel
657 2489 761 2541 abenari
779 2507 831 2540 neu
850 2489 967 2540 debeant.
1000 2489 1055 2550 Quo
1079 2490 1145 2542 anim
1170 2491 1254 2542 dirius

79 2581 217 2632 maiestatis
236 2581 356 2647 obsequio
375 2589 401 2632 et
417 2579 547 2630 celestium
566 2588 717 2629 secretorum
735 2579 792 2628 usui
810 2587 869 2628 sunt
886 2567 977 2637 dicata,
997 2594 1046 2628 non
1066 2578 1176 2630 decetin
1190 2579 1252 2630 alie-

80 2685 137 2718 num
163 2670 202 2720 ius
230 2670 311 2735 redigi
333 2669 374 2719 rel
400 2669 426 2718 in
450 2667 551 2718 alterius
577 2666 670 2716 servitii
693 2666 798 2716 formam
822 2665 990 2716 transmutari.
1022 2665 1121 2732 Nempe
1140 2675 1168 2716 ut
1185 2668 1254 2717 beati

78 2755 196 2822 symachi
215 2775 282 2824 pape
301 2757 384 2808 verbis
402 2755 545 2822 loquamur:
568 2755 768 2819 „1’0ssessionea
787 2766 849 2818 quas
868 2771 932 2802 unus
951 2754 1056 2818 quisque
1068 2753 1173 2804 ecclesie
1193 2771 1252 2821 pro-

79 2846 133 2910 prio
150 2847 223 2898 dedit
241 2855 285 2896 ant
302 2844 403 2910 reliquit
420 2844 532 2905 arbitrie,
551 2843 655 2894 alienari
673 2842 826 2908 quibuslibet
844 2841 922 2892 titulis
941 2851 985 2892 sut
997 2842 1200 2894 distractionibus
1213 2843 1253 2894 vel

77 2935 124 2984 sub
142 2951 292 3002 quocunque
311 2943 459 3000 argumento
476 2951 527 2984 non
546 2933 680 2999 patimur“.
710 2932 853 2998 Esprepter
871 2947 925 2991 nos,
945 2929 993 2981 tuis
1012 2931 1083 2982 iustis
1102 2931 1251 2996 postulatio·

78 3023 150 3074 nibus
174 3033 326 3083 annuentes,
354 3039 463 3084 mansos,
492 3022 534 3087 qni
558 3021 708 3086 episcopalis
732 3036 819 3070 mense
842 3029 885 3070 tue
909 3020 1009 3070 servitio
1029 3020 1108 3070 dediti
1132 3029 1198 3082 sunt,
1227 3021 1253 3074 in

78 3113 167 3162 eodem
185 3121 262 3172 statu,
287 3111 312 3162 in
331 3129 379 3176 quo
399 3111 463 3162 bene
482 3129 497 3160 a
516 3120 541 3160 te
560 3110 675 3176 dispositi
694 3115 886 3174 cognoscuntur,
911 3107 1001 3158 futuris
1019 3108 1173 3174 temporibus
1192 3127 1251 3176 per-

77 3215 179 3251 manere
206 3198 332 3266 presentis
356 3199 442 3265 scripti
467 3199 546 3275 nestri
570 3197 760 3249 confirmatione
782 3197 935 3256 sanccimus3
959 3205 1113 3258 statuentes,
1141 3207 1169 3248 ut
1192 3197 1253 3248 nulli

77 3303 250 3341 suuoesemum
273 3297 373 3339 tutorum
387 3287 436 3338 -rel
459 3287 534 3338 alicui
556 3286 684 3338 bominum
706 3285 783 3336 liceat
805 3303 848 3338 eos
872 3285 982 3336 rendere
1005 3285 1057 3336 sire
1085 3286 1111 3336 in
1134 3285 1253 3340 laicorum

78 3377 227 3428 beneficium
245 3376 345 3427 undere
364 3386 408 3426 aut
425 3377 450 3426 in
470 3395 529 3426 usne
548 3375 611 3426 alios
630 3384 788 3426 commutare.
816 3374 868 3425 Sed
887 3373 951 3425 sicut
969 3393 984 3423 e.
1002 3383 1027 3424 te
1045 3374 1193 3440 dispositum
1205 3384 1252 3436 cst,

78 3464 109 3515 dc
127 3483 177 3518 uno
196 3482 296 3531 quoque
315 3465 483 3530 predictorum
501 3481 644 3514 mansorum
662 3463 781 3513 denarius
800 3481 864 3513 unus
884 3463 956 3514 annis
980 3462 1084 3528 singulis
1103 3463 1251 3514 Babenber·

76 3553 148 3617 genai
171 3551 280 3603 ecclesio
304 3570 350 3618 pro
374 3553 458 3605 anima
481 3552 638 3618 imperatoris
657 3551 769 3602 Heinrici
792 3551 932 3602 fundatoris
956 3551 1060 3602 eiusad
1080 3552 1253 3604 concinnanda

76 3640 208 3692 luminaria
236 3641 386 3693 conferatur.
424 3643 547 3694 Abbatias
571 3658 631 3691 vero
657 3648 685 3690 et
707 3639 837 3705 regulares
863 3639 1009 3700 canonicas,
1036 3656 1081 3705 per
1104 3641 1252 3692 industriam

76 3738 144 3781 trram
162 3730 189 3780 in
207 3729 338 3796 religionis
355 3731 443 3782 ordine
461 3730 594 3792 stabilitus,
613 3738 640 3779 et
657 3727 707 3778 alia
725 3746 741 3778 a
753 3737 779 3778 te
798 3735 865 3778 recte
884 3727 1026 3788 corrsdtuta,
1046 3728 1107 3779 nulli
1126 3729 1252 3780 homiuum

77 3815 182 3868 facultas
201 3817 236 3868 sit
252 3817 278 3868 in
297 3828 425 3883 posterum
443 3818 582 3869 immutare.
619 3817 647 3866 Si
665 3817 720 3881 quis
739 3826 823 3866 nutem
841 3826 929 3866 contra
946 3816 1012 3866 hanc
1030 3826 1140 3867 nostram
1159 3815 1250 3867 confir-

76 3905 211 3957 mationem
230 3906 317 3956 venire
334 3906 468 3956 temerarie
487 3924 549 3956 ausu
568 3906 761 3972 presumpserit,
787 3903 1047 3955 excommunicationis
1066 3904 1164 3955 viuculo
1189 3905 1249 3955 cub-

76 3993 174 4046 iacebit.
202 3995 272 4045 Data
289 3994 409 4045 Laterani
426 3994 513 4046 Idibus
532 3993 635 4060 Aprilis,
653 3993 790 4044 indictione
809 3993 946 4044 secuuda“.
1000 4053 1003 4060 Ι

164 4095 219 4160 26.
254 4091 334 4162 Rem
358 4113 481 4177 qnoque
502 4093 692 4160 familiarem
709 4091 862 4178 episcopii
877 4091 959 4157 sicut
981 4090 1100 4176 prediis
1124 4097 1156 4158 et
1178 4111 1251 4176 pos-

76 4209 270 4275 sessionibus
292 4209 339 4274 ita
361 4208 457 4274 etiam
481 4207 611 4274 edificiis
634 4213 667 4273 et
688 4211 864 4273 castrorum
879 4206 1106 4272 munitionibus
1130 4206 1251 4272 adiurit

76 4329 169 4408 atque
193 4322 384 4393 sublimarit
419 4323 502 4389 Nam
526 4344 582 4410 per
598 4323 725 4390 diversa
746 4322 816 4388 loca
839 4327 871 4388 et
886 4327 990 4388 cnrtm
1006 4321 1158 4408 episcopii
1174 4341 1268 4418 qua·-

75 4440 252 4508 tuordecim
281 4439 427 4506 basilicas
456 4446 488 4506 et
518 4446 652 4525 quatuor
680 4439 830 4506 cenacma
852 4438 1005 4522 elegantis
1034 4437 1153 4505 fabrice
1176 4456 1249 4504 con·

146 4568 167 4599 s
192 4553 250 4613 quio
266 4554 297 4600 Ν.
977 4549 1038 4605 tc·
