3142 4850
443 321 609 372 nnsumor
632 321 759 371 oonnx.
796 317 840 372 ra.
854 317 888 371 ra
1187 305 1253 370 145

89 479 237 546 Romanae
260 479 410 547 emesae
430 479 490 548 tibi
505 486 667 566 tamquam
682 479 768 548 fideli
781 480 848 548 tilio
862 479 1129 548 commendamus.
1167 480 1253 548 Data
1280 495 1349 550 roso

90 593 196 662 Romae
218 595 293 663 Idus
315 596 446 683 Aprilis.
1269 569 1323 628 apr.
1332 569 1362 614 1³

90 804 142 876 73.
165 806 303 874 ercam
319 810 381 875 III
399 812 555 896 antipapa
571 813 714 876 omnibus
734 812 961 893 ecelesiastica,
985 811 1065 896 quid
1085 822 1191 876 aetum
1210 812 1253 876 eit

165 927 198 990 a
221 928 343 1010 synodo
366 951 388 990 a
409 948 473 992 aare
495 929 530 992 s'a
554 925 681 992 eseban
706 925 741 993 S.
759 928 852 993 Patri
872 927 992 1008 meta,
1015 925 1198 1011 abotteatt

820 1040 823 1044 ’
1028 1039 1250 1121 (blisaldo)

164 1170 310 1239 Clemens
344 1174 510 1260 episeopus
543 1193 652 1240 servus
682 1193 846 1240 servorum
877 1172 938 1240 Dei
972 1172 1117 1240 omnibus
1145 1172 1341 1239 ottho-1089

86 1285 165 1354 doxis
197 1288 350 1356 fratibus
390 1289 634 1376 arehiepisoopis
670 1290 828 1376 episeopis
862 1288 1030 1356 abbatibus
1058 1293 1153 1375 atque
1180 1289 1251 1355 uni·

85 1404 174 1470 vorsis
202 1409 333 1472 sanotae
355 1403 505 1472 eeclesiae
528 1405 691 1473 ordinibus
714 1405 850 1472 salutem
872 1409 906 1472 ot
928 1403 1133 1491 apostolieum
1156 1405 1250 1474 bene-

86 1517 254 1586 diotionem.

163 1634 307 1714 Quantae
335 1640 368 1702 et
402 1655 495 1720 quam
524 1636 693 1722 pestiferae
727 1636 978 1703 scismatieorum
1011 1635 1250 1702 adinventiones

84 1750 208 1818 noua*
230 1751 428 1838 temporibus
450 1757 592 1819 sanetum
615 1751 777 1818 ecelesiam
793 1752 1049 1838 perturbaverint
1069 1756 1102 1817 et
1115 1757 1250 1836 quantos

84 1867 223 1952 populos,
252 1867 390 1954 peooatis
417 1868 535 1934 nostris
559 1867 773 1952 exigentibus,
803 1868 962 1936 erroribus
985 1866 1052 1934 suis
1073 1865 1249 1952 inieoerint,

83 1981 305 2050 fraternitatem
328 1987 466 2050 vestram
490 1981 648 2050 oredimus
671 2003 735 2048 non
755 1982 866 2051 latere.
904 1983 1069 2051 Venenum
1094 1982 1250 2068 siquidem

84 2114 197 2182 eorum,
234 2119 255 2165 a
288 2100 392 2185 eapite
421 2103 548 2166 sanotae
582 2098 732 2166 eoolesiae
766 2100 937 2184 usquead
968 2098 1083 2166 uitma
1107 2099 1251 2166 membra

83 2214 191 2297 passim
215 2213 376 2298 diffusum,
400 2215 489 2282 vobis
512 2219 545 2282 et
566 2215 700 2282 subditis
724 2215 838 2282 vestris
861 2219 986 2282 ooustat
1006 2234 1073 2280 non
1090 2213 1250 2280 modioum

83 2333 233 2397 unomen
256 2349 424 2414 generasse
447 2336 480 2397 et
503 2349 602 2416 usque
624 2329 663 2396 ud
686 2330 841 2398 medullas
863 2329 968 2398 oordis
990 2330 1089 2397 vestri
1108 2328 1250 2396 dolorem

84 2449 179 2513 tantae
201 2448 471 2534 praesumptionis
493 2448 640 2515 intrasse.

161 2562 230 2630 Hao
256 2564 366 2648 itaque
392 2564 580 2631 necessitate
608 2561 779 2650 oompulsi,
809 2583 850 2629 ne
876 2562 961 2629 beati
983 2560 1070 2628 Petri
1091 2561 1248 2647 navicula,

84 2680 124 2743 iot
147 2680 421 2764 perturbationum
448 2678 595 2747 fluetibus
623 2679 709 2746 illisa
731 2684 763 2745 et
792 2699 873 2765 pene
896 2678 937 2744 ad
958 2678 1116 2761 naufragii
1138 2678 1249 2745 disori·

83 2810 147 2859 men
167 2794 295 2879 inflexa,
319 2814 471 2881 praeoeps
493 2794 662 2879 laberetur,
687 2794 727 2861 ad
750 2815 850 2876 arma,
875 2795 989 2879 quibus
1008 2798 1116 2880 patres
1138 2795 1172 2860 in
1195 2792 1249 2861 de·

82 2906 245 2979 tensionem
273 2910 465 2978 ohristianee
493 2910 568 2978 iidei
597 2910 648 2977 usi
677 2915 768 2994 sunt,
806 2930 864 2977 nos
891 2910 1119 2990 eonvertimus3
1154 2913 1249 2993 atque

84 3024 237 3111 episcopos
260 3032 295 3093 et
317 3026 445 3094 abbates
462 3031 494 3093 et
516 3046 610 3111 quam
634 3026 741 3113 plures
756 3026 906 3093 honestos
928 3027 1014 3093 viros
1037 3026 1077 3091 ad
1092 3024 1248 3111 synodum

26 3134 31 3161 ¹
82 3137 261 3209 becolesia
283 3141 368 3209 beati
389 3141 476 3209 Petri
503 3142 724 3210 celebrandam
748 3164 787 3210 ox
812 3141 945 3209 diversis
967 3140 1112 3228 partibus
1134 3159 1248 3207 oonro·

12 3246 13 3249 ’
83 3257 221 3324 osvinus.
258 3256 377 3335 Quibus
401 3256 538 3345 Spiritus
562 3259 664 3325 saneti
691 3258 901 3345 inspiratione
923 3257 1137 3341 congregatis,
1165 3256 1249 3323 inter

12 3416 13 3420 =
84 3376 190 3457 atus,
227 3392 308 3458 quae
337 3374 499 3459 synodaiis
526 3379 699 3441 oonventus
729 3374 898 3441 tractanda
924 3377 1122 3459 susceperat,
1152 3392 1249 3457 quae

83 3486 209 3555 ebenum
232 3488 334 3576 impia
355 3490 513 3574 dogmata,
539 3490 579 3557 ad
599 3491 772 3576 pernioiem
794 3489 965 3558 multorum
987 3488 1111 3555 noviter
1126 3492 1247 3571 exortu,

84 3604 280 3671 anonnullis
312 3606 471 3671 communi
499 3606 678 3673 audientiae
707 3608 896 3674 inferuntur.
937 3605 1025 3684 Quae
1056 3603 1249 3671 fraternitati

84 3722 195 3785 vestrae
222 3720 354 3805 dignum
384 3720 532 3787 duximus
559 3720 739 3807 notitiem,
769 3721 917 3807 quatinus
946 3721 988 3787 ad
1013 3742 1053 3789 ea
1080 3718 1250 3787 devitanda

83 3829 169 3899 inmo
184 3835 253 3903 Deo
275 3836 448 3905 auxiliante
463 3838 655 3907 destruendo
677 3838 891 3925 promptiores
905 3858 961 3905 vos
984 3842 1018 3905 et
1031 3834 1248 3920 vigilantiores

83 3948 284 4019 redderemus.

161 4064 209 4133 Ibi
230 4088 367 4153 namque
389 4068 429 4134 de
452 4070 610 4157 periuriis,
634 4090 714 4155 quae
730 4069 794 4156 ipsi
817 4069 857 4135 ad
879 4065 1053 4155 perioulum
1071 4062 1248 4152 imperialis

85 4176 234 4264 dignitatis
256 4182 327 4251 fieri
349 4184 526 4271 hortantur,
550 4206 615 4253 non
637 4205 754 4273 parvus
778 4185 898 4252 elamor
921 4183 1072 4252 exoritur.
1105 4180 1148 4248 Et
1173 4180 1249 4265 quia

145 4372 164 4403 ι
186 4374 216 4407 a
231 4362 397 4417 Vtro-ro,
415 4360 437 4409 Ζ
447 4376 472 4423 p.
482 4364 633 4420 185-138,
651 4364 673 4409 Β
690 4363 805 4410 ser-47:
826 4362 980 4409 Decretum
997 4360 1121 4407 wiberti
1141 4372 1248 4420 pspss,
1344 4384 1347 4390 ·

88 4434 128 4491 qvi
149 4440 175 4484 st
195 4440 334 4488 clemens.
426 4442 449 4487 b.
473 4442 590 4489 rostribus
607 4442 634 4489 Ζ.

124 4523 198 4577 dmi.
211 4528 354 4573 bibliotheca
364 4528 393 4573 V.
1002 4528 1036 4581 10
