3142 4850
205 466 274 522 10⁷5

182 541 228 587 lan.
236 540 301 586 Febr.

318 275 362 340 92
713 287 879 337 unanmor
900 287 1030 338 oonnm
1063 284 1099 338 sa

318 449 499 538 impediere.
569 447 686 515 Verum
701 467 773 514 cum
788 447 847 514 hae
867 448 973 532 gratia
985 445 1046 514 Dei
1066 467 1124 534 per
1138 445 1337 532 vigilantiam
1351 447 1489 512 nostum

319 567 469 652 aopissst,
499 584 570 634 ecco
597 585 648 632 me
677 564 798 630 domiui
826 567 858 630 et
886 562 1142 630 excellentissimi
1170 563 1256 646 regis
1279 561 1422 646 Quane
1444 562 1489 626 in·

318 684 417 748 vitum
441 687 474 749 et
495 682 702 749 reluctantem
726 680 765 746 ad
789 701 863 746 suas
885 678 1059 765 ctimperii
1077 678 1352 746 conmarcuit.
1390 677 1488 756 Quam

317 804 425 865 umen
440 795 656 864 difficultatem
673 815 730 880 ego
745 796 926 862 nullatenus
941 794 1235 881 praesumpsissem,
1257 794 1321 860 nisi
1334 791 1489 878 quendam

318 914 533 998 gratissimum
557 919 624 978 tam
638 912 789 981 laboriosi
804 911 909 978 oneris
922 911 1060 976 fructum
1077 915 1165 978 certa
1187 929 1244 996 spa
1266 909 1488 995 suscepissem

317 1029 454 1096 scilicet:
483 1033 520 1094 nt
548 1028 696 1096 ecclcsiae
724 1045 829 1111 meae,
864 1032 975 1112 utpote
1003 1025 1108 1109 rudis,
1135 1025 1303 1092 innumera
1324 1024 1491 1110 dispendia

318 1145 518 1227 resarcirem
549 1150 581 1210 et
607 1141 772 1210 fluctuanti
800 1163 898 1227 regno
920 1141 1043 1227 aliqua,
1066 1142 1260 1227 ripensem,
1284 1160 1344 1226 ope
1366 1139 1490 1206 conulii

318 1259 527 1328 subvenirem.
618 1259 763 1325 Accessit
784 1258 881 1325 etiam
906 1257 1038 1324 minime
1059 1253 1265 1339 negligendal
1292 1257 1433 1323 occasio:
1455 1263 1492 1324 ut

318 1376 460 1442 animum
487 1374 596 1441 domni
618 1375 718 1458 regis,
746 1394 916 1460 pravorum
939 1372 1080 1440 consiliis
1102 1371 1333 1439 inconsiderate
1359 1371 1490 1440 avobia

318 1491 507 1574 alienatum,
535 1491 569 1556 in
593 1495 716 1556 vestae
737 1489 940 1577 patemitatia
969 1489 1135 1556 caritatem
1162 1493 1194 1554 et
1216 1486 1418 1555 concordiam
1439 1508 1490 1556 rc-

317 1607 449 1674 iormari
477 1606 671 1687 laborarem3
702 1605 784 1691 quod
812 1609 879 1671 tam
906 1624 1004 1688 regno
1033 1621 1129 1690 quam
1156 1603 1305 1672 ecclesiae
1326 1604 1401 1671 uani
1422 1604 1491 1672 fora

317 1721 512 1811 sapientibus
535 1726 632 1808 patet.

406 1836 442 1903 In
464 1837 568 1904 medio
592 1855 666 1904 vero
690 1835 802 1902 talium
821 1835 1025 1919 negociorum
1046 1839 1116 1902 catu
1136 1833 1262 1902 litterae
1278 1830 1420 1902 vautrae¹
1438 1856 1491 1902 me

318 1972 502 2038 convenere,
525 1952 557 2018 id
573 1956 747 2036 monentes,
770 1956 806 2018 ut
821 1947 959 2037 synodo'
980 1971 1033 2018 me
1047 1971 1106 2036 pro
1120 1950 1275 2036 inscripta
1288 1970 1384 2018 causa
1397 1970 1491 2037 praa-

317 2073 486 2137 santarem.

406 2181 561 2267 intelligo,
585 2185 675 2270 pater
697 2187 821 2248 sancte:
844 2181 994 2267 profanas
1016 2180 1194 2248 invidorum
1217 2181 1426 2249 emulationes
1446 2219 1489 2230 -

316 2299 394 2366 dnm
421 2304 599 2366 commenta
627 2317 736 2366 eornm
764 2297 851 2364 domi
873 2302 1084 2382 evanuemnt,
1112 2297 1167 2364 ubi
1189 2299 1305 2364 verim
1328 2300 1493 2382 asanaa

316 2415 512 2504 resplenduit
535 2450 575 2461 -
600 2413 678 2481 foris
701 2414 903 2500 maximeque
926 2413 1027 2499 apud‘
1050 2434 1142 2481 aures
1157 2418 1290 2498 vesum,
1312 2434 1395 2500 quae
1416 2436 1492 2504 pos·

318 2536 392 2601 suut
415 2536 446 2598 at
462 2530 537 2598 dum
551 2535 695 2619 possunt,
711 2530 829 2599 conari.
863 2529 1003 2607 Quorum
1018 2530 1295 2617 impudentissima
1309 2531 1494 2626 calumpnia

316 2650 349 2714 in
371 2648 451 2715 iacie
473 2648 615 2735 ipsorum
637 2666 695 2733 per
717 2646 853 2730 gratiam
875 2644 937 2711 Dei
958 2646 1180 2713 confutabitur.

404 2762 629 2829 Verumtamen
652 2761 822 2849 prudentia
841 2766 948 2828 vestra
967 2762 1110 2849 provide,
1133 2762 1323 2850 praescripti
1336 2764 1493 2851 temporis

316 2880 477 2964 angustias
506 2878 561 2944 vix
588 2876 814 2944 tumultuariae
842 2877 1029 2963 profectioni
1050 2877 1194 2945 sufficere
1216 2898 1326 2964 posse,
1353 2898 1494 2966 perpau-

315 2994 385 3077 dat3
409 2992 525 3061 nedum
549 2993 591 3059 ad
613 2997 720 3059 tantae
743 3012 858 3059 caueae
879 2993 1153 3079 disceptationem,
1176 3014 1237 3080 que
1258 3000 1325 3061 tam
1339 2993 1493 3063 festinato

316 3112 472 3197 apparatu
495 3107 675 3174 nullatcnus
698 3107 782 3174 valet
805 3109 959 3195 expediri.
994 3109 1043 3176 Na
1065 3114 1173 3177 tamen
1194 3109 1244 3175 vel
1258 3108 1494 3179 inobedientiae

316 3224 526 3311 suspicionem
555 3223 604 3289 vel
632 3224 847 3291 conscienciae
875 3224 1058 3311 scrupulum
1082 3226 1183 3310 apud⁸
1205 3244 1261 3292 vos
1283 3226 1493 3313 incurrerem,

313 3342 349 3407 iu
372 3340 606 3405 excusationem
629 3358 692 3405 uon
720 3338 916 3407 difficultatis
945 3340 1001 3407 sed
1027 3339 1294 3426 impossibilitatis
1328 3342 1494 3428 predictae

251 3536 256 3544 Ι
315 3456 482 3523 diaconum
505 3458 648 3522 nostrum
672 3455 713 3522 ad
735 3456 870 3540 vestigia
890 3461 997 3523 vestra
1018 3456 1191 3522 transmisi.

403 3569 447 3637 Et
469 3571 543 3654 quia
571 3576 735 3658 susceptae
764 3572 854 3655 regni
882 3573 1022 3639 rationes
1044 3570 1247 3656 Burgundios
1270 3577 1303 3638 et
1328 3572 1494 3641 ulterioris

315 3684 436 3752 Galliae
458 3684 536 3752 fines
559 3706 611 3753 me
634 3687 721 3755 adire
744 3687 973 3775 compulerunt
997 3707 1060 3773 qna
1082 3688 1178 3754 etiam
1197 3689 1360 3755 occasione
1381 3690 1495 3759 votiva

315 3801 399 3869 beati
421 3795 542 3869 Iaccbi³
565 3802 745 3868 visitatione
768 3822 820 3869 me
842 3803 966 3869 decrevi
988 3803 1162 3888 absolvere,
1188 3822 1259 3869 cum
1282 3802 1367 3870 illius
1390 3806 1494 3873 inter·

313 3918 413 3987 cesam
437 3922 469 3984 et
491 3922 597 3984 vestra
619 3918 720 3984 oratio
743 3917 813 3985 mad
832 3966 1038 3985 ..........

383 4064 403 4097 a
428 4050 545 4097 maauV.
615 4050 637 4096 b.
661 4050 835 4110 commentar.
901 4064 921 4098 a
947 4050 1040 4112 aputV.
1107 4050 1494 4113 aconplmtqscttoclcoe

314 4129 430 4179 eccidisse
450 4129 476 4177 ta
492 4128 609 4177 codicibus
626 4128 708 4188 (VZ),·
727 4129 769 4177 nes
786 4136 841 4191 post
856 4131 929 4178 oratic
945 4144 982 4179 me
997 4130 1078 4177 natm
1094 4129 1203 4193 leym
1217 4131 1360 4179 mactaverit
1377 4134 1431 4194 ipsa
1448 4140 1495 4183 cat.

314 4210 391 4271 Atque
405 4208 442 4257 itu
455 4216 544 4269 punctu
560 4208 729 4271 {ammonendo
744 4207 810 4257 duxi.

386 4304 411 4359 1.
431 4302 497 4359 dota
514 4304 578 4359 ciro.
591 4302 821 4376 d.4ueo.1074;
839 4302 1004 4375 of.chlstr.
1015 4304 1041 4360 11
1053 4306 1088 4360 29
1105 4304 1346 4374 sopraT.11141.
1396 4308 1423 4363 2.
1442 4306 1494 4365 hs·

317 4391 423 4448 bandua
442 4392 530 4462 spatio
549 4390 654 4447 dierum
673 4392 979 4449 22--28Feba107a
1051 4395 1078 4449 3.
1097 4392 1318 4464 Gompcstellani.
