3142 4850
401 315 580 363 nannenus
602 315 783 365 prusenus.
819 318 884 365 nm.
901 318 927 364 11
950 314 984 365 le
1213 302 1274 365 761

107 493 124 526 a
135 475 213 527 robis.
286 473 412 525 'Primum
430 490 492 541 orgo
510 481 693 526 sacramentum
710 484 758 537 est,
777 492 826 540 quo
844 474 894 526 ianr
911 475 998 527 imbuti
1017 477 1086 537 ostis,
1104 484 1277 528 sacrosanctus
1297 474 1366 530 1124

106 563 254 629 baptismus.
282 563 338 614 Hoc
356 570 548 624 sacramentum,
565 563 656 615 fratres
674 564 732 625 mei,
750 563 842 615 abhinc
860 572 886 615 et
904 580 1004 629 semper
1021 571 1109 615 tenero
1126 573 1152 615 ct
1163 566 1278 617 venerari
1304 548 1353 593 ¹⁰¹¹·

107 652 205 702 debetis
223 659 251 702 et
267 651 378 717 parvulis
396 652 486 703 vestris
505 661 628 718 oportuno
646 662 773 719 tempore,
798 652 893 704 scilicet
910 653 936 702 in
955 653 1060 704 sabbato
1078 659 1165 704 sancto
1183 654 1277 719 pasche

106 757 137 791 ae
148 740 335 806 penthecostes,
350 757 396 806 per
408 756 496 790 manus
509 740 666 791 sacerdotum
678 741 779 792 tradere
792 740 889 791 debetis
895 757 904 801 ;
922 740 1060 791 certissime
1072 742 1188 803 scientes,
1201 741 1277 808 quod,

106 827 248 894 quicunque
270 828 325 880 sine
349 827 391 879 illo
415 828 447 879 de
469 828 518 878 bac
536 828 587 879 rita
607 829 780 894 emigraverit,
806 836 832 879 et
850 844 928 896 regno
946 829 994 881 Dei
1012 830 1109 881 carebit
1132 838 1158 881 ιι
1175 830 1277 896 insuper

105 914 234 967 maledicti
253 916 381 983 originalis
399 933 479 983 penas
496 897 550 968 luel
566 924 675 969 eternas.
747 914 909 969 bSecnrrdum
927 926 1109 969 sacramentum
1127 925 1167 969 est
1184 917 1276 970 confir-

106 1004 198 1066 matio;
221 1004 248 1055 id
265 1013 306 1056 est
322 1005 406 1056 unctio
425 1007 547 1057 mismatis
565 1006 590 1056 in
610 1005 700 1057 fronte.
736 1005 793 1057 Hoc
810 1014 993 1057 tenementum
1012 1006 1111 1057 victuris
1130 1014 1170 1057 est
1186 1022 1275 1057 neces-

106 1092 208 1154 sarium,
227 1091 344 1144 videlicet
361 1103 390 1144 ιιι
401 1094 508 1160 Spiritus
527 1094 607 1146 sancti
626 1094 828 1147 corroboratione
846 1094 990 1146 muniantur
1007 1104 1034 1146 et
1047 1103 1173 1145 armentur
1190 1102 1277 1146 contre

105 1198 194 1234 omnes
212 1182 391 1248 temptationes
409 1192 436 1234 et
453 1184 578 1248 nequitias
596 1182 647 1234 rite
664 1184 789 1249 presentis
807 1183 951 1249 pugnaturi.
978 1183 1036 1235 Non
1054 1192 1138 1235 sutem
1155 1184 1276 1249 usquein

106 1278 234 1321 senectam
252 1270 418 1323 differendum
436 1281 483 1333 est,
504 1281 533 1322 ut
550 1272 651 1337 quidam
668 1280 768 1338 putant,
786 1272 833 1323 sed
850 1272 876 1322 in
895 1271 974 1339 ipsius
992 1270 1162 1323 adolescentie
1179 1271 1277 1324 fervore

106 1358 295 1425 percipiendum
302 1379 309 1420 ς
337 1360 395 1425 quia
419 1358 463 1410 illa
485 1370 540 1411 etas
562 1361 643 1426 magis
667 1361 776 1411 obnoxia
800 1369 839 1412 ιιι
863 1360 1076 1427 temptationibus.
1147 1360 1277 1411 ⁸lercium

106 1458 291 1499 sacramentum
308 1457 349 1500 ιιι
365 1449 450 1499 ιιιιιιίι
468 1448 629 1503 intirmorum.
656 1450 729 1511 Quod
748 1450 806 1499 ideo
824 1448 948 1500 morituris
967 1458 1006 1501 est
1023 1449 1200 1511 necessarium,
1219 1448 1278 1515 quia

105 1535 131 1587 iu
149 1535 194 1587 illa
211 1537 328 1587 unctione
346 1554 391 1602 per
410 1538 526 1589 virtutem
538 1539 646 1605 Spiritus
664 1538 745 1589 sancti
762 1538 875 1589 remissio
891 1538 965 1589 datur
983 1546 1155 1605 pcccatorumr
1174 1538 1276 1604 etipse,

106 1624 148 1690 qui
169 1626 303 1676 morituros
321 1635 372 1688 est,
397 1636 484 1677 contra
502 1627 644 1693 spirituales
662 1625 806 1692 nequicias,
828 1626 855 1677 id
873 1636 913 1677 est
930 1634 1017 1678 contra
1035 1626 1157 1693 malignos
1176 1626 1276 1693 spiritus

105 1712 131 1763 in
154 1713 223 1765 exitu
246 1714 297 1765 rite
321 1714 451 1766 animabus
474 1715 636 1777 insidiantes,
658 1715 748 1766 eadem
771 1714 879 1781 Spiritus
902 1716 983 1767 seucti
1005 1716 1097 1767 virtute
1120 1724 1277 1782 pugnaturus

105 1811 224 1854 armatur.
260 1802 316 1854 Hoc
338 1804 406 1855 omni
428 1804 564 1856 christiano
587 1805 613 1856 in
635 1820 717 1870 agone
740 1804 828 1855 mortis
846 1804 1020 1856 ardentissime
1039 1804 1233 1855 desiderandum
1251 1812 1277 1855 ιι

104 1891 267 1943 devotissime
286 1892 476 1959 percipiendum
493 1903 546 1955 est,
568 1902 657 1960 utpote
674 1892 812 1944 remedium
831 1893 914 1943 anime
931 1892 1103 1945 certissimum.
1176 1888 1275 1953 ''Quar-

103 1989 159 2031 tum
176 1990 359 2032 samamentum
378 1989 418 2032 est
435 1982 610 2048 eucharistia·,
629 1981 655 2032 id
673 1990 713 2032 est
730 1998 819 2048 corpus
832 1989 858 2032 et
870 1980 973 2049 sanguis
986 1980 1095 2033 Domini.
1122 1980 1178 2032 Hoc
1190 1997 1275 2032 sacra·

103 2077 218 2120 mentum
240 2079 266 2121 ιι
289 2070 391 2121 victuris
413 2078 440 2120 et
463 2071 588 2123 morituris
612 2078 652 2122 ost
669 2071 845 2122 necessarium.
881 2070 940 2121 Sive
958 2069 1062 2121 risimus
1081 2069 1133 2121 sire
1150 2070 1276 2131 morimur,

103 2158 153 2210 boe
170 2158 262 2210 viatico
280 2175 380 2225 semper
397 2167 437 2210 est
453 2159 583 2210 utendum.
610 2160 657 2209 list
674 2160 741 2211 enim
759 2160 829 2211 cibus
848 2159 930 2209 anime
948 2175 1031 2221 verus,
1049 2159 1125 2210 sitnm
1144 2159 1169 2209 iu
1188 2176 1216 2209 ιι
1228 2159 1275 2209 ba·

103 2248 168 2299 bens
187 2256 309 2299 ιιιιιιιι.
342 2246 416 2298 Unde
434 2247 580 2314 frequenter
598 2247 674 2299 misse
691 2248 842 2300 celebrando
861 2255 932 2309 suits
951 2257 977 2300 et
993 2266 1038 2300 vos
1057 2248 1090 2299 ad
1108 2248 1211 2299 easdem
1229 2248 1275 2299 de·

103 2345 163 2388 rote
182 2336 316 2387 convenire
334 2336 447 2398 debetis,
471 2346 499 2387 ut
517 2336 602 2402 sepius
621 2336 678 2387 buic
696 2337 785 2390 viatico
805 2338 997 2390 communicetn.
1035 2336 1131 2399 Quodsi
1150 2352 1199 2387 nou
1218 2344 1276 2402 pot-

102 2426 181 2487 estis,
204 2426 263 2491 quia
281 2424 395 2477 carnales
414 2425 488 2487 estis,
510 2426 569 2477 buie
587 2435 638 2477 tam
656 2426 814 2478 sanctissimo
832 2427 869 2478 rei
892 2444 938 2493 per
956 2444 1000 2479 vos
1019 2424 1066 2477 od'
1083 2442 1169 2478 omnes
1187 2425 1278 2477 missas

102 2513 265 2580 participari,
288 2513 378 2565 saltem
400 2531 447 2580 per
468 2514 632 2566 mediatorem
649 2525 773 2576 vestrum,
796 2514 890 2565 scilicet
909 2514 1064 2567 sseerdotem
1083 2514 1125 2580 qui
1143 2513 1278 2581 provehis

102 2603 280 2665 communicat,
298 2602 407 2654 fideliter
418 2613 563 2655 reverenter
574 2619 604 2654 ac
617 2603 707 2656 devote
718 2603 809 2655 missas
821 2603 946 2654 audiendo
959 2603 1145 2656 communiente.
1170 2603 1278 2669 Oportet

103 2701 191 2742 tamen
209 2700 236 2742 et
254 2708 298 2744 uos
316 2691 386 2757 ipsos
404 2701 443 2743 ter
461 2693 501 2743 rel
519 2701 607 2758 quater
624 2692 651 2743 in
669 2709 744 2755 auno,
763 2693 784 2742 si
803 2691 909 2758 amplius
927 2689 982 2741 lieri
1000 2707 1050 2742 nou
1065 2698 1158 2756 potest,
1177 2701 1203 2742 et
1214 2705 1275 2742 con·

101 2779 242 2832 sessionem
258 2779 343 2832 faeere
362 2788 438 2846 atquc
455 2781 503 2846 ipsi
515 2790 671 2833 sacramento
683 2780 873 2833 communicare.
945 2777 1083 2839 ⁶Quintum
1095 2785 1276 2830 sacramentum

102 2876 144 2920 est
162 2885 210 2934 per
226 2869 393 2935 penitentiam
410 2868 578 2921 reconciliatio
596 2868 731 2936 lapsorum,
750 2869 777 2919 id
796 2877 835 2919 ost
853 2869 971 2933 ipsorum,
989 2867 1032 2932 qui
1047 2875 1105 2932 post
1116 2866 1276 2933 baptismum,

101 2965 211 3024 propter
228 2957 356 3024 graviores
375 2957 462 3024 culpas
480 2951 513 3009 ab
531 2957 638 3010 ecelesia
656 2957 774 3025 proiecti,
792 2973 838 3023 per
856 2955 1053 3006 satisfactionem
1071 2955 1209 3021 penitentie
1226 2955 1274 3007 ite-

100 3063 160 3097 rum
186 3044 210 3097 ei
232 3046 407 3098 reformantur.
443 3047 477 3097 Et
498 3046 546 3098 boc
568 3055 750 3098 sacramentum
773 3045 845 3111 quasi
867 3043 994 3110 malagma
1016 3051 1043 3095 et
1063 3043 1219 3109 recuperatio
1237 3051 1277 3094 cst

100 3133 249 3186 cadentium
271 3135 297 3185 in
315 3150 402 3201 pugna
420 3143 446 3186 et
464 3134 658 3186 vulneratorum.
729 3130 850 3186 ΙΙΒιιιιιιιι
869 3141 1051 3186 sacromentum
1069 3139 1109 3183 est
1126 3132 1276 3198 coniugium,

100 3223 129 3274 id
149 3230 191 3272 est
208 3221 299 3288 copula
315 3222 513 3274 matrimonialis.
548 3223 665 3288 Quinque
682 3231 766 3274 autem
784 3223 914 3291 superiora
932 3229 1089 3274 sacramenta
1106 3221 1179 3286 quasi
1196 3237 1274 3286 gene·

99 3311 169 3363 ralia
186 3317 245 3360 sunt
262 3317 289 3360 et
306 3311 374 3362 omni
391 3311 528 3362 christiano
545 3310 696 3373 necessaria,
714 3312 782 3364 istud
800 3322 884 3364 autem
902 3311 974 3378 quasi
990 3309 1140 3377 particulare
1152 3319 1199 3372 est,
1217 3309 1277 3375 quia

99 3417 155 3452 nou
180 3397 296 3450 omuibus
314 3399 498 3461 necessarium,
520 3399 566 3450 sed
584 3399 621 3449 eis
639 3407 748 3460 tantum,
772 3401 814 3465 qui
833 3417 860 3451 se
878 3400 1007 3452 continere
1025 3417 1076 3451 uon
1094 3407 1206 3465 possunt.
1243 3397 1277 3448 Et

98 3488 171 3541 sieut
193 3487 228 3538 ad
250 3487 382 3554 superiora
404 3496 563 3539 sememonta
585 3504 672 3539 omnes
694 3488 808 3539 bomines
827 3489 943 3540 trahendi
961 3497 1020 3540 sunt
1038 3497 1065 3540 et
1081 3486 1217 3549 invitandi,
1240 3485 1277 3536 ita

98 3577 188 3630 nullus
207 3576 241 3628 ad
258 3576 307 3628 boc
324 3575 462 3628 trahendus
480 3575 521 3627 rel
538 3576 681 3628 invitandus
700 3584 748 3639 ost,
766 3575 815 3627 niel
830 3577 880 3642 qui,
898 3585 927 3628 ut
939 3577 1032 3629 dietum
1045 3585 1092 3638 est,
1111 3593 1139 3628 ιι
1151 3592 1201 3628 uon
1213 3592 1275 3627 con·

98 3667 189 3719 tinent
211 3665 258 3717 sed
281 3682 347 3731 rago
368 3673 395 3716 ιι
412 3663 497 3716 illicito
515 3665 649 3717 concubitu
667 3681 723 3716 sese
741 3663 857 3731 polluunt
874 3673 900 3716 et
917 3665 1107 3718 commaculent.
1143 3664 1191 3715 liis
1209 3664 1276 3716 enim

98 3754 264 3808 suadendum
285 3762 339 3815 est,
362 3761 391 3803 ut
414 3751 552 3804 infirmitati
576 3771 621 3805 sue
643 3753 779 3805 honestiori
797 3754 947 3805 subveniant
965 3753 1083 3805 remedio.
1112 3753 1164 3805 Vos
1182 3760 1276 3814 sutem,

98 3845 145 3912 qui
165 3858 246 3907 usque
264 3842 297 3893 ad
314 3842 363 3893 bec
379 3850 494 3908 tempora
512 3858 563 3893 uon
582 3841 710 3894 christiani
727 3843 773 3893 scd
791 3841 886 3909 pagani
903 3840 993 3903 fuistis,
1013 3849 1195 3894 sacramentum
1213 3859 1274 3892 ecn-

96 3933 166 4000 iugii
184 3949 235 3982 non
252 3931 389 3992 habuistis;
407 3931 465 3996 quis
483 3929 559 3981 fidem
576 3929 618 3981 uni
630 3931 703 3982 tboro
715 3948 765 3982 nou
777 3930 905 3991 servastis,
924 3929 979 3993 sed,
997 3930 1039 3995 qui
1052 3929 1172 3992 voluistis,
1191 3929 1276 3996 plures

97 4019 229 4074 habuistis
246 4036 345 4072 uxores.
373 4018 447 4080 Quod
465 4018 585 4084 deinceps
604 4019 676 4070 vobis
692 4037 742 4071 non
760 4018 853 4071 licebit.
880 4017 933 4069 Sed
950 4036 1014 4069 unus
1033 4019 1070 4068 vir
1088 4035 1163 4068 unam
1180 4025 1276 4068 tanturn

96 4111 201 4162 habero
219 4107 296 4158 debet
313 4124 430 4170 uxorem,
453 4116 479 4158 et
496 4125 547 4158 uua
564 4125 654 4168 uuum;
677 4108 744 4173 quod
762 4107 868 4173 emplius
886 4114 940 4169 est,
958 4124 974 4157 a
991 4105 1057 4158 mulo
1075 4110 1138 4159 est1.
1174 4107 1202 4159 Si
1220 4107 1275 4173 quia

176 4219 198 4252 a.
223 4204 304 4253 lemno
319 4205 346 4253 in
356 4205 392 4252 N.-
407 4203 442 4252 De
453 4209 540 4266 septem
554 4206 709 4262 sacramentis,
725 4205 830 4265 primum.
906 4204 929 4250 b.
953 4204 1035 4252 lemma
1050 4203 1076 4252 in
1087 4205 1122 4252 N.-
1139 4203 1275 4252 Secundum.

96 4302 118 4336 c.
142 4286 260 4334 Tercium.
338 4285 360 4332 d
385 4285 480 4333 ιιιιιιαε
495 4285 604 4342 Quartum
615 4286 646 4332 N.
724 4298 745 4331 ι.
765 4283 877 4338 onaNB,·
890 4284 970 4346 recepi
984 4300 1013 4332 ec
1024 4284 1054 4331 R.
1123 4285 1140 4331 i.
1163 4299 1206 4332 orn
1216 4285 1275 4340 ΝΒ,-

95 4364 185 4428 recepi
199 4380 229 4413 w
245 4365 275 4412 R.
367 4377 390 4423 g.
414 4364 507 4411 lcmmm
523 4365 631 4420 Quintum
643 4364 673 4411 N.
766 4363 790 4409 b.
814 4363 907 4410 lemma:
924 4363 1017 4410 Sextum
1033 4364 1062 4412 Ν.

177 4444 204 4498 1.
222 4439 265 4499 cs
282 4441 378 4498 usu.
390 4442 416 4513 s,
434 4443 478 4496 ιι.
