3142 4850
315 340 380 404 806
607 354 784 401 assonam
807 326 988 401 orauoous.
1023 353 1088 399 urs.
1105 352 1144 398 m
1168 349 1201 400 ra

228 532 295 586 1127
314 515 542 598 benedictione,
565 520 748 602 paraturam
772 512 1010 595 sacerdotalem,
1032 511 1162 577 calicem
1179 531 1302 596 quoque
1316 531 1354 576 ac
1366 510 1491 576 librum

316 639 347 699 et
374 636 493 714 cetera,
523 650 584 715 qua
610 630 752 697 faciende
779 630 875 695 misse
898 630 978 693 ratio
1002 625 1142 714 postulat
1164 647 1344 710 assumens,
1372 647 1492 693 narem

315 746 505 815 conscendit.
540 744 603 814 Sed
625 766 693 829 nos,
717 744 859 811 videntes
874 744 1006 810 dabam
1023 748 1166 809 nostrum
1189 745 1282 809 unice
1303 763 1412 809 <arum
1438 764 1494 808 so-

315 862 380 928 lum
405 862 445 927 ad
468 863 611 948 martyrii
636 858 774 948 palmam
798 866 1032 947 properantem,
1055 879 1126 926 cum
1150 858 1310 925 dehortari
1333 879 1405 925 eum
1423 880 1492 925 nou

315 978 513 1060 auderemus,
533 977 615 1043 viam
632 978 699 1043 eius
714 976 854 1043 lacrimis
869 975 1067 1042 uberioribus
1089 976 1246 1061 prosecuti
1262 995 1381 1041 sumus.
1417 975 1494 1058 Qui,

316 1092 401 1161 boris
425 1094 514 1178 quasi
533 1093 634 1159 tribus
650 1093 811 1179 prosperis
825 1090 952 1158 datibus
967 1092 1131 1175 navigans,
1153 1091 1221 1157 iere
1235 1092 1299 1157 iam
1316 1091 1374 1157 ab·
1389 1090 1494 1157 oculis

315 1210 432 1276 nostris
456 1209 579 1277 ablatus
601 1208 720 1291 iuerat,
749 1213 782 1273 et
804 1227 876 1274 ecce
897 1213 1069 1294 tempestus
1091 1208 1203 1293 oritur,
1226 1208 1392 1292 venusque
1414 1226 1494 1274 oon·

314 1326 422 1392 trariis
449 1332 550 1391 ratem
574 1324 634 1390 huc
655 1324 793 1408 illucque
816 1323 1021 1409 pellentibus,
1044 1324 1128 1390 viam
1151 1330 1261 1391 tenere
1281 1343 1345 1389 nou
1368 1324 1492 1409 potuit;

316 1440 372 1507 sed
394 1441 434 1506 ad
457 1440 548 1524 litus,
572 1439 654 1507 uude
678 1441 815 1522 exierat,
843 1444 917 1525 post
939 1438 1071 1505 multam
1092 1440 1313 1523 fatigationem
1335 1438 1494 1525 appulsus

316 1562 373 1623 est.
414 1555 469 1623 llle
492 1576 582 1641 vero,
610 1556 738 1623 tametd
759 1556 960 1640 tempestatis
982 1554 1098 1620 iniuria
1121 1561 1155 1620 et
1175 1554 1329 1621 imbribus
1352 1555 1493 1640 desuper

316 1671 506 1738 irruentibus
535 1678 567 1738 et
594 1671 740 1759 procellis
763 1692 876 1738 narem
901 1670 1046 1738 deorsum
1070 1669 1273 1757 implentibus
1296 1675 1384 1736 totus
1408 1676 1493 1737 osset

316 1787 461 1853 madidus
485 1788 601 1872 vixque
623 1788 746 1873 spirare
761 1788 932 1871 videretur,
957 1808 976 1852 a
997 1793 1088 1873 cepto
1107 1787 1258 1853 desistere
1280 1786 1393 1852 noluit
1429 1786 1493 1853 b'o-

318 1922 378 1987 quo
407 1904 445 1968 ad
474 1908 590 1969 terram
622 1903 734 1984 exivit3
765 1904 821 1970 sed
844 1904 956 1971 sudeus
980 1905 1011 1969 in
1036 1903 1197 1986 navicula,
1226 1901 1494 1988 tranquillitatem

317 2020 414 2084 maris
449 2019 650 2105 expectabst3
686 2020 812 2085 interim
849 2040 962 2105 equam
993 2020 1032 2086 de
1061 2021 1134 2085 naui
1164 2019 1290 2085 vasculo
1320 2019 1492 2105 proiciens

317 2133 427 2200 Ventis
450 2136 555 2221 itaque
579 2134 740 2221 paululum
760 2136 888 2219 sedatis,
911 2137 1026 2203 iterum
1049 2136 1199 2219 navigare
1215 2133 1336 2221 cepit⁶3
1361 2137 1493 2203 iterum·

317 2270 378 2335 que
401 2250 496 2315 simili
518 2250 612 2317 modo
633 2251 804 2337 impeditus
820 2258 877 2319 ost
913 2252 1020 2319 Tertia
1035 2272 1159 2337 quoqne
1175 2252 1242 2317 vice
1256 2252 1304 2318 ire
1319 2257 1492 2338 temptans,

317 2365 373 2432 sed
395 2365 616 2434 nichilominus
640 2372 730 2434 uoote
754 2386 791 2435 ac
813 2374 1001 2456 tempestate
1024 2370 1205 2453 ingruente,
1228 2368 1318 2455 ponti
1342 2369 1492 2435 seviciam

318 2482 372 2549 vix
389 2487 421 2549 et
436 2485 525 2567 qnasi
547 2505 604 2570 per
620 2484 808 2551 miraculum
827 2486 936 2551 evasit.
967 2486 1152 2570 Tempestas
1168 2504 1241 2550 vero
1264 2484 1351 2550 iutra
1370 2492 1492 2571 septem

318 2599 385 2666 dies
412 2619 475 2665 uon
498 2600 641 2665 cessavit.
734 2599 894 2666 Intellexit
922 2621 995 2684 ergo
1019 2601 1067 2667 vir
1090 2599 1150 2668 Dei
1173 2599 1332 2666 Ucrauos‘
1358 2622 1494 2685 euange-

317 2715 378 2782 lice
401 2715 503 2799 gratie
525 2715 679 2798 indignos.
716 2715 917 2802 Currensqne
931 2735 1001 2782 cum
1018 2716 1150 2800 clericis,
1175 2714 1378 2802 discipulum,
1404 2718 1493 2802 quasi

318 2831 358 2897 de
379 2830 520 2917 palestra
542 2836 741 2915 coronatum,
765 2831 805 2897 de
827 2831 920 2898 litore
942 2831 1034 2898 duxit
1056 2832 1096 2898 ad
1118 2838 1246 2916 tectum,
1270 2852 1370 2918 super
1392 2834 1494 2920 ipsius

319 2948 496 3014 constantia
511 2945 652 3033 ‘fideique
675 2948 894 3032 magnitudine
908 2946 1079 3012 Dominum
1097 2947 1293 3014 benedicens.
1379 2950 1429 3015 At
1442 2951 1495 3015 ubi

319 3069 465 3130 cenatum
495 3063 570 3146 fuit,
602 3063 716 3130 babes
746 3063 784 3130 de
813 3064 1013 3146 navigatione
1035 3062 1174 3129 Udalrici
1202 3064 1300 3130 iocari
1322 3071 1492 3152 ceperunt:

320 3181 362 3246 Et
393 3183 464 3266 quis
494 3173 657 3264 inquiunt,
682 3184 713 3245 si
736 3183 870 3268 perisset
894 3182 1002 3260 bomo,
1031 3203 1104 3244 reus
1125 3181 1290 3246 homicidii
1318 3184 1495 3248 tenuem?

320 3293 512 3362 Adalbertus
543 3301 646 3362 numm
676 3297 848 3381 interpres,
877 3296 928 3361 uui
957 3295 1095 3362 maxime
1121 3295 1240 3361 mutum
1269 3295 1492 3382 displicuerat:

322 3411 402 3492 Quis
425 3413 538 3476 iustim
553 3411 655 3496 iuquit
674 3413 878 3478 homicidium
894 3414 999 3494 lueret,
1024 3434 1120 3499 quum
1135 3415 1173 3493 io,
1198 3416 1254 3498 qui
1273 3413 1357 3480 bunc
1375 3418 1422 3479 ad
1434 3415 1495 3480 tale

319 3527 496 3614 periculum
519 3529 653 3594 direxit?
683 3527 800 3597 Verum
824 3529 1007 3614 episcopus,
1031 3527 1175 3613 quamvis
1198 3527 1237 3593 ab
1260 3527 1373 3594 eodem
1397 3530 1493 3595 fratre

322 3641 361 3708 de
383 3641 442 3708 hoc
459 3642 552 3708 verbo
576 3648 648 3708 ante
671 3643 816 3729 pulsatus
837 3644 943 3727 luerit,
967 3643 1013 3708 nil
1035 3649 1150 3726 motus,
1174 3643 1213 3709 ad
1234 3643 1438 3726 euangelium
1460 3666 1493 3710 se

322 3757 479 3824 convertit
505 3762 537 3824 et
564 3757 709 3844 exemplo
738 3759 856 3824 domini
886 3758 972 3842 lesu,
1001 3759 1172 3845 discipulos
1198 3759 1287 3843 qnasi
1312 3779 1390 3826 oves
1413 3763 1493 3826 iuter

321 3873 414 3959 lupos
437 3872 601 3956 mittentis,
623 3872 741 3940 tactum
765 3893 857 3940 sunm
879 3873 1027 3940 defendit
1065 3875 1144 3956 Quos
1166 3879 1247 3941 euim
1269 3876 1316 3940 ait
1330 3877 1495 3942 lorniridr'i

321 4011 393 4054 reuss
409 3989 576 4068 tenebatur,
602 3991 777 4077 descipulis,
804 3993 861 4076 qui
874 4015 895 4056 u
909 3991 1049 4056 Domino
1064 3993 1274 4072 mittebantur,
1298 3995 1493 4079 iamenu?

326 4105 391 4186 Qui
413 4126 482 4169 oues
504 4107 547 4170 ud
571 4105 661 4192 lupos
682 4109 777 4187 rudi,
800 4107 940 4192 profecto
957 4131 978 4172 u
993 4106 1077 4193 lupos
1093 4130 1164 4172 ones
1178 4109 1379 4173 devorandas
1394 4114 1491 4176 scivit.

324 4220 481 4284 Decorato
503 4234 576 4285 suut
599 4243 667 4286 oues
692 4247 710 4286 o
735 4223 835 4307 lupis,
862 4222 1018 4306 interfecti
1039 4235 1112 4286 suut
1133 4225 1270 4308 apostoli
1290 4249 1311 4287 u
1335 4230 1490 4311 &reuera

324 4327 445 4396 Deinde
460 4333 643 4416 parabolam
659 4334 739 4402 hanc
754 4335 836 4402 iacto
853 4355 909 4400 suo
924 4340 1086 4421 coaptans,
1101 4335 1197 4422 plena
1206 4337 1337 4404 rationis
1349 4339 1492 4408 danim

394 4481 414 4514 a
438 4469 467 4514 ob
484 4471 514 4528 Ν,
531 4471 559 4518 sb
575 4472 628 4519 BR.
708 4475 729 4522 b.
754 4479 863 4536 ceperunt
878 4475 909 4523 N.
986 4491 1007 4523 u
1030 4489 1128 4525 arcanos
1143 4477 1175 4535 Ν,
1190 4491 1286 4526 ucrnoe
1302 4479 1333 4535 R,
1350 4481 1490 4529 uma
