3142 4850
309 309 376 374 534
421 296 428 307 ’
570 326 759 375 neronom
781 326 1060 375 nemausenses.
1096 322 1187 377 atae

312 485 374 557 37.
401 486 474 553 Otto
489 485 529 552 II
544 490 709 574 eptacepaa
732 486 976 574 Bamberpeneis
999 486 1203 573 Wolsrummo
1231 486 1340 554 albot
1361 486 1396 555 S.
1413 488 1477 553 Ms-

398 602 514 667 ehoelis
536 604 708 689 oipnffloat,
732 625 797 669 sese
819 604 859 669 ob
883 603 1068 669 Aleeoodro
1085 602 1140 670 ΙΠ
1156 626 1248 690 papo
1271 616 1479 669 consecratum

399 726 489 784 eaee'.

222 856 291 909 1179
399 836 518 923 eonor
536 839 597 907 Dei
612 840 717 923 gratia
727 840 998 925 Bubenbergensis
1014 839 1185 909 aecclesiae
1199 840 1482 928 episeopusW(oli-

226 927 292 974 Μ
310 953 463 1037 rammo)'
492 956 600 1022 abbati
631 955 753 1041 totique
781 957 955 1023 venerabili
986 956 1153 1023 conventui
1183 955 1292 1023 Sancti
1319 956 1482 1023 Michaelis

310 1072 445 1139 salntem
468 1077 501 1139 et
522 1076 687 1157 paternam
711 1071 923 1139 dilectionem.

399 1186 587 1254 Benedictus
610 1186 708 1270 Deus,
732 1188 787 1272 qui
809 1186 1023 1271 magnificavit
1044 1187 1149 1254 faeere
1171 1187 1335 1254 nobiseum
1359 1187 1483 1253 miseri-

310 1303 467 1387 cordiam,
500 1307 532 1369 et
558 1301 727 1385 beneficia,
756 1324 838 1389 quae
867 1303 908 1369 ed
936 1308 1061 1389 tempus
1089 1302 1216 1387 quidem
1245 1304 1321 1369 dare
1349 1301 1483 1385 distulit,

295 1405 437 1516 'taudem
461 1417 632 1485 elementer
647 1417 791 1485 eontulit
826 1418 903 1485 Post
924 1418 1041 1485 multas
1064 1418 1148 1485 enim
1171 1416 1391 1485 tribulationes
1408 1438 1483 1503 quas

311 1535 529 1618 sustinuimus,
552 1533 593 1599 de
608 1533 722 1617 quibus
738 1534 871 1621 posthae
886 1534 1010 1621 plenius
1025 1534 1135 1600 audire
1150 1534 1304 1620 poteritis,
1322 1534 1482 1615 negotium

189 1667 256 1713 sare
266 1670 294 1714 rs
311 1654 454 1717 nostrum
470 1647 594 1717 effeetui
609 1650 825 1737 mancipatum
843 1656 900 1717 est
968 1648 1004 1716 ln
1019 1649 1178 1716 domiuiea
1191 1668 1328 1734 namque
1345 1644 1482 1731 lediea¹‚

312 1881 422 1965 nibus,
445 1882 500 1966 qui
522 1881 563 1948 ad
585 1878 750 1947 sinodum⁴
772 1886 1000 1965 couvenerant,
1030 1882 1112 1947 siout
1133 1879 1254 1967 placuit
1276 1880 1321 1964 ei,
1351 1881 1484 1965 quinos

310 1996 387 2064 lieet
407 1996 554 2081 indignos
578 1996 618 2063 ad
639 1996 850 2064 ministerium
876 2016 967 2063 suum
991 2002 1023 2063 et
1044 2002 1185 2063 vestrum
1201 2016 1315 2063 votare
1336 1996 1482 2079 dignatus

312 2118 371 2197 est
394 2133 413 2179 a
434 2112 550 2179 domno
572 2110 673 2200 papa⁶
696 2112 837 2199 promoti
858 2132 966 2179 sumus
990 2114 1024 2178 in
1052 2111 1280 2199 plenitudinem
1305 2117 1337 2179 et
1365 2111 1484 2179 ordinis

312 2234 345 2295 et
378 2229 552 2313 potestatis.
649 2227 849 2316 Quapropter
882 2228 1049 2313 diligenter
1081 2248 1229 2312 rogamus
1261 2234 1293 2295 et
1320 2248 1484 2295 monemus

312 2344 542 2411 fraternitatem
567 2351 715 2430 vestram,
739 2350 893 2431 quatenus
917 2344 1130 2411 indesinentes
1153 2345 1326 2429 gratiarum
1346 2344 1484 2411 actiones

311 2461 466 2528 bonorum
488 2467 668 2527 nostrorum
691 2460 836 2544 largitori
862 2459 1077 2548 persolverem
1105 2460 1273 2542 studeatis3
1302 2481 1362 2528 nos
1390 2461 1484 2528 etiam

313 2581 438 2662 steen,
462 2577 516 2661 qui
538 2577 703 2644 nobiseum
726 2581 815 2660 sunt,
840 2577 976 2643 assiduis
999 2583 1032 2644 et
1054 2577 1184 2646 sineeris
1207 2577 1404 2644 orationibus
1424 2577 1485 2663 ipsi

312 2693 429 2777 iugiter
450 2692 717 2760 commendantes.

315 2893 377 2967 38.
403 2898 524 2964 Lectus
540 2897 602 2962 III
617 2920 709 2984 popa
732 2897 917 2963 Reioltordo
945 2899 1091 2984 episeopo
1121 2895 1374 2985 Wirzebwyenei
1395 2920 1487 2964 neno·

403 3015 474 3096 dot,
503 3025 539 3080 ot
560 3014 706 3078 decumae
729 3015 886 3099 quasdam
904 3011 1110 3098 Wolsrammo
1137 3013 1246 3080 aetati
1267 3012 1304 3081 S.
1320 3014 1488 3082 Michaelis

403 3129 632 3216 Bamdeyemi
652 3129 735 3194 selei
754 3126 873 3216 ceput!

147 3278 300 3335 1184-1185
404 3260 545 3344 Ltuoius)
569 3262 735 3349 episcopus
761 3281 872 3328 servus
900 3279 1063 3328 servorum
1085 3259 1146 3328 Dei
1169 3257 1283 3328 dileoto
1305 3261 1340 3328 iu
1363 3259 1490 3331 Christo

172 3354 273 3413 ΒΜ
315 3377 408 3444 tratri
422 3376 627 3460 Rteiulrordo)
642 3376 899 3461 wirzeburgensi
920 3378 1067 3464 episeopo
1085 3375 1220 3444 salutem
1236 3381 1268 3444 et
1283 3378 1491 3464 apostolicam

316 3493 575 3561 benedictionem.

405 3607 571 3676 Referente
585 3606 758 3676 venerabili
779 3608 879 3675 fratre
901 3612 1007 3674 nostro
1023 3606 1296 3691 Bavenbergensi⁰
1311 3607 1492 3696 episeopo⁸‚

316 3745 418 3810 nuper
440 3725 629 3812 aoeepimus‚
654 3725 748 3810 qued,
772 3743 845 3790 eum
868 3722 1000 3790 dilectus
1024 3721 1107 3789 filius
1130 3727 1239 3790 noster
1261 3723 1360 3792 abbas
1382 3725 1494 3793 Sanoti

316 3837 497 3908 Michaelis⁷
521 3840 660 3907 decimas
690 3840 844 3925 quasdam
871 3839 989 3906 iudieio
1012 3844 1085 3906 tuae
1113 3839 1322 3906 fraternitatis
1350 3841 1492 3927 ovieertt,

317 3956 380 4024 duo
403 3956 565 4024 temerarii
592 3957 755 4022 invasores
783 3954 985 4042 parrochiani
1007 3955 1055 4020 tui
1081 3955 1220 4021 decimas
1248 3955 1336 4042 ipsus
1356 3956 1392 4022 in
1415 3977 1494 4025 suae

386 4104 408 4136 ι.
431 4089 555 4151 Deteripri
574 4103 603 4137 ex
619 4087 770 4136 biliothecae
784 4086 965 4150 Bamberpease's
985 4086 1033 4135 cod
1044 4086 1089 4135 Ed
1101 4088 1127 4135 11
1140 4089 1185 4144 12,
1203 4086 1251 4149 sol.
1267 4088 1409 4150 pesulane,
1429 4105 1493 4138 m

317 4169 444 4296 &le
538 4170 560 4294 ἶ.
583 4167 708 4296 ξιιέοὲἡκί
724 4182 754 4216 ee
769 4166 820 4216 eod.
836 4167 987 4216 bibliothecae
1002 4167 1182 4230 Bumberpensis
1196 4171 1236 4216 Aa
1250 4169 1277 4216 ll
1290 4170 1308 4216 2
1321 4167 1370 4230 fol.
1382 4171 1409 4228 1,
1429 4185 1493 4216 m

390 4343 416 4396 1.
433 4341 469 4398 Il
564 4343 644 4400 211.
738 4343 765 4398 3.
788 4343 867 4398 iiart
881 4343 924 4398 18.
1017 4342 1044 4396 4.
1068 4341 1104 4397 ed
1127 4341 1272 4398 eoueilium
1296 4343 1492 4401 Leteraueuse.

318 4431 345 4485 n.
364 4428 522 4486 Alexandro
533 4429 583 4485 IIL
690 4431 716 4487 6.
735 4429 836 4487 Ottone
847 4431 883 4486 11.
989 4431 1016 4486 7.
1033 4427 1237 4488 Wolirammus.
