3142 4850
298 287 364 353 408
684 297 998 374 nuauarcrconnx.
1033 295 1087 347 aas

212 480 281 535 1124
298 463 442 531 tebaldus
451 461 673 544 Traiectensis,
685 457 898 526 GctefridusT
900 458 1074 524 reverencia
1091 455 1356 541 archiepiscopus,
1367 453 1464 520 Ouan-

223 553 265 600 Μ’
299 576 410 646 radas¹
426 577 594 660 Tullensis,
616 575 723 643 Bruno
738 575 990 658 Argentinensis,
1012 567 1215 639 Bertoldus·¹
1233 569 1417 637 Basibeusis
1438 577 1466 635 et

300 695 354 762 alii
368 693 476 760 fideles
491 692 702 779 imperatoris.
734 690 864 773 Quibus,
880 689 934 756 diu
949 687 1101 755 ventilato
1117 686 1259 770 consilia,
1276 686 1412 772 placuit:
1435 691 1466 750 ut

300 810 432 876 domnus
448 807 617 875 cardinalis
640 807 744 872 locum
768 810 800 872 et
822 805 987 871 eeclesiam
1010 810 1152 869 nostram
1167 801 1320 886 risitaret,
1344 807 1467 868 concorss

299 926 384 992 diam
409 924 558 991 eeclesiae
581 943 677 1008 super
700 922 852 988 electione
874 939 945 985 mea
967 917 1188 1002 investigarem
1215 937 1311 1002 quam
1334 917 1363 981 si
1384 917 1466 981 inre·

300 1043 393 1123 niret,
417 1041 456 1106 ab
471 1059 508 1106 eo
531 1057 734 1124 promoverer
758 1037 799 1102 ad
821 1035 1002 1121 presbiterii
1024 1035 1177 1116 ordinem,
1200 1033 1310 1098 statim
1324 1049 1469 1098 consecu-

300 1161 389 1221 turus
413 1175 433 1220 a
454 1155 569 1220 domno
593 1152 829 1238 archiepiscopo
852 1150 1065 1236 episcopalem
1087 1149 1347 1216 benedictionem.

389 1269 470 1347 Quia
492 1270 598 1352 itaque
621 1267 754 1332 domnus
786 1265 1041 1352 archiepiscopus
1068 1266 1128 1330 boc
1155 1263 1224 1330 lieri
1252 1263 1414 1329 consensit
1439 1268 1470 1328 et

300 1386 403 1470 iussit,
426 1385 514 1452 veuit
528 1383 661 1450 domnus
684 1381 854 1448 cardinalis
877 1381 1029 1448 inlocum
1043 1387 1198 1446 neruum.
1231 1378 1277 1446 Et
1292 1377 1470 1462 congregali

301 1505 375 1567 sunt
398 1501 562 1566 universus
585 1498 688 1564 clerus
711 1503 744 1563 et
766 1496 918 1583 populas,
946 1497 1082 1563 maiores
1105 1501 1138 1562 et
1159 1495 1314 1578 minores,
1344 1494 1469 1560 abbates

303 1620 335 1682 et
349 1614 526 1701 complures
542 1613 692 1681 ecclesiae
707 1619 836 1680 nostrae
850 1612 911 1678 viri
931 1612 1085 1696 religiosi3
1110 1617 1143 1677 et
1158 1611 1243 1696 quia,
1266 1631 1317 1676 me
1333 1609 1469 1690 absente,

301 1731 423 1797 inventi
446 1735 520 1796 sunt
542 1731 575 1795 in
598 1729 749 1796 electione
768 1747 841 1794 mea
861 1726 1043 1814 concordes,
1066 1726 1185 1809 gratias
1201 1725 1269 1792 Dec
1291 1725 1358 1809 egit
1379 1723 1468 1791 etad
1543 1781 1550 1799 ,

303 1845 445 1912 ordinem
473 1845 653 1932 presbiterii
682 1865 732 1910 me
765 1843 924 1930 pmmnvit
951 1847 984 1909 et
1010 1843 1180 1909 canonicae
1211 1841 1355 1908 electioni
1385 1859 1469 1906 meae

302 1965 368 2026 tam
391 1961 424 2026 iu
447 1959 589 2026 Romana
612 1959 745 2027 ecclesia
767 1979 862 2045 quam
884 1960 918 2024 in
941 1963 1112 2043 conspeetu
1133 1957 1362 2044 archiepiscopi
1383 1955 1468 2024 testi

304 2076 443 2140 monium
466 2075 637 2162 perhibuit,
661 2077 743 2142 deut
765 2075 847 2141 vidit
868 2079 900 2141 et
922 2075 1054 2158 audiuit,
1078 2081 1110 2141 et
1131 2074 1233 2140 adbuc
1255 2073 1409 2159 perhibet
1553 1977 1558 2164 Ι

391 2189 476 2256 Dum
500 2191 556 2257 hec
579 2197 611 2257 et
633 2190 734 2257 multa
756 2189 820 2257 alia
841 2191 927 2256 eirca
948 2209 1075 2256 causam
1100 2210 1203 2256 meam
1218 2189 1397 2273 agerentnr,
1419 2187 1467 2254 ad-

303 2305 461 2372 versarius
484 2325 573 2372 meus
596 2306 673 2372 mibi
698 2306 966 2391 superordinatus,
991 2305 1045 2390 qui
1064 2305 1198 2372 Romam
1224 2306 1326 2371 iverat
1347 2309 1381 2370 et
1400 2323 1468 2370 esu·

304 2442 371 2489 sam
395 2442 484 2488 suam
500 2422 591 2489 donis
615 2427 647 2489 et
668 2420 932 2508 promissionibus
955 2421 1000 2488 ibi
1022 2420 1220 2507 palliaverat,
1241 2421 1345 2489 factus
1367 2427 1417 2488 est
1434 2418 1468 2485 de
1554 2471 1559 2528 Ι

216 2551 286 2606 1125
305 2537 418 2605 medio.

394 2652 511 2719 Iterum
535 2653 805 2739 archiepiscopum
829 2652 909 2736 adii,
937 2653 1039 2739 ipsius
1062 2652 1194 2719 ocnsssio
1216 2651 1365 2736 concilio,
1394 2651 1471 2738 quod

303 2770 337 2835 iu
352 2768 539 2853 birgantina
562 2768 694 2836 ecclesia
716 2773 793 2834 tnnc
815 2768 968 2853 temporis
983 2768 1104 2852 habuit,
1128 2788 1179 2835 me
1201 2788 1266 2835 una
1283 2788 1359 2842 cum
1373 2766 1472 2834 Eista·
1560 2777 1561 2800 ³

304 2884 387 2951 tensi
410 2880 529 2951 electc⁸
544 2886 756 2971 praesentavi,
779 2889 891 2971 petens
905 2884 1155 2951 misericordiam
1171 2884 1222 2951 vel
1236 2884 1406 2950 iusticiam.
1434 2882 1473 2950 lit

306 3020 431 3066 omnem
455 2998 666 3067 obedientiam
689 3020 740 3065 me
763 3000 793 3067 ei
816 3005 849 3065 et
870 2999 1074 3083 hloguntinae
1096 3000 1248 3067 ecclesiae
1275 3019 1404 3086 semper
1424 3020 1473 3065 er-

167 3134 287 3183 euerne
305 3115 454 3198 hibuisse,
479 3114 579 3201 ipsius
602 3114 783 3181 testimonio
800 3115 833 3180 in
849 3112 988 3201 synodo‘
1002 3115 1213 3201 comprobari.
1249 3114 1399 3183 Omnium
1421 3115 1474 3198 igi·
1560 3176 1562 3207 Ι

306 3235 358 3297 tur
374 3228 531 3313 suffragiis
555 3250 612 3316 pro
629 3250 679 3297 me
702 3230 912 3317 pulsantibus,
935 3252 986 3297 me
1002 3230 1042 3297 de
1056 3230 1231 3317 episcopali
1244 3232 1475 3298 ccuacmatione

307 3351 427 3412 certum
449 3345 540 3428 fecit3
572 3350 603 3411 et
626 3346 709 3413 diem
737 3347 983 3414 consecrationis
1005 3352 1038 3413 et
1064 3345 1168 3413 laeum
1198 3347 1276 3413 mihi
1304 3347 1473 3413 coustituit
1560 3348 1562 3359 '

307 3460 358 3527 Ad
381 3479 473 3546 quem
498 3462 584 3543 veni3
614 3461 687 3529 sed*
711 3462 808 3531 nichil
836 3462 964 3549 proieci.
1005 3460 1122 3528 lterum
1152 3463 1311 3548 protraxit
1332 3482 1385 3530 me
1407 3482 1475 3549 pro

307 3575 527 3659 missionibus3
556 3582 587 3643 et
609 3577 826 3663 praepositum
851 3582 884 3643 et
905 3576 999 3661 alios,
1022 3578 1077 3661 qui
1099 3598 1157 3663 pre
1185 3578 1385 3663 depositione
1409 3596 1476 3644 mea
1560 3576 1562 3611 ³

307 3690 488 3759 laborantes
509 3712 562 3759 me
585 3690 791 3777 offenderant,
814 3692 893 3758 mibi
916 3692 1140 3759 reconciliavit
1560 3668 1562 3675 ¹

396 3806 590 3895 Prepesitus,
614 3827 738 3874 mecum
759 3808 897 3891 rediens,
920 3807 1013 3874 boma
1035 3828 1125 3875 meus
1148 3807 1277 3876 effeetus
1300 3814 1364 3891 est3
1391 3814 1424 3875 et
1443 3811 1476 3873 ut

309 3922 448 3991 securior
471 3924 509 3990 de
531 3922 682 3991 fidelitate
705 3924 772 3990 eius
796 3924 981 4008 existerem,
1008 3925 1097 4010 quasi
1121 3924 1180 3991 sub
1201 3926 1409 3992 sacramenti*
1431 3928 1475 3990 at-
1560 3986 1562 3989 Α

380 4131 401 4163 a.
424 4065 602 4165 bertholdus‘l'.
761 4117 784 4165 b.
809 4120 833 4164 et
847 4118 871 4166 V.
1030 4132 1050 4167 a.
1074 4120 1221 4167 murmontis
1236 4119 1281 4169 Va.

381 4220 446 4274 1.1.
518 4222 545 4275 2.
563 4222 584 4276 Ι.
662 4222 687 4276 3.
707 4219 902 4291 Gebhardoll,
920 4222 1008 4279 electo
1026 4226 1091 4293 post
1108 4221 1254 4293 dllSept
1264 4224 1335 4279 1125
1353 4226 1418 4294 (quc
1433 4221 1473 4276 die

309 4304 453 4362 Udslrieus
465 4308 492 4362 ll
509 4324 553 4379 sp.
566 4310 729 4365 Elateteusis
747 4308 872 4375 obierat).
962 4312 988 4366 4.
1011 4327 1037 4366 c.
1050 4312 1094 4366 dle
1108 4313 1142 4367 18
1154 4311 1213 4367 Oct.
1225 4312 1311 4383 1125,
1328 4328 1357 4367 v.
1371 4326 1414 4382 ep.
1425 4309 1473 4365 ms

309 4408 393 4464 suprs
409 4411 436 4464 p.
450 4396 512 4451 398.
