3142 4850
311 311 378 377 410
698 329 864 378 unonnror
886 329 1014 378 conrx.
1048 327 1102 378 aaa

225 505 293 558 1126
311 487 1071 576 Norpertus·b1agdeburgenoisarchiepiscopus,
1088 487 1289 572 sigewardus
1299 487 1466 573 Mindensir,

311 600 538 672 Theodericus¹
553 604 821 687 Menanteriensis,
837 603 1030 672 Dietbardus
1046 605 1298 688 Osnibnrgeusis,
1316 603 1391 672 Otto
1407 605 1469 672 flu-

311 719 526 803 berstatensis,
549 719 747 804 Megingotns
762 718 1040 803 Merseburgeusie.
1075 720 1136 799 Qui
1150 726 1183 786 et
1196 721 1289 788 buius
1304 721 1352 786 rei
1366 721 1469 788 iudices

310 841 385 901 sunt
408 840 455 919 et,
485 834 646 902 Romanae
669 835 718 902 rel
742 833 945 917 Mogontinae
968 836 1036 902 aedi
1063 855 1225 920 nunquam
1252 837 1471 904 inobedientem

309 971 361 1016 me
377 950 529 1032 extitisse,
553 950 604 1016 etb
619 951 745 1034 cognita
759 969 856 1016 eausa
877 971 949 1016 mea
971 957 1004 1017 et
1019 972 1059 1017 ex
1074 951 1174 1036 ipsius
1188 949 1367 1034 Mogontini
1384 951 1472 1018 arcbi·

275 1043 282 1058 ⁸
310 1066 451 1152 episcopi
474 1066 654 1132 testimonio
678 1072 901 1149 cognorerunt.
993 1065 1078 1132 Dum
1093 1087 1167 1134 vero
1190 1087 1247 1152 por
1269 1068 1397 1136 diversa
1409 1085 1472 1134 con·

311 1180 383 1247 silio
406 1179 478 1248 finis
500 1200 614 1246 causae
642 1201 732 1250 meae
755 1184 935 1267 quaeritur,
965 1183 1005 1249 ab
1028 1183 1098 1269 ipso
1120 1180 1305 1265 Mogentino
1329 1182 1473 1268 archiepi-

311 1314 406 1382 scopo
430 1296 488 1362 hoo
511 1297 678 1364 consilinm
700 1297 779 1364 mibi
802 1298 966 1367 tribuitur:
990 1303 1035 1383 ut,
1059 1298 1146 1364 omui
1169 1303 1291 1365 remota
1310 1298 1472 1382 occasione,

310 1410 443 1478 Romam
467 1411 636 1496 procedam
659 1418 691 1478 ot
714 1433 753 1478 ex
776 1415 878 1498 ipsius
901 1410 1084 1500 apostolici¹
1105 1420 1185 1480 nuto
1207 1418 1241 1479 et
1261 1413 1368 1497 gratia
1388 1412 1472 1480 finem

310 1527 428 1610 negotii
452 1528 515 1592 mei
538 1527 682 1597 efficiam.
817 1565 820 1571 ,

399 1642 540 1728 Accepta
577 1643 673 1726 igitur
713 1644 944 1729 praedictorum
983 1643 1162 1730 principum
1200 1644 1473 1712 benedictioneot

309 1756 464 1841 lieentia⁶,
497 1759 537 1824 ed
559 1777 631 1828 mee
660 1759 856 1841 remeabam3
884 1760 1006 1844 ibique,
1035 1759 1138 1826 denuo
1165 1779 1230 1826 non
1258 1779 1377 1846 paucos
1404 1761 1472 1826 ami

310 1891 418 1940 corum
453 1893 594 1940 meorum
623 1875 729 1942 valida
761 1875 899 1942 militum
926 1894 1023 1942 mann
1052 1880 1162 1941 contra
1194 1875 1357 1942 civitatem
1383 1876 1472 1944 aciem

309 1988 474 2072 direxisse,
497 1990 724 2058 inveniebam‘.
758 1990 842 2068 Quid
856 1991 951 2073 ergo?
985 1990 1083 2058 Hinc·
1099 1991 1202 2058 ultrici
1219 1991 1269 2058 ira
1289 1992 1322 2057 in
1347 1991 1472 2077 perfidos

309 2103 380 2172 illos
402 2104 606 2190 provocabor,
630 2106 704 2172 hino
719 2107 835 2173 timore
849 2105 910 2173 Dei
932 2107 1113 2173 revocabar.
1148 2107 1216 2186 Quo
1231 2112 1265 2174 et
1278 2108 1391 2190 rictus,
1412 2106 1473 2194 pla·

310 2221 389 2288 catis
413 2220 523 2286 amicis
547 2222 637 2307 meis,
662 2223 742 2289 cessi
764 2222 967 2303 elementiam
990 2222 1162 2290 aDomiuo
1184 2227 1357 2310 expectans
1379 2222 1472 2290 locam

311 2341 343 2404 et
372 2341 498 2421 tempus
527 2337 712 2406 vindictae„
791 2337 884 2406 Cives
913 2344 1018 2405 autem
1047 2337 1126 2420 mei,
1154 2343 1244 2405 tanta
1269 2358 1305 2406 se
1333 2338 1474 2406 violentia

311 2454 540 2521 circumventos
564 2454 752 2540 aspicientes
776 2472 931 2539 suumque
954 2456 1098 2538 exitium,
1121 2455 1207 2540 qnod
1227 2475 1286 2539 ego
1302 2474 1368 2521 uon
1389 2474 1475 2542 para·

311 2570 400 2654 bam,
425 2570 630 2654 arbitrantes,
655 2590 716 2655 que
737 2572 825 2656 pacis
848 2576 940 2637 erant
962 2570 1148 2656 poscebant,
1172 2570 1369 2639 dedicionem
1390 2590 1476 2658 para·

310 2687 388 2754 bant
411 2692 451 2769 et,
477 2686 559 2752 datis
581 2686 752 2769 obsidibus,
774 2686 860 2753 intra
879 2687 1115 2770 quatuordecim
1130 2686 1198 2753 dies
1212 2688 1351 2769 gratiam
1365 2684 1477 2754 urrerem¹
1560 2761 1561 2784 ἶ

310 2823 345 2869 se
367 2802 536 2887 adepturos
566 2800 801 2886 promittebant.
838 2802 988 2887 Acceptis
1016 2802 1151 2887 denique
1178 2802 1341 2869 obsidibus
1364 2822 1477 2884 eornm,
1560 2787 1561 2838 ἶ

310 2936 420 3005 pacem
443 2917 516 2983 dedi
540 2922 571 2983 et
592 2916 732 2997 firmavi3
758 2924 790 2983 st
811 2918 936 2984 eosdem
961 2918 1086 2985 obsideo
1101 2918 1189 2985 urbis
1211 2919 1372 3004 praefecto
1389 2918 1480 2986 Goto-

310 3033 422 3101 boldo⁸
444 3033 479 3099 in
501 3032 562 3101 fide
584 3052 643 3100 sua
665 3033 836 3101 servandos
858 3035 1013 3101 commisi.

400 3150 459 3217 His
482 3150 588 3233 itaque
611 3149 795 3231 mansuetis,
825 3168 896 3215 ome
918 3150 952 3215 in
975 3168 1052 3233 pace
1075 3148 1219 3215 vivimus.
1259 3148 1304 3217 Et
1325 3170 1386 3236 pro
1410 3169 1482 3217 con·
1560 3195 1561 3232 ,

311 3266 393 3332 dioto
409 3264 637 3350 archiepiscopi
653 3264 783 3332 oonsilio
799 3270 833 3331 et
846 3285 905 3350 pro
919 3264 1093 3349 optinenda
1104 3263 1265 3331 Murenae
1280 3265 1367 3331 sedis
1380 3265 1484 3350 gratia

310 3382 372 3449 iter
387 3380 531 3463 Romam,
554 3381 634 3447 meis
658 3380 802 3464 quamvis
818 3381 921 3447 adbuc
935 3381 1078 3466 privatus
1095 3381 1358 3466 possessionibus,
1381 3386 1483 3449 matu·
1560 3429 1561 3434 η

310 3498 436 3577 rabam3
460 3496 537 3581 quia
559 3502 590 3563 ot
612 3496 671 3563 hoc
693 3496 797 3581 ipsum
821 3497 901 3562 meio
923 3496 1049 3582 placere
1069 3479 1215 3562 fidelibus
1237 3498 1425 3565 sentiebam.

400 3610 443 3677 Et
465 3611 538 3677 dum
562 3612 595 3677 in
618 3611 711 3677 huius
733 3611 857 3679 itineris
874 3613 1086 3695 negotiosum
1108 3617 1290 3699 occupatus,
1312 3612 1484 3679 nilminus

223 3740 292 3795 1127
310 3728 524 3815 suspicantem
547 3748 604 3795 rex
627 3732 660 3795 et
682 3728 849 3814 episcopus
871 3746 922 3795 me
944 3733 1103 3809 secuntur,
1125 3728 1287 3795 civitatem
1303 3723 1357 3795 me
1373 3729 1485 3813 ignaro

310 3843 530 3929 ingrediuntur
558 3849 604 3926 et,
635 3862 840 3927 quaecunque
868 3847 1030 3929 poterant,
1060 3842 1228 3908 adversum
1250 3862 1303 3910 me
1331 3844 1487 3911 sedicione

310 3961 493 4028 moliuntur.
585 3958 643 4025 His
666 3958 758 4024 malis
782 3959 929 4043 accessit,
957 3963 993 4024 ut
1014 3956 1269 4045 archiepiscopus
1292 3961 1399 4026 neseio
1422 3976 1487 4043 qno

312 4074 645 4145 excommunicationis
666 4073 791 4141 vinculo
813 4094 866 4141 me
887 4073 1064 4161 publicaret
1084 4073 1305 4160 illaqueatum
1328 4096 1403 4143 cnm
1425 4074 1488 4140 boe

381 4267 402 4299 a.
426 4252 595 4313 NorperbusV.
658 4253 680 4299 b.
701 4266 728 4299 ex
742 4251 786 4298 ΡΖ.
849 4265 869 4298 a
889 4252 1016 4301 lieeattiV.
1078 4251 1102 4298 d.
1123 4252 1251 4299 invenibam
1265 4252 1289 4299 V.
1351 4268 1372 4299 a
1391 4246 1488 4299 buit&

314 4332 334 4379 f.
350 4330 429 4379 mea
522 4346 544 4391 g.
567 4332 593 4377 (i.
607 4331 630 4377 V.

383 4437 408 4491 1.
427 4435 462 4489 11.
676 4435 702 4489 2.
725 4434 839 4491 Honorii
856 4434 892 4491 11.
