3142 4850
324 291 388 358 128
718 305 886 358 unmou
907 305 1035 356 conara
1069 302 1102 356 el

160 557 171 606 Ι
198 485 268 570 1980
285 559 294 602 t
320 468 463 552 egram
486 466 653 553 opesopes
668 447 878 534 'crevenum
900 464 1051 534 maso
1072 463 1293 532 sevonum
1314 463 1350 530 m
1367 461 1498 530 coreo

170 571 308 606 musmo
322 583 489 649 orationes.

410 695 506 762 Ferre
529 696 717 764 senteutiam
740 701 853 764 eontra
874 696 1092 782 apostolicum,
1114 715 1179 762 nou
1200 699 1250 762 est
1270 699 1375 760 tutum
1396 693 1500 758 immo

321 813 484 894 insanum
514 816 546 878 et
567 812 695 878 omniuo
718 812 891 896 nefarium,
918 810 1039 896 aliquid
1061 811 1177 878 audere
1198 811 1234 876 in
1254 809 1360 893 illum,
1384 809 1441 893 qui
1465 808 1500 874 in

321 929 390 996 voe
413 928 514 994 unce
536 925 624 994 usos
645 928 789 1012 fungitur
810 925 967 1010 russone
991 906 1094 1014 ipsius
1116 925 1244 994 cumn.
1281 924 1356 992 uo·
1378 928 1499 1007 mam,

322 1044 385 1140 qui¹
404 1043 523 1110 inuasit
551 1041 659 1111 sedeur
689 1042 912 1128 apostolicam,
941 1042 997 1126 qui
1024 1041 1167 1108 inaudita
1194 1040 1328 1108 elatione
1356 1037 1499 1123 eltuto,

322 1159 376 1244 qui
390 1158 532 1245 profanis
547 1158 740 1224 novitatibus
756 1157 873 1242 studet,
896 1156 1003 1248 amplo
1017 1157 1145 1224 nomine
1160 1156 1385 1224 delectatur-
1401 1175 1502 1240 quem

322 1293 424 1359 neque
447 1273 652 1342 christianum
671 1273 840 1360 appellem,
863 1272 940 1359 quia
952 1292 1017 1340 uon
1031 1272 1129 1341 babet
1141 1271 1276 1340 Christih
1293 1275 1501 1354 emactsoem,

322 1389 356 1456 id
386 1395 442 1456 est
462 1407 572 1475 pacem
603 1393 636 1454 et
657 1388 839 1472 cantatam,
867 1409 963 1474 quam
986 1388 1129 1456 Cbriatm
1158 1388 1224 1455 suia
1253 1386 1407 1455 militibus
1437 1387 1503 1452 im·

322 1505 450 1591 pressit,
473 1523 537 1590 qua
551 1503 696 1572 Christus
711 1525 785 1572 suos
799 1505 975 1573 notavit-
988 1524 1053 1572 uon
1068 1524 1233 1572 occurrere
1245 1503 1346 1587 buic·,
1367 1521 1436 1570 nou
1450 1503 1503 1570 iu-

323 1639 452 1704 surgere
474 1623 584 1688 comba
605 1619 715 1704 buuc‘,
739 1639 890 1704 maguum
912 1626 1042 1689 sanctae
1062 1620 1174 1688 matris
1197 1619 1349 1690 munim
1369 1623 1422 1688 est
1444 1638 1503 1705 pe-

322 1736 456 1802 riculum
479 1741 512 1804 et
532 1736 627 1823 plane
648 1739 760 1803 coutm
781 1735 894 1802 Deum.
1239 1809 1243 1817 ⁴

412 1850 489 1930 Quis
517 1852 601 1918 euim
624 1852 741 1936 neunt,
771 1871 812 1918 ex
841 1850 901 1918 boc
929 1852 1020 1937 quasi
1046 1852 1134 1920 fonte
1160 1851 1263 1918 omnis
1290 1850 1503 1918 dissensionis

323 1972 356 2035 et
382 1968 488 2054 capite
515 1967 618 2034 omnis
647 1967 822 2050 scismatis,
851 1966 979 2034 exclusa
1006 1977 1101 2054 pace·
1128 1967 1274 2052 ecclesie,
1303 1965 1517 2059 discordiam·

323 2083 419 2150 totius
442 2081 553 2150 mundi
576 2082 762 2150 emersisse?
797 2081 874 2162 Quis
896 2082 1026 2168 inquam
1047 2103 1112 2151 non
1127 2084 1215 2150 videt
1227 2102 1286 2170 per
1304 2083 1389 2148 bunc
1406 2082 1505 2168 quasi

323 2198 507 2282 signiferum
535 2203 659 2266 mutum
682 2197 870 2281 sauguinem
896 2199 1007 2266 muudi
1032 2197 1200 2268 effusrm‘?
1236 2198 1286 2265 De
1313 2197 1425 2265 mulb's
1450 2218 1505 2266 ra·

324 2313 480 2398 tionibus,
515 2313 569 2400 qui
597 2332 660 2380 uou
689 2315 832 2399 sequitur
862 2313 1040 2399 Christum,
1072 2335 1194 2400 nequeo
1228 2334 1302 2382 uere
1336 2313 1506 2401 appellare

324 2431 546 2513 christianum
576 2430 622 2497 ita
651 2435 736 2499 corte
758 2450 818 2499 nec
845 2451 979 2519 papam,
1003 2452 1097 2517 quem
1119 2432 1210 2499 video
1236 2431 1352 2499 totiena
1376 2436 1504 2499 ettam

323 2547 527 2614 manifestum
554 2545 756 2613 homicidam.
846 2546 898 2613 En
926 2548 1026 2615 bonus
1060 2554 1094 2615 et
1118 2553 1247 2615 suumua
1275 2567 1378 2635 papa,
1407 2549 1504 2615 cuius

324 2662 481 2747 consiliis,
509 2662 597 2730 cuius
626 2662 779 2730 instinctu
807 2666 840 2728 et
865 2662 963 2729 ductu
992 2664 1135 2731 membra
1155 2662 1274 2731 Christi
1302 2668 1351 2729 tot
1376 2669 1409 2731 et
1432 2670 1504 2731 tam

324 2778 456 2867 perditis
478 2777 581 2845 modis
604 2782 679 2845 suut
699 2777 881 2845 dilacerata
919 2778 972 2845 Eu
999 2778 1099 2847 bouus
1121 2784 1246 2866 pastor,
1273 2780 1329 2864 qni
1349 2780 1403 2845 iu⁸
1426 2779 1505 2847 illos

323 2900 413 2963 touta
434 2893 620 2961 crudelitate
642 2893 836 2978 grassensi,
858 2913 916 2980 pro
932 2894 1045 2980 quibus
1062 2892 1206 2963 Gbristus
1222 2896 1259 2961 iu
1271 2914 1363 2961 cruce
1378 2914 1505 2981 pepen-

324 3010 382 3096 dit,
404 3030 482 3094 quos
504 3010 585 3095 ipse¹
608 3010 738 3096 proprio
761 3008 915 3093 sauguine
936 3010 1080 3078 redemit
1113 3010 1165 3079 Eu
1185 3030 1279 3077 verus
1300 3010 1450 3096 pontifex
1473 3017 1507 3078 et

324 3125 445 3193 iustusl
468 3124 630 3208 sacerdos,
657 3125 728 3209 qui,
751 3125 844 3191 sicot¹
866 3125 1006 3211 dubitat,
1030 3128 1059 3193 si
1079 3125 1175 3211 illud,
1198 3125 1283 3213 quod
1305 3126 1446 3193 sumitur
1470 3129 1507 3195 iu

325 3240 484 3308 dominice
505 3258 625 3323 mensa,
648 3240 691 3307 sit
712 3260 824 3309 uerum
844 3260 960 3328 corpus
982 3248 1016 3309 et
1036 3241 1166 3326 sanguis
1187 3241 1315 3329 Christi,
1339 3242 1412 3309 ita·
1436 3264 1507 3311 uon

325 3354 539 3442 penitentibus
568 3354 662 3421 etiam
686 3375 739 3440 ea,
768 3376 829 3441 que
854 3357 938 3424 iuste
966 3358 1069 3424 fracta
1095 3365 1185 3443 suut,
1214 3358 1372 3425 condonat
1393 3378 1507 3427 sacra·

326 3475 441 3537 ments.
531 3468 638 3538 Niobil
663 3477 748 3539 certe
774 3472 823 3538 ita
843 3479 892 3540 est
912 3474 1048 3559 impium
1077 3481 1110 3541 et
1130 3474 1301 3558 nefarium,
1332 3473 1435 3541 nichil
1457 3476 1507 3543 ito

326 3590 376 3654 est
396 3585 581 3654 detestabile
604 3593 636 3654 et
657 3588 861 3673 exsecrabile,
884 3589 969 3675 quod
989 3590 1060 3675 ipse
1074 3595 1173 3674 curet,
1195 3589 1272 3657 dum
1287 3585 1366 3655 ulios
1388 3597 1507 3658 contra

323 3720 433 3785 regem
461 3708 577 3789 mmet,
601 3703 677 3769 dum
700 3702 779 3771 alios
802 3704 843 3771 ad
865 3704 999 3791 bellum,
1026 3706 1112 3791 quod
1133 3706 1204 3792 ipse
1226 3704 1372 3773 omnibus
1395 3706 1508 3775 inten-

326 3816 384 3904 uit,
406 3818 532 3887 excitet.

414 3934 500 4001 Inter
522 3936 579 4001 hes
603 3934 794 4021 multiplices
815 3934 1013 4003 calamitates
1034 3941 1068 4003 et
1088 3936 1249 4020 miserias,
1277 3956 1356 4021 quas
1376 3939 1508 4025 patitur

327 4052 359 4117 et
380 4049 581 4135 conqueritur
604 4054 714 4117 sancta
736 4048 878 4137 ecclesia,
901 4051 980 4119 mihi
1003 4070 1127 4137 quoque
1140 4048 1231 4117 illata
1252 4056 1302 4119 est
1316 4052 1355 4119 eb
1379 4074 1418 4120 eo
1435 4062 1507 4123 tam

396 4196 417 4229 a.
440 4181 567 4230 Istecodd
651 4184 675 4231 b.
698 4182 781 4231 osaG.
869 4196 890 4230 c.
913 4182 1154 4239 wutrabuchZG,
1175 4182 1296 4232 bulcOB.
1373 4186 1398 4232 cl.
1421 4193 1508 4236 coum

326 4260 387 4308 bunc
402 4274 445 4308 oss
459 4260 485 4308 G.
571 4277 591 4309 e.
615 4264 667 4322 puel
682 4262 709 4310 G.
802 4262 818 4309 t.
842 4266 878 4309 est
893 4262 947 4312 adu
960 4264 988 4311 0.
1072 4276 1094 4321 g.
1117 4278 1160 4310 oso
1173 4262 1200 4309 0.
1294 4264 1318 4310 b.
1340 4268 1507 4315 crassatore.

326 4340 343 4386 l.
365 4342 417 4400 ipso
433 4339 460 4388 u.
552 4341 576 4389 k.
599 4356 666 4390 rarus
684 4340 770 4390 VZC'B.
863 4342 880 4389 l.
905 4344 967 4390 sieut
983 4358 1026 4391 ona
1039 4342 1126 4392 VZGR
1219 4358 1249 4392 m.
1272 4346 1306 4391 ia
1321 4366 1345 4377 —
1357 4353 1509 4395 sacram

326 4431 370 4465 osa
383 4418 470 4467 VZC'B.
