3142 4850
364 353 488 403 nauare
510 354 591 403 vms
614 351 770 404 monte.
805 357 870 403 me.
886 357 912 403 n
937 353 970 405 rr
1185 339 1252 404 645

83 519 147 579 tam
168 513 230 579 sibi
252 513 316 578 iam
332 514 443 580 edesse
464 513 654 598 intelligens,
678 515 812 581 diceret:
839 517 950 581 Omnis
973 517 1043 580 laus
1065 517 1101 580 io
1114 516 1183 598 fine
1197 538 1250 581 cu-
1285 530 1353 585 1161
1460 558 1462 561 ·

83 634 174 694 alar.
220 625 348 693 Solebat
376 628 459 694 enim
495 630 601 714 sepius
628 635 716 696 tsutc
743 630 911 696 suavitatis
941 635 975 696 et
1000 630 1253 715 compunctionis
1269 602 1323 650 ¹⁸¹·
1333 605 1364 650 ¹⁸

84 749 207 808 cantum
229 740 446 809 indifferenter
467 743 613 828 psallam,
638 744 781 828 quotiens
804 744 838 809 id
854 743 991 829 Spiritus
1014 749 1142 810 sauctus
1164 745 1253 810 cordi

19 891 28 902 .
84 857 147 923 eius
176 857 340 940 dictasset,
375 857 463 922 cuius
491 857 638 924 videlicet
667 857 784 924 donam
817 859 889 941 lege
923 877 985 923 nou
1014 857 1250 942 constringitur.

82 971 186 1038 Finita
208 979 313 1038 eutem
336 969 437 1038 divini
459 971 642 1038 celebritate
663 972 774 1055 cilicii,
797 974 951 1040 accmsito
972 972 1086 1057 tube,
1113 974 1164 1038 cui
1186 973 1252 1040 dis-

83 1087 222 1172 pensatio
246 1085 430 1152 monasterii
453 1087 573 1154 credite
595 1093 664 1153 erat
673 1083 690 1170 ¹,
717 1085 815 1152 dixit:
838 1089 954 1168 Hodie,
983 1091 1169 1177 stt-auderi,
1194 1090 1251 1155 lca·

82 1202 286 1285 rieeimc·filt'‚
311 1203 466 1267 dominice
486 1205 721 1269 resurrectionis
742 1203 882 1289 plotium
896 1204 1007 1268 demto
1023 1204 1155 1268 laudam
1176 1225 1251 1290 pre·

82 1321 179 1382 coois's
206 1337 266 1403 pre
289 1317 415 1382 modulo
437 1329 545 1383 amtro
564 1321 727 1404 prosecuti
747 1313 882 1382 aumas'.
923 1317 973 1382 Ta
996 1339 1085 1403 erpo,
1116 1320 1202 1403 quod
1223 1330 1253 1383 ts

82 1435 203 1512 omnm,
237 1433 363 1496 sedulus
392 1453 555 1518 exequere,
587 1435 797 1499 ministeriam
824 1445 913 1497 taum
939 1433 1053 1519 irrupta
1082 1436 1160 1518 qas'u
1187 1445 1253 1498 rem

82 1549 197 1612 devotis
219 1545 336 1612 aare
356 1549 557 1614 servaretur
581 1549 761 1634 affluentior
783 1549 877 1613 bodie
898 1559 943 1613 est
963 1549 1175 1633 impendenda
1197 1570 1252 1612 ca·

81 1665 166 1728 ritca.
203 1662 275 1748 Ipse
289 1683 356 1748 spo,
380 1665 462 1727 mord
477 1677 644 1748 precentor
667 1675 696 1728 et
716 1665 886 1748 imtiqator
908 1665 953 1726 od
965 1663 1164 1728 emonam
1179 1683 1252 1727 car·

80 1799 149 1843 mco
167 1779 245 1862 fui,
275 1780 321 1842 ita
348 1778 526 1863 spiritual&
549 1781 687 1844 convicii
715 1779 956 1843 administrator
978 1797 1042 1841 esec
1062 1778 1144 1842 uolo.
1183 1775 1253 1842 Sic-

82 1911 140 1976 quc
162 1891 312 1958 ultimam
335 1905 406 1957 cum
429 1911 524 1975 grege
546 1911 603 1957 suo
626 1897 735 1978 pastor
757 1890 921 1977 piissimus
944 1909 1041 1974 agens
1061 1890 1251 1974 convivium,

81 2007 183 2073 future
216 2001 412 2073 ascensioni⁸
441 2005 534 2072 solita
566 2025 694 2092 precum
724 2013 757 2072 et
789 2005 992 2071 lacrimarum
1026 2004 1253 2072 redemtione

82 2122 281 2208 preparabat
378 2119 499 2188 Diebus
527 2121 743 2204 rogationum,
772 2121 805 2185 id
835 2125 885 2185 est
911 2119 1050 2186 secunda
1078 2125 1127 2186 et·
1152 2120 1254 2186 tercia
1268 2136 1408 2186 nostro

81 2235 167 2320 feria,
190 2236 318 2302 letaniis
334 2255 404 2302 cum
420 2235 572 2302 debibus
593 2235 745 2302 interfuit.
837 2234 900 2300 Sed
920 2233 1002 2300 ieris
1017 2239 1141 2318 quarta,
1162 2234 1253 2317 graui
1269 2251 1361 2300 rere

82 2356 234 2417 nocturno
257 2357 399 2438 tempore
415 2369 586 2438 oppressus
609 2349 803 2442 infirmitate,
826 2347 1007 2415 matutinali
1021 2347 1124 2415 cilicio
1146 2367 1253 2416 ussur-

81 2484 151 2550 gere
173 2486 239 2533 uon
269 2468 381 2553 potuit.
423 2466 489 2533 Iam
513 2467 597 2533 enim
619 2466 822 2533 resolutionis
849 2470 976 2550 tempas
1002 2462 1160 2547 instabat3
1187 2465 1253 2531 iam

81 2602 221 2649 summus
247 2590 337 2667 pater
359 2581 497 2647 familias
519 2582 559 2647 ud
581 2582 696 2648 ostium
720 2580 804 2646 servi
819 2578 1054 2662 vigilantissimi
1076 2575 1251 2664 pulsabat⁴,

81 2698 142 2763 iam
165 2696 338 2765 reverendo
362 2697 441 2780 seui,
471 2696 525 2781 qui
548 2697 602 2761 diu
624 2697 657 2761 in
680 2694 783 2762 studio
806 2692 962 2759 laboriose
983 2693 1076 2759 buius
1092 2693 1142 2759 vie
1162 2694 1253 2760 iude·

80 2812 163 2879 fessa
195 2812 363 2879 devotione
396 2816 591 2894 cucurrerat,
633 2811 775 2877 bravium
810 2814 917 2875 eterne
950 2808 1126 2875 dulcedinis
1159 2804 1252 2875 dare⁸
1343 2855 1346 2861 ·

81 2927 277 3015 disponebat
313 2926 423 3012 ltaque
446 2927 553 2993 ascitis
574 2926 726 2992 iratribus
749 2923 944 2991 infirmitatis
971 2940 1028 2990 suc
1048 2922 1252 3007 mredinem

81 3044 220 3130 aperuit,
250 3043 435 3109 canonicum
458 3060 565 3107 coram
587 3060 622 3107 se
645 3060 771 3107 cursum
794 3039 956 3106 decantari
980 3038 1070 3122 iecit,
1098 3044 1131 3105 et
1158 3057 1254 3107 mune

81 3158 113 3224 in
136 3158 296 3246 cupellam
325 3176 416 3225 suam
444 3156 484 3222 ad
513 3156 670 3222 audienda
696 3174 787 3222 seem
818 3155 988 3220 missarum
1016 3153 1192 3239 solempnia
1218 3173 1254 3221 se

82 3272 194 3341 deferri
216 3258 321 3361 petiit.
410 3270 536 3337 Exinde
557 3270 687 3353 relatus,
710 3288 822 3356 pacem
845 3269 991 3335 omnibus
1012 3268 1109 3351 dedit,
1131 3269 1254 3336 cunctis

82 3406 114 3453 se
139 3396 274 3473 patemo
298 3386 411 3453 affeetu
434 3386 681 3467 commendarim
710 3386 818 3469 sicque
840 3391 987 3469 egrotum
1009 3384 1115 3467 biduo,
1144 3368 1253 3450 omnes
1269 3401 1410 3451 aaran

83 3502 120 3568 sd
150 3524 185 3571 sc
214 3500 407 3571 confluentes
436 3520 494 3587 pro
524 3502 638 3568 muium
669 3520 798 3568 suarum
828 3498 1040 3587 possibilitate
1067 3498 1163 3565 verbe
1191 3498 1253 3564 Dei

82 3618 257 3685 edificabat.
291 3616 336 3683 Et
350 3616 459 3683 morbo
474 3617 721 3700 ingravescente,
743 3616 825 3681 feria
846 3620 937 3681 sexta
951 3620 1025 3700 post
1038 3614 1254 3681 ascensionem
1270 3630 1362 3679 aare

83 3732 221 3819 Domini,
246 3736 373 3819 sumpto
395 3732 521 3815 debeo,
544 3732 622 3797 hors
643 3749 729 3798 uena
750 3750 790 3796 ex
812 3730 938 3815 Egypto
961 3729 1054 3793 buius
1080 3728 1190 3793 muudi
1213 3726 1254 3793 sd

83 3868 188 3915 reram
213 3848 469 3935 repromissionis
492 3854 609 3913 terram
634 3846 793 3930 migravit
883 3844 1067 3928 Testatiqae
1088 3847 1173 3925 saut,
1198 3842 1254 3927 qui

84 3964 228 4031 aderaut:
260 3964 294 4029 in
322 3963 461 4030 exanimi
489 3963 556 4027 eius
583 3980 714 4047 corpore
740 3978 800 4027 neo
831 3966 957 4026 tenuem
985 3976 1020 4023 ee
1045 3956 1254 4023 deformitatis

85 4078 214 4146 alicuius
238 4078 391 4164 pallorem
407 4076 534 4143 vidisse.
571 4074 633 4142 Sed
649 4075 738 4141 vultu
753 4075 867 4142 decoro
882 4071 1051 4139 dormienti
1073 4071 1254 4138 simillimas

153 4252 282 4301 aueo.

154 4351 178 4404 1.
197 4349 215 4403 i.
229 4362 254 4402 e.
269 4348 414 4404 cellerario.
496 4348 521 4401 2.
540 4346 575 4401 V.
589 4360 672 4414 supra
689 4362 716 4415 p.
730 4344 783 4400 644
801 4360 828 4398 u.
841 4344 867 4399 6.
947 4342 974 4398 3.
996 4340 1068 4398 leste
1086 4339 1255 4397 amusium·

86 4434 195 4493 Domini
213 4436 288 4505 (ilai.
301 4437 357 4504 17).
444 4436 472 4490 4.
495 4434 564 4490 Lao.
578 4434 620 4504 12,
638 4434 683 4489 86.
771 4432 799 4488 b.
822 4430 865 4488 ct
880 4432 895 4488 l
908 4430 1010 4501 (lunt,
1027 4430 1073 4487 24.
