3142 4850
457 297 628 360 unncmor'
645 311 772 360 ooonx.
808 309 900 362 auso
1217 295 1259 360 dl

88 471 221 536 versiam
252 469 422 556 aliquando
450 471 550 538 movit
577 472 611 538 in
640 470 755 558 placito
784 471 909 538 comitis
937 477 970 537 et
1002 478 1109 557 partes
1136 476 1262 538 nostrus
1282 487 1352 542 1066

1 607 2 676 j
87 587 289 653 vehementer
317 585 453 672 impulit.
490 585 642 654 Stetimus
671 593 795 671 tamen,
822 591 892 654 tum
913 588 992 654 iuris
1014 586 1171 673 praesidio
1193 593 1262 654 tum

1 773 2 776 ,
88 703 241 768 bonorum
270 702 445 786 patrocinio
477 701 606 768 suffulti.
697 703 789 768 Nunc
817 723 892 786 ergo
920 703 954 767 in
977 703 1086 770 eodem
1110 703 1262 769 comitatu

1 817 2 904 l
86 817 238 904 placitum
252 823 301 884 est
312 817 482 898 indictum3
495 818 573 884 haut
583 817 714 884 dubium
727 824 784 902 est,
801 818 878 902 quin
888 818 923 883 in
933 822 1075 884 nostram
1087 817 1260 883 ecclesiam.

86 933 243 999 Dominus
267 938 390 1017 noster,
418 953 524 998 rerum
547 933 691 1016 ignarus,
714 933 747 998 in
772 932 833 998 alio
856 933 993 1017 quodam
1015 932 1090 998 orbe
1112 969 1154 978 -
1179 933 1263 1017 quod

1 1053 2 1056 ’
76 1027 190 1134 ¹ipsum
215 1047 313 1113 emuli
335 1047 437 1113 nostri
466 1047 614 1134 aucupati
636 1053 767 1114 sunt-
786 1044 961 1130 moratur¹3
989 1067 1043 1113 eos
1066 1049 1177 1130 etiam,
1207 1049 1262 1132 qui

84 1165 197 1230 idonee
221 1163 255 1228 in
279 1169 368 1229 tanto
391 1163 573 1230 discrimine
596 1163 758 1229 consulere
781 1167 943 1249 poterant,
970 1181 1078 1230 secum
1101 1157 1260 1230 abduxit'.

85 1279 274 1345 Adversarii
296 1279 398 1344 nostri
421 1284 487 1345 tum
513 1279 662 1362 consiliis,
687 1297 767 1362 quae
786 1278 851 1343 iem
866 1277 966 1344 multo
981 1283 1123 1365 tempore
1138 1297 1261 1362 coxere,

85 1402 151 1461 tum
175 1394 266 1459 omni
288 1394 410 1479 reliquo
433 1399 589 1480 apparatu
605 1394 722 1478 vigent,
744 1394 876 1458 instant.
911 1392 1015 1460 Causa
1033 1399 1153 1477 nostra,
1176 1395 1262 1460 omni

85 1511 293 1576 aduocatione
316 1509 455 1594 uiduata,
477 1511 512 1575 in
533 1509 637 1576 medio
659 1509 765 1595 posita
786 1515 845 1594 est,
868 1529 932 1575 non
957 1513 1024 1575 tam
1047 1509 1263 1592 extorquenda

1 1625 2 1642 ¹
86 1636 197 1710 quam·
222 1625 386 1692 sumenda.
1163 1627 1166 1632 ’

174 1741 288 1807 Tantis
311 1761 385 1824 ergo
408 1759 555 1808 curarum
578 1741 731 1824 angustiis
749 1739 903 1823 suffocati,
927 1739 968 1806 ad
989 1740 1115 1808 unicam
1138 1744 1261 1806 vestrae

1 1859 2 1864 ’
87 1857 216 1942 pietatis
246 1877 341 1944 opem
370 1857 581 1940 confugimus:
610 1861 646 1922 ut
673 1857 753 1938 regii
781 1851 948 1939 sigillaris'
975 1855 1199 1922 intercessione
1227 1855 1262 1920 in

1 2041 2 2058 ,
88 1973 224 2039 reditum
248 1973 370 2038 domini
392 1972 510 2039 nostrib
533 1991 646 2039 causae
668 1971 769 2058 ipsius
798 1973 953 2039 actionem
981 1970 1101 2038 differri
1127 1970 1260 2038 faciatis.

1 2112 2 2182 p
88 2089 168 2156 Eece
196 2089 303 2172 locus,
332 2107 403 2154 ecce
430 2088 568 2170 occasio,
596 2107 659 2172 qua
686 2094 719 2155 et
746 2087 908 2155 dominum
937 2092 1080 2156 nocuum
1109 2091 1263 2173 perpetua

89 2205 176 2271 uobis
204 2205 372 2270 devotione
400 2203 587 2290 mancipetis
615 2209 647 2269 et
676 2201 761 2288 apud
788 2202 904 2270 denes
932 2203 1021 2270 vobis
1049 2203 1262 2270 deditissimos

1 2315 2 2374 l
89 2327 231 2387 eternum
256 2320 380 2386 animae
403 2325 526 2386 uestrae
548 2317 722 2385 remedium
745 2319 945 2405 comparetis.
983 2317 1096 2386 Modus
1117 2338 1180 2384 non
1201 2317 1264 2386 erit

1 2494 2 2507 ,
89 2436 223 2521 uerbis,·
239 2437 284 2521 si,
313 2441 464 2521 quantum
494 2456 574 2522 opus
603 2440 667 2519 est,
695 2439 785 2503 tanta
812 2435 988 2520 loquamur.
1037 2434 1151 2502 Nullae
1176 2434 1262 2501 enim

1 2574 2 2607 r
89 2572 212 2639 preces,
241 2551 348 2618 nullae
377 2551 608 2618 obsecrationes
636 2550 879 2619 sollicitudinem
910 2556 1051 2618 nostram
1079 2549 1261 2637 explebunt

1 2650 2 2721 l
89 2668 130 2734 Et
159 2670 233 2753 qnia
262 2668 425 2753 operosior
453 2666 642 2753 supplicatio
672 2666 827 2751 quaedam
855 2668 980 2733 uidetur
1002 2666 1196 2753 desperatio,
1228 2665 1263 2733 id

1 2816 2 2865 5
91 2783 225 2851 breviter
247 2784 339 2850 vobis
361 2782 573 2869 supplicatum
597 2781 745 2866 velimus,
774 2788 811 2849 ut
830 2802 888 2849 ros
915 2784 949 2849 in
972 2802 1040 2849 rem
1062 2787 1262 2868 praesentem

1 2914 2 2979 ἦ
91 2906 121 2965 et
143 2900 263 2966 domini
285 2898 386 2967 nostri
408 2898 442 2963 in
465 2918 520 2963 vos
543 2918 702 2985 propensu
723 2898 815 2965 valde
830 2899 947 2967 excitet
968 2896 1084 2965 fiducia
1101 2901 1135 2964 et
1156 2903 1263 2965 vestra

1 3065 2 3119 p
89 3016 187 3102 ipsius
211 3036 289 3100 erga
310 3035 367 3081 nos
396 3012 564 3099 singularis
586 3013 642 3081 illa
666 3012 883 3099 indulgencia,
912 3018 1072 3101 postremo
1093 3012 1261 3095 Hicinrici)

1 3134 2 3211 ἴ
89 3131 308 3219 imperatoris,
337 3150 399 3216 quo
427 3130 588 3197 conditore
616 3134 648 3197 et
669 3136 798 3197 auctore
820 3130 1008 3215 gloriamur,
1038 3140 1149 3214 quam⁰
1171 3128 1261 3195 uobis

1 3226 2 3237 ἵ
87 3247 321 3331 stultissimamd
342 3267 413 3313 esse
435 3246 590 3330 novimus,
614 3251 838 3313 sancrosancta
860 3246 1021 3313 memoria

90 3476 152 3547 30.
176 3478 456 3565 'Epitaphium
478 3474 684 3543 Guntheri‘
705 3474 1047 3559 Babenbergensis
1070 3476 1259 3563 episcopi.

1120 3590 1159 3671 (E
1175 3590 1190 3657 l
1207 3592 1261 3673 13)

322 3706 443 3790 Insigni
463 3706 575 3791 forma,
599 3710 731 3791 statura,
755 3712 899 3791 stemate,
922 3726 1035 3773 norma
1285 3718 1356 3772 1065

367 3822 478 3890 Presul
501 3820 695 3890 Gunthsrius
717 3822 845 3904 claruit3
868 3822 1004 3889 eximius
1279 3791 1358 3837 Μ

158 3988 177 4019 ι.
201 3973 362 4021 confundenda
382 3972 475 4021 addidit
495 3988 579 4021 musas
600 3972 651 4021 clio
669 3974 694 4021 is
709 3972 816 4035 scorpios
830 3972 853 4019 V.
930 3974 953 4020 b.
977 3973 1066 4020 scilicet
1086 3972 1189 4033 episcopi
1210 3972 1262 4019 aliu

83 4068 170 4101 nosse
184 4052 354 4114 superscripsit
369 4052 430 4101 isoV.
494 4068 514 4100 e.
538 4066 605 4114 quom
622 4052 647 4100 Ζ.
711 4053 735 4099 d.
758 4052 889 4112 gratissimi
903 4053 947 4100 Vl.
1010 4068 1029 4100 e.
1054 4052 1153 4109 sorl'2,
1171 4052 1193 4097 Ζ
1202 4054 1260 4113 pi.

82 4134 98 4179 l.
124 4133 251 4181 Eberhardi
267 4132 373 4193 primil'.

158 4240 182 4293 1.
201 4237 372 4293 Gunthemm
386 4238 544 4307 episcopum
564 4238 872 4293 auctumnoanni1064
889 4253 951 4302 cum
970 4237 1030 4293 aliis
1041 4237 1260 4308 Hierosolymam

81 4327 170 4383 ivisse
185 4330 425 4396 serenantemque
443 4326 487 4383 dle
505 4327 540 4383 23
557 4326 621 4383 Iulii
639 4326 709 4383 1065
726 4325 830 4383 obiisse
848 4330 965 4383 constat
1036 4328 1063 4382 2.
1080 4326 1110 4381 iu
1127 4325 1171 4381 his
1182 4326 1261 4381 Heri·

81 4430 215 4471 manum
233 4415 429 4486 praepositum.
519 4416 545 4471 3.
563 4416 611 4486 qui
629 4414 748 4485 sigillum
766 4414 896 4471 custodit
