3142 4850
309 327 374 392 596
611 343 733 392 nnoms
755 345 836 391 vrns
859 343 1016 391 oprours.
1049 343 1145 390 nnar
1167 339 1184 391 a

222 519 292 574 1102
397 501 474 569 Post
499 521 616 589 paucos
641 513 733 570 vero·
757 503 824 570 dies
847 522 973 569 rursum
997 501 1110 568 anulus
1139 507 1172 566 et
1194 501 1284 583 virga
1312 497 1478 584 pastoralia

308 617 441 704 Ruperti
462 617 733 703 Babenbergensis
756 615 914 704 episcopi¹
941 618 1056 683 domno
1083 616 1268 702 imperatori
1294 613 1479 680 transmissa

310 739 367 800 est
402 732 470 812 Qno
495 733 612 819 audito,
636 734 728 801 multi
752 733 874 801 nobiles
896 739 929 799 et
950 739 1015 800 tam
1032 731 1169 799 sciencia
1184 751 1277 816 quam
1293 729 1422 795 diviciis
1435 729 1480 794 in·

175 869 179 878 ’
310 850 414 933 signes
437 849 612 917 adeuntem
629 851 747 934 regim
764 848 971 932 confluebant,
996 849 1049 933 qui
1071 849 1287 934 episcopatum
1302 844 1480 911 Babenben

309 985 437 1050 gensum
460 985 524 1031 non
547 965 699 1032 mediocri
721 967 828 1053 precio
850 965 911 1032 sibi
929 985 1114 1050 comparare
1136 964 1345 1049 temptabant
1381 960 1482 1046 Impe-

309 1085 396 1147 rator
414 1100 489 1147 vero
506 1117 547 1127 -
564 1081 714 1165 gaudens,
739 1083 823 1167 quud
846 1084 1041 1149 occasionem
1063 1081 1241 1147 honorandi
1262 1077 1414 1144 intimum
1437 1096 1481 1142 se-

311 1195 458 1263 cretulam
482 1218 574 1264 sunm
598 1199 755 1282 Ottonem,
779 1201 816 1264 ut
838 1198 989 1283 voluerat,
1012 1197 1243 1264 invenisset-
1265 1199 1408 1277 cunctus,
1432 1193 1480 1277 qui

312 1331 369 1398 pro
393 1311 503 1378 eodem
526 1315 710 1401 episcopatu
734 1315 936 1400 adipiscendo
951 1313 1147 1398 satagebant,
1172 1316 1283 1394 arguta
1303 1309 1481 1395 responsio·

310 1447 388 1494 num
411 1428 616 1513 ambiguitate
632 1451 801 1516 suspensos
816 1429 963 1496 reddidit
1054 1427 1181 1494 Accidit
1199 1429 1317 1512 itaque,
1339 1430 1389 1508 nt,
1412 1443 1481 1510 pro-

311 1543 424 1610 cedens
446 1545 630 1631 crepnsculo
654 1546 716 1611 diei
739 1545 901 1611 cuiusdam
926 1567 964 1612 ex
989 1546 1061 1612 aula
1082 1545 1171 1628 regia
1198 1547 1231 1608 et
1255 1560 1431 1627 parumper
1450 1539 1480 1604 in

310 1657 420 1726 limine
443 1659 632 1745 subsistens,
661 1660 785 1728 audiret
813 1661 960 1747 puerulos
987 1660 1139 1745 quosdam
1167 1657 1305 1724 naturali
1333 1656 1482 1723 callentes

310 1775 436 1858 ingenio
461 1775 537 1841 talia
559 1777 694 1844 invicem
717 1779 902 1845 mussitare:
931 1779 1007 1844 Nou
1030 1778 1104 1842 bene
1126 1779 1195 1862 apat
1214 1779 1401 1862 imperator,
1431 1777 1485 1860 qu·

310 1893 445 1957 nobilem
473 1893 564 1957 illum
595 1895 883 1981 Bobenberpensem
917 1898 1132 1981 episcopatum
1161 1895 1271 1979 precio
1304 1892 1484 1955 venundare

312 2010 461 2095 disponit.
497 2007 560 2072 (br
575 2032 638 2074 uon
659 2014 770 2096 pocius
785 2011 880 2094 fideli
898 2034 955 2075 suo
970 2012 1085 2075 domno
1103 2008 1212 2075 Ottoni
1226 2009 1308 2071 bunc
1323 2005 1484 2092 assipnot?

311 2126 345 2189 iu
363 2145 424 2209 quo
441 2136 485 2188 est
500 2137 643 2209 aspectus
659 2127 829 2212 augustiuus,
854 2127 1040 2191 renueudae
1055 2125 1189 2204 daddus,
1213 2146 1315 2188 mores
1332 2123 1482 2208 relipiou',

303 2239 466 2322 facundia
478 2240 661 2324 sinpulura'a,
672 2243 843 2326 prudentia
854 2251 884 2307 'et
894 2243 1139 2327 mapuauimitus
1151 2239 1361 2305 admirabilia.
1379 2239 1482 2316 Hune,

313 2355 400 2419 unat
419 2357 534 2441 pietate
557 2369 586 2421 et
600 2359 758 2422 intuma
774 2361 986 2445 conspicuum,
1011 2359 1095 2422 decet
1115 2379 1178 2421 ease
1198 2369 1359 2443 pastorem
1380 2379 1483 2443 popu-

313 2470 424 2535 lorum.
459 2470 601 2538 Audiens
625 2472 691 2556 hec,
714 2472 890 2559 imperator
911 2473 1021 2539 hilaris
1044 2471 1171 2539 effectus
1195 2476 1258 2553 est3
1286 2471 1485 2537 recordatus

313 2605 373 2669 que
401 2586 618 2672 propheticum
648 2590 751 2654 octavi
782 2588 897 2676 psalmi
923 2609 1065 2656 versum:
1095 2590 1148 2654 Eu
1176 2611 1229 2653 ore
1256 2588 1434 2673 infaustum
1460 2600 1486 2651 u

313 2702 492 2769 lactentium
513 2704 674 2789 perfecisti
696 2701 848 2789 laudun',
877 2703 945 2770 Deo
968 2704 1087 2788 gratias
1110 2702 1240 2787 agebat,
1268 2701 1352 2786 qnod
1376 2701 1486 2767 volun·

312 2821 410 2883 tatem
435 2838 524 2883 suam
547 2818 606 2884 boc
623 2820 804 2885 testimonio
819 2819 999 2885 confirmari
1022 2818 1179 2886 cernebat
1269 2817 1337 2884 Nec
1359 2818 1487 2898 mirum,

313 2932 397 3017 quod
419 2932 574 2999 infantilis
598 2938 665 3000 etas
688 2934 746 3001 tali
769 2956 841 3001 eum
864 2933 1011 3021 preconio
1035 2933 1193 3001 efferebat
1228 2933 1285 3001 1110
1303 2932 1390 3000 enim
1409 2939 1489 2999 tem·

313 3066 406 3133 pore,
434 3049 516 3115 sicut
544 3054 575 3115 et
605 3056 731 3135 postea,
765 3055 853 3116 tante
881 3050 1085 3134 benignitatis
1113 3056 1263 3136 tantaque
1291 3047 1488 3117 affectionis*

314 3182 388 3246 erga
403 3181 511 3230 omnes
527 3169 605 3247 erat,
630 3170 666 3231 ut
686 3186 777 3232 nemo
794 3165 1041 3232 cohabitantium
1063 3166 1092 3231 ei
1116 3167 1321 3250 inveniretur,
1345 3166 1403 3250 qni
1427 3184 1489 3230 non

312 3278 396 3343 bunc
419 3298 458 3344 ex
481 3280 575 3346 corde
598 3278 743 3364 diligeret
764 3286 797 3347 et
819 3300 928 3347 serum
952 3279 1013 3346 Dei
1036 3301 1163 3348 serrum
1187 3281 1388 3347 acclamaret
1428 3280 1492 3347 Sed

315 3398 347 3460 et
368 3394 524 3461 modestia
545 3394 671 3481 babitus
696 3402 727 3463 et
750 3396 919 3484 perspicua
940 3396 1102 3479 religionis
1125 3396 1295 3463 auctoritas
1324 3396 1430 3463 sicin
1455 3416 1491 3463 eo

315 3510 488 3594 eminebat,
517 3516 553 3577 ut
581 3510 684 3577 nuilus
714 3532 751 3579 eo
780 3518 927 3599 presente
956 3512 1120 3598 quippiam
1148 3513 1296 3579 indecens
1324 3516 1384 3577 ant
1412 3512 1492 3577 riam

315 3630 425 3710 aptum
441 3626 536 3693 verbo
552 3647 608 3693 seu
623 3627 705 3694 facto
728 3630 916 3715 pretendere
937 3628 1081 3710 auderet3
1105 3628 1171 3711 sed,
1194 3648 1264 3694 cum
1279 3629 1405 3711 wana
1420 3648 1493 3695 uur-

315 3744 379 3807 tem
406 3741 563 3827 intrabat,
593 3762 668 3809 mox
697 3764 806 3812 omnes
834 3746 950 3832 prioris
977 3744 1109 3811 lascivia
1136 3744 1344 3811 intentionem
1374 3764 1493 3826 magna

315 3856 480 3939 maritatis
510 3878 606 3924 manu
634 3859 808 3943 turgebant.
899 3860 1076 3947 Imperator
1102 3880 1176 3925 vero
1205 3859 1325 3944 legatos
1352 3860 1493 3925 honora·

314 3970 393 4039 biles
409 3972 492 4041 clero
514 3976 546 4039 et
563 3972 680 4060 populo
697 3975 950 4060 Babenbergensi
967 3976 1090 4059 dirigit3
1114 3981 1274 4061 pastorem
1290 3994 1325 4041 se
1341 3976 1399 4057 eis,
1424 3975 1492 4040 ido-

314 4107 409 4155 neum
426 4092 458 4155 et
473 4086 606 4156 electum
621 4110 661 4157 ex
675 4090 804 4159 milibus
810 4088 832 4175 ¹,
856 4091 1032 4177 providisse
1048 4092 1194 4174 nunciat3
1218 4096 1315 4177 utque
1330 4089 1491 4178 capitanei

388 4278 409 4313 a.
432 4264 527 4314 vorsu
687 4264 709 4313 b.
733 4266 902 4317 effectionis&

316 4362 412 4499 501.
431 4359 479 4429 qni
497 4374 513 4415 e
532 4360 590 4415 vita
607 4360 674 4417 exiit
691 4360 774 4417 (1.11.
788 4360 858 4417 Iunii
877 4363 953 4418 1102.
1071 4364 1097 4418 2.
1116 4362 1161 4418 Ps.
1173 4364 1200 4432 8,
1218 4364 1244 4419 3.
1365 4364 1391 4418 3.
1409 4362 1485 4418 Cant

334 4448 403 4513 ‚1.
