3142 4850
477 322 641 372 uonnnror
663 321 790 413 oopnx.
825 319 879 372 aas
1198 305 1264 372 407

181 481 242 546 Tot
264 481 361 564 igitur
384 481 487 547 causis
511 483 544 548 in
566 480 652 548 idem
678 479 906 548 confluentibus
930 482 1089 567 nequieri3
1120 487 1153 548 et
1175 501 1265 566 onus,
1287 498 1355 552 1122

84 596 175 681 ¹quod
198 597 336 681 pateatis
359 598 439 664 meis
456 596 664 680 'erigentibus
693 596 917 663 miserabiliter
939 616 992 664 me
1014 598 1153 678 attrimt,
1180 597 1270 671 clero

99 717 128 778 et
148 712 262 798 populo
287 717 412 778 astante
426 717 458 778 et
480 733 531 778 me
554 713 689 794 eligente
706 717 739 780 et
760 731 893 778 canoras
915 711 1024 781 laudes
1039 713 1108 781 Deo
1130 713 1265 796 dicente,

98 828 227 913 snsoepi.
264 826 355 896 Solus
379 832 484 897 summ
507 827 708 914 praepositus
725 826 815 892 Otto·
832 826 978 894 eleetioni
1000 847 1089 896 meae
1110 828 1213 894 defuit
1234 833 1268 892 et

97 939 279 1026 Rdgerusffl,
303 943 373 1026 qni,
402 937 444 1008 ut'
459 943 536 1010 mihi
560 942 769 1024 referebatur,
798 943 895 1008 etiam
919 942 1045 1010 vivente
1067 919 1266 1010 antecessere

96 1077 161 1124 meo
178 1078 237 1142 pro
253 1057 364 1124 eodem
379 1059 562 1143 episeopatu
580 1057 746 1124 ambitiose
767 1057 977 1124 laboraverat
1061 1057 1141 1124 Veni
1155 1058 1266 1124 stetim

96 1191 162 1238 eum
178 1174 381 1259 imperatore,
398 1174 566 1240 comitatus
581 1173 664 1240 elero
682 1177 715 1238 et
728 1172 856 1260 populo,
870 1171 1077 1254 Breidiogem
1092 1171 1149 1240 ubi
1164 1171 1270 1247 aselii,

95 1289 258 1374 episeopus
281 1287 319 1354 de
342 1307 439 1354 manu
460 1289 663 1374 imperatoris
686 1307 737 1354 me
760 1289 880 1374 recepit
901 1293 934 1353 et
949 1288 1083 1370 benigne
1097 1287 1177 1355 mibi
1192 1307 1265 1352 eon·

95 1405 278 1473 secretionis
299 1404 445 1486 gratiam,
468 1403 577 1471 muibs
600 1402 744 1470 fidelibus
768 1405 886 1470 nostris
908 1403 1108 1472 audientibus
1125 1408 1157 1473 et
1172 1423 1266 1488 prae·

95 1526 180 1586 sente
201 1519 302 1586 fretra
324 1519 424 1605 ipsius
441 1518 590 1604 Spireuse
613 1519 761 1606 episeopo
786 1526 817 1584 et
839 1518 989 1601 legationi
1012 1539 1071 1604 pro
1094 1539 1146 1587 me
1162 1518 1266 1586 foetae

94 1635 308 1702 testinnonium
324 1633 518 1720 perhibente,
541 1635 698 1722 promisit.
733 1633 835 1716 Redii,
856 1634 896 1699 de
911 1634 1109 1703 ordinatione
1124 1654 1263 1702 seenrus.

178 1749 224 1816 Et
251 1770 321 1816 oum
346 1749 392 1814 nil
419 1749 496 1816 mali
524 1752 718 1853 suspirarer,
747 1772 845 1834 grave
873 1750 1100 1835 praeiudicium
1130 1750 1267 1824 domnus

93 1865 348 1951 arehiepisoopus
371 1863 448 1930 mihi
474 1865 562 1946 feuit3
594 1867 670 1952 quia
698 1863 851 1933 alterum’
875 1864 953 1930 mibi
982 1861 1265 1950 superordinarit³,
1283 1881 1420 1938 rua-sag.

93 2000 141 2047 me
163 1989 196 2048 et
220 1979 353 2048 eeclesia
375 1999 447 2046 mea
462 1979 544 2046 diem
568 1985 601 2048 et
623 1981 728 2053 loeom
749 1982 930 2050 audientiae
950 1980 1139 2068 postulante,
1163 1987 1198 2046 ut
1220 1981 1267 2048 ibi

93 2097 242 2162 eanonioo
266 2095 381 2162 indicio
404 2095 455 2160 uei
479 2095 652 2182 deponeret
675 2097 725 2164 rel
747 2117 953 2167 remanerem.

178 2211 302 2290 Quibus
325 2210 534 2296 peticionibus
556 2231 626 2286 oum
644 2211 739 2278 niohii
763 2212 958 2296 proficerem,
981 2212 1194 2297 querimonias
1209 2230 1266 2276 no·

93 2331 172 2395 strae
197 2327 497 2412 apostolicaesedis
521 2328 697 2394 venerando
726 2325 868 2412 pontitiei
889 2327 1031 2394 calixto·
1055 2332 1087 2394 et
1107 2325 1267 2397 Romanae

92 2443 243 2511 armeniae
271 2445 514 2511 transmisimus.
559 2443 607 2511 De
635 2444 723 2511 ouius
749 2442 849 2511 latere
871 2462 943 2509 eum
967 2443 1008 2508 ad
1029 2443 1111 2511 hmo
1137 2452 1355 2509 causamme

91 2558 321 2626 discutiendam
350 2560 467 2625 missus
495 2559 607 2625 luisset
630 2558 854 2625 Praenestinus
884 2554 1083 2643 episeopns⁴,
1112 2577 1186 2641 ego,
1215 2578 1266 2634 aa·

92 2676 228 2762 sumptis
251 2694 373 2742 meeum
398 2675 548 2743 eeclesiae
570 2680 698 2741 nostrae
720 2673 866 2770 omnibus
890 2672 1048 2759 prioribus
1064 2672 1186 2745 oleriois
1210 2672 1265 2739 ub-

91 2789 215 2858 batibus
241 2796 275 2857 et
295 2790 394 2875 lnieis,
411 2790 636 2859 Wormatiemd
661 2791 742 2873 reni,
766 2791 820 2857 ubi
843 2787 1009 2875 sperabam
1025 2807 1096 2854 eum
1111 2788 1264 2858 invenire
1281 2807 1322 2853 rar

92 2904 189 2985 Quem
204 2926 279 2973 enm
296 2926 359 2973 non
374 2907 575 2990 invenissem,
599 2904 741 2988 eeclesia,
765 2925 846 2989 quae
861 2923 985 2971 meeum
1001 2908 1140 2985 renero,
1157 2922 1266 2974 emam

92 3022 290 3109 prinoipibns
319 3022 556 3109 archiepiscopo
578 3042 629 3087 me
659 3020 882 3106 praesentavit·
895 3024 941 3101 et,
969 3024 1006 3085 ut
1032 3038 1097 3104 pro·
1119 3023 1267 3103 respersu

92 3136 237 3205 iustitiae
260 3137 338 3205 mibi
362 3158 419 3224 per
442 3137 548 3208 omnia
564 3138 592 3203 ei
609 3136 767 3203 obedienti
785 3134 1029 3202 consecrationis
1047 3133 1187 3202 debitum
1201 3153 1266 3199 non

93 3251 280 3337 denegaret,
303 3252 436 3321 subnixe
458 3251 640 3337 postularit.
677 3252 958 3336 Arohiepisoopus,
988 3249 1095 3316 audito
1119 3250 1265 3318 omnium

94 3388 198 3435 eornm
223 3388 389 3451 consensu,
412 3368 573 3453 promisit:
598 3367 828 3443 eommunieato
852 3387 923 3433 eum
947 3365 1102 3433 cardinali
1124 3364 1266 3447 oonsilio,

93 3502 125 3549 se
146 3504 245 3571 super
269 3482 318 3549 hie
343 3502 581 3569 responsurum
611 3482 827 3569 praeripiens,
857 3488 909 3563 ut,
938 3481 1048 3567 paneis
1070 3500 1194 3547 meeum
1216 3500 1266 3546 re·

93 3597 190 3682 butu,
220 3598 277 3667 alii
300 3604 479 3667 remearent
501 3603 533 3664 et
555 3598 744 3681 legationem
774 3598 843 3663 eius
871 3600 1086 3683 expectarent.
1176 3594 1266 3661 Post·

95 3734 185 3799 quam
198 3716 309 3799 itaque
318 3715 406 3781 venit
416 3715 583 3801 episeopus
596 3708 794 3795 enrdinelis⁵,
806 3713 988 3795 cougregati
999 3717 1073 3777 sunt
1084 3710 1124 3776 ad
1137 3709 1266 3777 audien-

95 3832 168 3897 tiam
197 3831 402 3917 imperatoris
430 3851 487 3915 pro
511 3849 609 3904 eausa
634 3848 705 3895 mea
727 3828 892 3893 buotemie
920 3828 989 3913 ipse
1012 3826 1266 3910 arehiepiscopus

95 3944 308 4031 lioguntinus,
332 3946 586 4033 archiepiscopus
602 3939 827 4025 Coloniensis⁸,
843 3942 1002 4009 Arnoidus
1017 3940 1187 4026 Spirensis,
1204 3936 1266 4005 Go-
1310 4024 1321 4041 ·

163 4086 183 4117 a
209 4071 269 4117 Oete
283 4070 307 4118 V.
400 4072 423 4117 b.
446 4070 579 4127 liudegerus
593 4069 616 4115 V.
710 4082 730 4115 e
755 4066 841 4113 Galisto
858 4064 903 4113 ΖΟ.
998 4066 1021 4112 d.
1037 4064 1183 4111 Warmatiann
1200 4063 1225 4110 Ζ.

164 4160 188 4212 1.
208 4156 352 4212 diaeonus.
415 4158 441 4211 2.
460 4156 608 4224 Rogarum.
672 4154 698 4209 3.
717 4151 759 4208 (li.
772 4168 816 4222 ep.
827 4154 879 4207 213
894 4168 979 4221 supra
993 4168 1022 4221 p.
1032 4152 1093 4206 386.
1155 4149 1182 4203 4.
1201 4148 1265 4203 Gui-

96 4243 208 4301 lieinrus.
307 4246 333 4300 ὁ.
354 4244 545 4315 „Guilielmum
564 4243 724 4313 episcopum
741 4242 950 4297 Praenestinum
973 4247 1002 4297 et
1019 4237 1201 4295 cardinalem“
1221 4236 1266 4291 die

98 4334 131 4389 ab
146 4335 208 4390 lulii
226 4335 337 4391 &1124
354 4332 523 4390 Wormatine
540 4330 614 4401 apud
633 4330 790 4385 Heinrioum
800 4331 826 4387 V
838 4331 903 4400 imp.
916 4328 1010 4399 fuisse,
1029 4328 1111 4384 doeet
1127 4326 1209 4382 huius
1226 4325 1266 4381 di·

97 4420 185 4490 ploma
202 4438 249 4495 sp.
262 4421 398 4479 ilittareiii
411 4420 533 4477 Annrales
546 4418 696 4476 (iamaldul.
710 4418 749 4474 111
767 4418 844 4474 instr.
862 4436 890 4490 p.
899 4418 962 4475 304.
1033 4417 1059 4472 6.
1076 4414 1267 4473 Friderionsl.
