3142 4850
380 348 559 397 annuorum
582 350 763 399 nrsnoous.
800 351 865 397 nra
882 351 922 398 m
942 350 998 400 ts
1207 332 1273 399 795

102 509 187 595 oepit
209 514 241 574 et
263 508 385 575 timere.
426 508 469 575 Et
492 508 561 576 ille:
592 512 652 578 Sto
673 511 778 596 inquit
801 526 830 578 et
851 515 974 598 accipe,
1003 514 1166 597 paedico.
1201 514 1272 597 Epo
1328 527 1396 581 1127

99 648 170 690 som
192 629 268 690 deus
297 639 386 701 tuam
417 648 472 711 epo
501 648 585 707 som,
617 630 675 713 qui
698 632 794 693 vestm
818 642 848 694 et
874 628 1071 713 promentem
1095 650 1222 715 compos
1245 599 1441 695 mmmm

90 742 269 827 frondibus
290 764 437 817 nemore,-
451 742 582 825 fruetus
606 766 756 830 aprorum
779 757 808 809 et
831 745 1000 829 lipporum,
1014 744 1105 827 fetus
1123 767 1276 830 poem-tem

101 871 129 922 et
152 861 268 937 omnio,
294 860 605 943 quemnqoeoatos
629 861 790 925 bantinum
813 863 961 939 aestans,
984 864 1019 923 in
1041 882 1112 925 osee
1126 873 1200 925 aaut
1211 883 1271 946 po·
1361 931 1365 936 ,

100 986 214 1039 testate.
238 973 306 1037 Hee
321 975 398 1037 dore
412 973 495 1038 soleo
508 975 678 1039 madoribus
692 980 779 1055 meio,
794 989 823 1041 et
836 977 896 1056 bia,
909 980 968 1061 qui
980 997 1029 1040 me
1041 989 1269 1062 contempnunt,

100 1090 236 1173 auferre.
273 1089 338 1153 Die
354 1111 427 1173 erpo
444 1092 498 1167 eiu,
523 1093 716 1175 quitantia
732 1095 857 1157 mostata
871 1092 1103 1176 Hotopooeeot,
1119 1114 1159 1156 oe
1172 1095 1271 1156 saeti-

99 1208 194 1292 ps'ont
216 1206 308 1269 deum
331 1205 478 1285 olisatum,
505 1209 562 1291 qui
584 1209 627 1270 eis
649 1208 798 1293 prodesse
818 1229 884 1273 ooo
905 1210 1023 1293 potest,-
1045 1228 1146 1287 mone,
1170 1220 1205 1273 ut
1222 1208 1271 1271 ol-

100 1324 198 1387 terdae
224 1322 387 1406 relipe'em's
410 1324 558 1401 nummos,
589 1344 667 1407 quoe
691 1325 735 1387 od
757 1344 809 1388 eoa
830 1336 975 1388 venturos
996 1324 1142 1408 predico,
1170 1326 1273 1387 oioere

99 1458 166 1501 uon
183 1439 362 1523 patiemur.
398 1434 464 1501 Hes
487 1436 541 1502 ubi
565 1438 698 1503 attonito
719 1436 872 1504 rurioole·
887 1437 1002 1504 demon
1016 1436 1151 1504 risibilis
1166 1437 1272 1505 edixe-

99 1556 162 1633 rat,
186 1550 228 1615 ad
249 1549 396 1617 densiora
417 1553 555 1618 nemoris
578 1572 648 1619 seso
670 1552 805 1619 eontulit
825 1554 978 1639 inpostor.
1017 1554 1164 1621 Rusticus
1186 1574 1273 1636 vero,

99 1666 193 1751 quasi
222 1665 261 1733 de
290 1665 416 1732 oraculo
446 1668 608 1754 stupidus,
637 1687 786 1735 eorruens
814 1688 933 1755 pronus
956 1668 1101 1735 adoravit
1121 1670 1154 1735 in
1177 1674 1272 1737 terra

97 1780 224 1849 Deinde
252 1781 360 1849 abiens
388 1784 626 1867 inuisitatem,
656 1784 741 1870 oepit
768 1787 960 1851 annuntiare
982 1785 1145 1851 visionem.
1191 1785 1273 1863 Quid

100 1896 214 1983 plura?
249 1897 391 1965 Credidit
413 1900 564 1987 populus;
588 1901 765 1985 iterumque
789 1907 884 1984 atque
905 1901 1020 1968 iterum
1043 1901 1274 1969 circumdantes

100 2014 272 2098 hominem,
297 2016 408 2081 eadem
431 2016 538 2101 sepius
553 2036 683 2083 namara
698 2015 862 2100 cogebant,
885 2018 964 2083 moti
979 2016 1126 2085 videlieet
1139 2019 1274 2083 monstri

100 2130 251 2197 novitate.
287 2130 462 2216 Postremo,
487 2134 552 2199 sesi
576 2132 699 2200 naseins
724 2134 875 2214 omnium,
899 2133 1028 2201 advenit
1045 2133 1202 2217 sacerdos,
1225 2134 1274 2200 in·

100 2247 316 2331 dignationem
340 2248 443 2333 primo
465 2247 616 2314 simulans
632 2250 723 2333 quasi
738 2248 777 2316 de
791 2249 971 2330 mendati03
994 2249 1109 2317 deinde
1123 2250 1274 2317 attentius

101 2364 213 2432 audire
228 2370 260 2432 et
274 2364 425 2432 obtestari
442 2365 527 2450 oepit
541 2364 711 2449 bominem,
734 2370 779 2450 ut,
802 2385 877 2433 vera
890 2368 1014 2432 tantum
1029 2386 1173 2450 narrans,
1188 2364 1275 2434 nullo

100 2481 253 2565 figmento
274 2480 426 2568 populum
443 2479 635 2547 sollicitares
670 2479 715 2548 At
730 2481 793 2565 ille,
817 2487 853 2548 ut
867 2487 936 2549 erat
949 2484 1110 2550 rusticane
1123 2483 1275 2570 simpliei-

100 2597 196 2680 tatis‚
220 2617 332 2664 manus
355 2597 500 2681 tendere,
524 2595 631 2663 oeulos
655 2598 694 2664 ad
715 2597 816 2664 eeluru
839 2597 959 2681 levare,
982 2599 1168 2684 magnisque
1190 2599 1275 2666 iura·

102 2714 220 2780 mentis
243 2719 275 2780 et
296 2714 370 2780 forti
396 2713 621 2799 protestatione
644 2733 710 2778 rem
735 2713 781 2778 ita
804 2733 838 2779 se
860 2713 977 2780 babere
998 2733 1154 2799 asserens,
1179 2715 1274 2783 etiam

100 2830 209 2896 looum
232 2829 332 2916 ipsius
356 2829 565 2915 apparitionis
589 2849 623 2896 se
644 2835 843 2896 ostensurum
858 2829 1034 2916 pollieetur.
1070 2831 1159 2896 Tune
1172 2850 1274 2897 saeer-

100 2946 176 3030 dos,
200 2965 369 3013 eonversus
393 2945 433 3010 ad
457 2944 619 3032 populum,
642 2965 723 3013 vane
746 2945 925 3033 suspirans:
951 2948 1005 3012 En
1028 2948 1085 3013 doe
1107 2961 1153 3014 eat
1172 2947 1277 3031 inquit

102 3065 191 3151 quod
213 3076 275 3129 toto
292 3085 377 3128 anno
392 3064 543 3128 dicebam.
580 3063 667 3144 Quid
681 3064 771 3129 nobie
789 3085 858 3129 esem
872 3063 977 3129 alieno
993 3064 1071 3128 deo?
1093 3066 1172 3149 quid
1184 3064 1275 3129 nobie

101 3203 175 3245 oum
203 3180 355 3266 religione
381 3180 648 3244 strumonem?
688 3180 773 3246 Iuste
799 3191 939 3245 moveor
967 3191 996 3244 et
1021 3182 1172 3246 irascitur
1199 3181 1275 3245 deus

100 3307 223 3377 noster,
254 3299 286 3360 ei
310 3309 384 3382 poet
406 3299 513 3361 omnio
535 3295 697 3380 benp‘ooto
720 3298 785 3360 moes
808 3296 897 3362 stulti
918 3309 948 3361 et
968 3298 1090 3382 inprote'
1111 3297 1155 3361 od
1176 3295 1277 3361 olium

101 3415 323 3478 compotimur.
361 3411 427 3478 Sed
448 3434 487 3475 ne
509 3413 610 3476 iratae
635 3411 757 3476 oeeidat
778 3433 847 3491 noa,
871 3412 937 3477 tlte
959 3415 1154 3489 iresterna,-
1177 3425 1206 3478 et
1225 3434 1276 3478 oe—

100 3530 248 3595 cedamus
271 3549 332 3607 eos,
357 3530 415 3613 qui
436 3549 493 3592 noe
516 3528 660 3591 seducere
682 3529 820 3592 veniunt.
859 3525 948 3604 Quod
971 3526 1090 3593 dietum
1113 3545 1185 3592 eum
1207 3526 1276 3612 pla·

99 3643 222 3710 auisset
245 3641 400 3725 omuibus,
423 3641 631 3708 firmaverunt
644 3639 819 3707 decretum:
843 3642 890 3725 ut,
912 3642 940 3708 si
954 3642 1030 3709 Otto
1045 3643 1211 3730 episeopus
1225 3642 1277 3709 rel

99 3759 271 3844 quisquam
295 3756 335 3823 de
357 3758 506 3823 societate
529 3757 596 3823 eius
618 3755 777 3824 civitatem
800 3757 944 3842 intraret,
968 3759 1037 3825 sine
1051 3778 1142 3824 mora
1156 3757 1276 3826 oecide-
1333 3738 1335 3742 ⁸

98 3879 202 3942 retur.
244 3873 321 3939 Item
345 3872 551 3939 firmaverunt
573 3872 634 3939 sibi
658 3891 835 3940 sennonem
858 3893 1009 3959 usquam,
1032 3875 1153 3940 aeilioet
1172 3879 1223 3958 ut,
1248 3875 1276 3940 si

98 3996 197 4058 noeto
220 3988 269 4055 vel
298 3989 379 4056 elam
406 3990 561 4055 intrantes
585 3989 751 4074 quisquam
774 3995 858 4056 teoto
885 3990 1056 4076 reciperet,
1085 3989 1182 4056 simili
1205 4009 1277 4056 sen·

99 4107 204 4173 tentio
225 4103 410 4172 subiaceret.
444 4102 488 4170 Et
502 4103 559 4170 heo
575 4109 713 4188 agentes,
737 4105 845 4171 multis
867 4105 1046 4192 obprobriis
1061 4111 1095 4172 ot
1108 4106 1275 4174 uerborum

98 4221 230 4290 iniuriis
253 4211 438 4304 religionem
461 4225 603 4287 nostram
626 4219 880 4306 blasphemantes
903 4221 1097 4288 deridebant

195 4337 226 4401 5.
262 4336 386 4403 Interea
408 4355 482 4403 vero
508 4335 614 4421 apudl
637 4334 837 4403 Uznoimium
859 4337 953 4404 rebus
975 4337 1109 4406 ielieiter
1131 4356 1276 4406 eonsum-

179 4491 199 4524 ι
223 4479 320 4525 ruricula
337 4479 367 4526 N.
528 4479 550 4525 b.
574 4478 634 4538 apud
650 4493 692 4525 om.
706 4478 741 4536 N;
758 4478 836 4539 recepi
851 4493 880 4525 ee
896 4479 926 4525 R.
