3142 4850
206 523 275 577 1127

159 598 214 655 post
224 595 277 642 ltu.
286 596 315 642 22

330 329 395 394 662
620 344 743 393 neonus
765 345 845 391 vrrs
869 343 1026 392 orrovrs.
1061 345 1128 391 nvn.
1144 340 1221 391 ms

420 507 450 570 8.
484 504 588 571 Causa
616 509 721 571 autem
753 504 844 570 buius
873 503 1086 588 inquisitionis
1113 507 1147 569 et
1172 501 1327 569 tumultus
1354 501 1493 569 sacerdos

330 621 456 708 quidam
475 620 640 706 ydolorum
663 620 733 686 fnit.
769 620 839 703 Qui,
863 621 970 686 andita
993 641 1074 686 nove
1096 619 1319 705 predicationis
1342 619 1494 703 opinione,

330 739 370 804 ad
394 737 507 802 callida
531 741 715 819 argumenta
738 757 918 819 conversus,
942 736 1105 802 cuiusdam
1127 735 1194 800 fani
1216 734 1351 800 clamide
1374 739 1407 800 ct
1427 734 1495 800 reli-

330 853 399 939 quis
422 853 551 918 indutus
575 852 708 935 exuviis,
733 851 842 918 urbem
867 851 947 916 clam
971 851 1146 934 egreditur·
1170 850 1369 934 vicinamque
1391 855 1495 936 petens

328 969 441 1035 silvam
476 972 709 1054 pretereuntem
740 967 896 1051 quendam
929 967 1083 1032 rusticum
1111 965 1237 1032 insolito
1265 985 1398 1032 occursu
1430 986 1496 1051 per·

244 1151 246 1156 ,
296 1153 310 1186 s
328 1085 451 1150 terruit.
492 1081 568 1167 Qui,
597 1083 707 1149 videns
740 1103 812 1149 eum
836 1081 975 1149 vestibus
1002 1081 1087 1168 ydoli
1114 1083 1282 1164 amictum,
1310 1081 1496 1166 suspicatos,

328 1199 421 1264 deum
446 1219 538 1265 suum
560 1198 768 1286 principalem
799 1198 860 1263 sibi
882 1198 1085 1283 apparuisse,
1113 1218 1171 1283 pre
1193 1203 1323 1282 stupore
1345 1196 1497 1262 exanimis

329 1316 361 1380 in
383 1315 496 1380 faeiem
512 1315 641 1398 corruit,
665 1334 799 1399 eumque
822 1313 899 1379 talia
915 1313 1068 1379 dicentem
1094 1312 1230 1379 audivit:
1252 1313 1325 1398 Epo
1340 1336 1411 1378 sam
1427 1315 1497 1378 deas

328 1445 416 1512 tous,
443 1454 534 1517 quern
557 1433 643 1497 colis.
679 1431 730 1496 Nc
750 1452 886 1516 paveos3
909 1432 965 1494 sed
986 1451 1080 1516 aarqe
1103 1432 1303 1515 quantocius,
1332 1429 1499 1515 ardentque

327 1549 507 1633 inpracticon
513 1597 523 1628 ,
549 1549 733 1632 leputiooeov
753 1567 856 1610 mecm
876 1546 1112 1630 mcpistrotv'dae
1136 1549 1281 1632 omniqua
1303 1545 1431 1631 popolo
1451 1548 1498 1609 aiv·

328 1667 439 1740 mucor
462 1677 507 1743 ut,
531 1666 561 1729 sa'
575 1663 728 1749 discipuli
749 1663 921 1726 seductoris
943 1661 1042 1742 idias,
1066 1665 1124 1747 qai
1146 1685 1215 1727 oum
1232 1663 1309 1726 duco
1332 1661 1498 1727 Wostirluo

329 1781 418 1866 opud
447 1779 577 1844 Uzoou'm
606 1791 756 1858 marmor,
787 1777 855 1842 illic
877 1781 1103 1864 oppommtot,
1133 1781 1202 1843 eine
1228 1777 1381 1842 dilutione
1408 1779 1501 1842 morti

328 1896 527 1960 acerbissime
554 1896 731 1960 traduntur.
767 1893 924 1978 Alioquin
952 1897 1063 1958 civitot
1094 1915 1163 1958 cum
1185 1893 1416 1960 tammus
1438 1895 1498 1957 susi

328 2012 453 2098 peribit.
493 2007 582 2087 Quod
604 2027 675 2074 oum
698 2007 834 2074 rusticus
857 2007 911 2073 ille
934 2027 1059 2074 summo
1081 2007 1282 2074 testinatione
1303 2008 1428 2075 civibus
1450 2007 1499 2074 de

301 2111 303 2116 ¹
330 2125 516 2208 nuntiasset,
540 2123 597 2209 illi,
621 2123 814 2189 unanimiter
836 2123 977 2208 adunati,
1000 2124 1184 2190 mandatum
1205 2124 1256 2190 dei
1278 2123 1327 2189 sui
1351 2143 1498 2210 peragere

329 2241 533 2307 conabantur.
625 2239 702 2324 Sed,
732 2244 768 2306 ut
797 2239 1008 2324 prediximus,
1037 2239 1145 2305 divina
1173 2239 1375 2326 providentia
1396 2260 1498 2306 servos

329 2377 403 2425 suos
433 2356 611 2438 abscondit3
641 2355 740 2422 donec
768 2356 911 2441 sequenti
939 2354 990 2421 die
1020 2355 1092 2442 pius
1115 2356 1189 2422 Otto
1219 2356 1404 2443 episcopus,
1433 2375 1499 2422 cum

330 2474 409 2540 duce
439 2474 681 2560 superveniens,
710 2492 763 2538 eos
787 2493 806 2538 a
827 2471 969 2538 latibulis
996 2472 1156 2559 produxit.
1198 2472 1260 2539 Sed
1287 2492 1349 2539 nec
1375 2473 1413 2539 in
1435 2475 1501 2559 ipsa

330 2590 381 2657 die
405 2590 558 2657 adventus
582 2588 722 2677 episcopi
745 2587 923 2675 temptatio,
945 2608 1003 2674 per
1018 2588 1172 2655 invidiam
1187 2588 1305 2655 diaboli
1326 2591 1432 2656 servis
1445 2588 1501 2655 Dei

329 2708 477 2789 inmissa,
507 2707 614 2773 detuit.
722 2705 1015 2791 Advesperascente
1041 2724 1179 2790 namque
1205 2704 1273 2789 die,
1304 2707 1436 2789 quidam
1464 2728 1502 2773 cx

295 2819 299 2827 “
331 2819 497 2890 comitibus
520 2821 638 2887 domini
663 2821 814 2907 episcopi,
837 2820 944 2886 fanum
966 2820 1002 2885 in
1017 2821 1127 2887 eedem
1149 2820 1227 2887 orbe
1249 2822 1347 2889 situm
1361 2824 1503 2890 conside

330 2958 401 3005 rare
417 2937 568 3022 volentes,
591 2938 695 3004 minus
719 2941 811 3003 ceute
833 2937 1015 3023 pergebant.
1047 2937 1136 3017 Quod
1158 2942 1320 3005 cernentes
1345 2937 1445 3022 aliqui
1466 2938 1503 3004 de

329 3054 462 3139 civibus,
489 3054 639 3141 suspicati
662 3059 746 3136 sunt,
774 3054 883 3119 fanum
905 3054 1009 3139 ipsum
1033 3054 1100 3137 igni
1123 3074 1176 3120 eos
1199 3054 1324 3121 tradere
1348 3054 1445 3135 velle;
1473 3058 1505 3121 ct

330 3171 511 3253 congregati
533 3169 696 3235 horrisono
720 3190 879 3235 armornm
904 3171 1038 3256 strepitu
1061 3171 1107 3236 eis
1129 3188 1294 3237 occurrere
1316 3170 1503 3254 gestiebant

332 3286 412 3352 Tum
447 3285 613 3367 religiosus
647 3285 803 3371 presbiter
833 3284 999 3352 Udalricns
1028 3286 1068 3352 ad
1102 3286 1204 3352 socios
1237 3306 1411 3353 conversus
1443 3289 1503 3353 ait:

331 3405 407 3469 Noa
435 3406 503 3469 sine
526 3425 622 3468 causa
651 3416 882 3487 conprepaotur
904 3407 976 3479 ὑεῖς
1004 3406 1059 3469 aad
1080 3407 1204 3484 sciatis,
1230 3391 1285 3469 eos
1306 3427 1343 3470 ra
1364 3428 1442 3470 vera
1462 3405 1505 3469 od

331 3522 490 3585 latornum
512 3532 653 3584 noenum
672 3518 840 3602 festinare.
875 3518 943 3595 Quo
959 3518 1065 3585 audito
1088 3519 1176 3602 socii,
1199 3519 1423 3603 retrogradum
1445 3522 1505 3586 iter
1568 3577 1569 3582 ,

331 3636 446 3719 secuti,
471 3634 543 3717 luge
565 3632 705 3719 presidia
727 3638 850 3718 petunt
890 3633 1031 3701 Clericus
1054 3640 1161 3703 autem
1183 3635 1344 3703 Dietrious
1365 3638 1505 3717 nominc,

332 3750 386 3836 qui
408 3750 483 3833 iam,
506 3750 677 3835 precedens
701 3768 765 3831 eos,
789 3750 890 3833 portis
912 3748 1036 3817 delubri
1058 3752 1159 3837 ipsius
1183 3754 1505 3839 appropinquaverat,

331 3864 474 3931 nesciens
491 3884 553 3950 quo
569 3864 748 3949 diverteret,
772 3866 922 3932 audacter
944 3867 1052 3935 lanum
1069 3868 1173 3953 ipsum
1190 3868 1324 3954 irrupit3
1346 3874 1382 3936 et
1396 3870 1505 3936 videus

333 3998 461 4046 aureum
479 3981 613 4066 clipeum
638 3980 751 4067 parieti
768 3980 909 4068 affixum,
933 3981 1082 4050 Gerovito
1099 3985 1154 4068 qui
1168 3984 1246 4050 dens
1264 3984 1381 4051 milicie
1396 4006 1504 4051 eorum

332 4095 392 4161 luit
415 4102 631 4163 consecratum
648 4132 688 4141 -
707 4117 800 4182 quem
817 4099 999 4182 contingere
1022 4098 1106 4185 apud
1128 4120 1183 4166 eos
1204 4100 1350 4167 illicitum
1375 4106 1447 4167 erat
1463 4136 1504 4147 -

333 4216 458 4295 arrepto
482 4212 591 4277 eodem
615 4212 730 4298 clipeo,
755 4212 880 4279 obviarn
905 4216 950 4280 eis
974 4216 1136 4300 prooessit.
1171 4214 1221 4283 llli
1245 4223 1367 4300 autem,
1395 4222 1504 4304 utpote
1568 4265 1569 4282 r

334 4324 394 4387 viri
417 4326 511 4392 stulte
535 4326 731 4411 rusticitatis,
755 4330 917 4415 suspicati,
942 4329 1035 4397 deum
1054 4352 1146 4398 suum
1162 4330 1346 4400 Gerovitum
1369 4333 1430 4399 sibi
1452 4350 1503 4398 oe

406 4474 427 4509 a.
449 4462 575 4523 ingreditur
591 4464 616 4515 0.

1567 4419 1569 4490 l
