3142 4850
425 343 591 392 unannror
614 342 741 390 oonnx.
776 339 903 392 asemas
1182 323 1250 389 415

165 499 548 586 Exeommunioationem,
580 521 674 586 quam
698 500 927 568 eommunieatu
949 500 1085 566 fratrum
1108 507 1141 567 ot
1163 501 1339 586 prin-1128

88 615 181 702 ripum
205 615 336 682 oonsilio
358 618 392 682 in
414 617 594 684 invasorem
616 612 723 700 regui¹
746 617 889 699 fecimus,
913 615 976 681 iam
999 615 1116 682 dudum
1137 617 1250 682 frater·

86 731 168 796 nitati
185 737 309 798 vestrae
331 753 389 818 por
403 731 526 798 litteras
548 738 673 798 nostras
690 731 947 815 significavimus.
984 730 1046 798 Sed
1067 732 1141 814 quia
1157 731 1248 798 dubi-

86 853 198 930 tamus,
228 851 333 912 utrum
357 847 476 913 advos
504 849 708 934 pervenerint
735 847 860 914 litterae
879 883 922 893 -
944 847 1123 913 audivimus
1154 847 1249 929 enim,

86 963 160 1046 quod
183 963 315 1030 ecelesia
331 969 436 1030 restra
451 963 528 1030 velit
550 983 604 1032 ees
626 965 773 1050 ignorare
789 999 832 1009 —
853 964 1010 1032 mittimus
1025 964 1140 1028 iterum
1157 982 1250 1047 prae·

83 1083 180 1148 sentes
203 1079 324 1164 apiees3
350 1084 528 1146 mouentes:
552 1085 600 1164 ut,
623 1080 705 1164 quod
728 1079 861 1146 fecimus
883 1098 953 1163 nos,
976 1085 1086 1146 atros
1108 1080 1248 1161 faeiatis3

84 1197 113 1258 et
137 1213 194 1278 per
218 1214 326 1260 omnes
350 1193 497 1262 eeclesias
522 1201 643 1264 vestras
664 1196 769 1281 ipsum
794 1194 970 1281 iniquitatis
994 1200 1153 1262 auctorem
1177 1215 1249 1262 oum

81 1307 252 1376 fautoribus
276 1309 341 1376 suis
364 1329 384 1376 a
407 1311 626 1380 eommuuione
650 1311 824 1378 christiana
852 1315 886 1378 et
906 1309 993 1376 omni
1016 1311 1124 1376 divino
1146 1309 1249 1377 officio

80 1425 176 1490 areeri
200 1425 412 1510 praecipiatis.

81 1632 165 1704 237.
186 1636 335 1704 Comatae
359 1639 500 1706 Romani
520 1639 675 1706 Lethorio
692 1637 755 1704 III
771 1643 841 1724 rapi
867 1640 1009 1705 saeuos
1030 1642 1069 1704 de
1090 1663 1149 1705 suu
1172 1661 1248 1726 erpo

185 1775 257 1818 eum
276 1756 394 1840 pietate
417 1767 445 1820 et
467 1756 505 1820 de
520 1752 666 1820 Conrado
685 1758 776 1838 requi
797 1754 919 1819 aemulo
939 1757 974 1819 io
989 1755 1249 1842 Lonpodordu'am

183 1873 337 1955 inpresso.
372 1871 514 1950 Merserat,
538 1883 573 1936 ut
593 1871 691 1935 dimne
710 1873 863 1956 prosimu
886 1869 1022 1936 &mam
1043 1874 1173 1936 sanauit

1113 1984 1152 2066 (u
1169 1986 1247 2068 351)

160 2114 340 2198 L(othario)
363 2116 480 2186 illustri
497 2121 529 2184 et
551 2116 687 2201 glorioso
703 2117 917 2185 Romanorum
933 2118 1002 2202 regi
1024 2117 1168 2186 consules
1186 2117 1248 2186 Ro-
1268 2132 1337 2186 1128

74 2232 157 2298 muni
182 2236 216 2298 et
240 2231 293 2298 alii
316 2233 476 2320 prinsipes
500 2232 633 2300 salutem
657 2239 690 2300 et
712 2233 965 2320 prosperitatem.

159 2346 228 2414 Nos
251 2349 284 2414 iu
307 2348 437 2416 seruitio
453 2353 485 2416 et
505 2347 657 2416 fidelitate
672 2347 756 2416 beati
772 2348 859 2418 Petri
883 2354 915 2416 et
937 2348 1045 2414 domui
1065 2369 1168 2436 papae
1182 2348 1247 2416 Ho-

71 2464 151 2531 uorii
175 2464 394 2550 persistimus;
423 2470 455 2533 et
478 2464 580 2551 quod*
603 2465 728 2551 plaeeat
751 2466 796 2550 ei,
823 2484 975 2533 amamus.
1015 2464 1118 2532 Certis
1141 2471 1247 2533 antem

70 2580 361 2664 experimentorum
389 2581 567 2649 rationibus
599 2582 799 2667 agnovimus,
836 2580 984 2665 quoniam
1012 2582 1082 2666 ipse
1110 2582 1247 2647 sarain

71 2692 207 2765 Domino
238 2696 369 2763 oarimte
397 2716 567 2782 personam
596 2702 684 2765 tuum
713 2696 819 2780 diligit
846 2701 879 2763 et
906 2698 947 2763 ad
978 2696 1127 2763 honorem
1157 2701 1245 2763 tuum

69 2812 340 2878 manutenendum
364 2818 396 2878 et
424 2812 629 2879 exaltandum
655 2811 768 2879 affeetu
797 2817 930 2898 paterno
958 2811 1103 2879 intendit
1145 2811 1246 2890 Quam

68 2922 106 2991 ob
129 2947 198 2993 rem
226 2947 284 2993 nos
308 2926 347 2993 de
374 2927 566 2995 exaltatione
581 2934 645 3001 ,tus
668 2929 708 2995 ad
730 2948 862 3011 regnum
890 2929 1080 3011 gaudemus3
1108 2926 1168 2993 hoo
1190 2946 1247 3013 op·

67 3043 182 3127 tantos,
207 3050 257 3127 ut,
281 3043 363 3127 quod
387 3042 427 3111 de
442 3050 474 3111 to
496 3044 576 3111 bene
597 3045 760 3131 inceptum
780 3050 839 3128 est,
862 3043 970 3128 eteius,
994 3050 1151 3111 aunuente
1165 3042 1245 3126 Deo,

67 3157 282 3241 perficiatur·.

153 3273 250 3341 Unde
274 3292 369 3360 super
384 3274 535 3342 tarditate
557 3280 612 3341 tua
633 3274 709 3341 satis
733 3276 896 3341 miramur.
931 3274 1000 3341 Hae
1022 3275 1177 3360 siquidem
1193 3294 1245 3343 ou-

67 3388 191 3457 catione
208 3389 401 3471 C(onradus)
416 3389 481 3475 illo,
496 3389 749 3475 Longobardiam
765 3390 936 3473 ingressus,
953 3410 1085 3472 regnum
1101 3389 1244 3457 Italioum

66 3502 176 3571 nititur
207 3524 376 3590 occupare.
472 3506 651 3593 Eupropter
682 3507 881 3593 presentibus
909 3506 1025 3571 litteris
1055 3506 1242 3592 prudentiae

65 3621 134 3687 tuae
152 3621 365 3687 mandamus:
390 3622 548 3707 quatinus,
566 3622 636 3687 aliis
652 3622 789 3705 omissis,
813 3622 899 3687 omni
915 3622 1079 3687 oeoasione
1094 3622 1243 3708 seposita,

64 3738 212 3816 proxima
238 3742 373 3803 ventura
394 3737 508 3823 hyeme
531 3736 571 3803 ad
593 3738 784 3824 presentiam
809 3737 918 3803 domni
940 3756 1044 3822 papae
1061 3737 1180 3821 venias,
1205 3737 1244 3803 ab

65 3866 98 3913 eo
112 3850 286 3935 dignitatis
309 3852 538 3939 plenitudinem
563 3858 596 3919 et
614 3852 766 3919 honorem
781 3852 909 3938 imperii
931 3858 1093 3938 prestante
1107 3852 1243 3919 Domino

64 3974 265 4053 recepturus.
362 3967 428 4033 Noa
456 3966 586 4033 interim
618 3968 762 4052 diligenti
792 3969 896 4035 studio
925 3988 1054 4055 operam
1088 3968 1243 4051 dabimus,

64 4083 213 4163 quatinus
239 4082 377 4169 populus
399 4083 559 4151 Romanus
583 4084 623 4151 ad
645 4089 694 4168 te,
721 4085 803 4151 sieut
825 4084 928 4167 deest,
952 4082 1122 4151 honorilice
1144 4084 1244 4151 susei-

64 4195 213 4278 piendum
239 4199 284 4265 sit
306 4204 446 4283 paratus.

132 4336 153 4367 a,
177 4337 208 4368 ez
228 4321 420 4379 Vult-ma,
437 4322 460 4368 Z
472 4338 498 4383 p.
510 4324 565 4371 319.
674 4323 696 4370 b.
720 4324 775 4383 quid
794 4324 815 4370 V.
925 4337 945 4369 a.
969 4323 1102 4381 prolicietur
1118 4323 1144 4368 Z.

133 4410 157 4461 l.
176 4406 349 4462 Gouredum.

550 4478 762 4487 ι-ι--ιι-ηοι--ιι
