3142 4850
335 292 403 357 480
651 308 840 361 namneum
862 307 1139 362 nsunuacnusns.
1175 306 1193 359 a

245 484 314 567 rora
335 474 441 535 torum
463 467 678 538 confessomm
701 466 847 535 Silvestri
870 466 1013 551 Gregorii
1028 466 1200 539 Ambrosii.
1235 465 1376 551 Rehqnie
1398 470 1494 533 auten

239 555 325 631 Μ
336 583 369 647 in
385 582 495 651 eodem
508 584 727 652 continentur:
751 584 792 651 de
807 582 918 654 murlo
939 583 1038 655 sonori
1055 581 1146 652 Petri.
1157 582 1301 667 apostoli,
1325 586 1496 649 sanctornm

336 699 549 765 confessorum
568 697 714 764 Silvestri
732 697 863 766 Martini
878 697 1027 767 Eucharii
1043 696 1209 785 Marimini
1231 696 1357 763 Paulini
1370 696 1497 763 Amhrc

336 813 377 879 sii
390 812 500 897 Magni
515 812 692 880 Crescenoii
711 812 884 899 Epiphanii
901 813 1050 882 Decentii
1073 812 1098 879 F
1099 812 1228 879 loreneii
1250 811 1419 881 Laurancii
1440 812 1499 897 epi·

337 930 425 1015 scopi
446 928 621 995 Maurencii
644 934 676 996 et
699 927 872 995 luvaniani.

428 1042 597 1109 Sinistrum
613 1043 713 1111 altare
727 1042 930 1111 occidentalis
946 1042 1056 1111 altaris
1072 1044 1266 1111 mosecrauit
1280 1041 1500 1127 Megingaudus

338 1157 539 1237 Treverensis
563 1159 817 1245 archiepiscopus
839 1159 872 1226 in
889 1158 1037 1224 honorem
1054 1164 1234 1225 sanctorum
1251 1159 1418 1225 martirum
1431 1157 1500 1223 Dio

337 1274 413 1340 nisii
434 1274 555 1341 Rustici
583 1280 616 1341 et
636 1274 826 1359 Eleutherii,
854 1272 1021 1340 Laurentii
1044 1272 1163 1359 Ypoliti
1192 1279 1224 1339 et
1245 1272 1320 1339 Viti.
1367 1271 1500 1357 Reliquis

339 1410 412 1456 vero
435 1390 468 1471 in
492 1390 601 1455 eodem
624 1392 727 1475 posite
748 1395 824 1457 sunt
846 1395 1026 1457 sanctorum
1051 1391 1213 1455 martirum
1235 1387 1404 1455 Laurencii
1419 1386 1501 1453 xixti

338 1504 527 1574 Felicissimi
547 1505 680 1591 Agapiti
701 1505 823 1591 chliti
849 1504 1013 1574 Paneracii
1034 1504 1130 1573 Nerei
1155 1510 1188 1571 et
1207 1504 1361 1587 Achillei,
1392 1504 1456 1569 Viti
1476 1508 1502 1569 et

338 1619 489 1704 Modesti,
513 1620 652 1687 Tiburcii
673 1619 828 1687 Boniiacii
851 1620 1007 1704 Oswaldi,
1037 1628 1157 1707 septam
1187 1621 1322 1687 fratrum
1347 1618 1503 1703 Oriscgoni

339 1734 459 1802 Urbani
481 1736 596 1803 Abdon
618 1735 733 1803 Vitalis
755 1736 890 1803 Nahoris
915 1735 1046 1803 Seoesii.

428 1851 539 1918 Altare
555 1872 628 1919 vero
652 1856 760 1920 sancto
774 1851 884 1919 Crucis
906 1851 1101 1919 consecrarit
1122 1852 1174 1938 pie
1190 1851 1343 1918 memorie
1359 1851 1502 1917 lohannes

339 1967 572 2051 Aquilegiensis
594 1967 776 2053 patriarcha
796 1967 830 2033 in
854 1966 1004 2035 honorem
1025 1974 1133 2035 sancte
1148 1966 1258 2035 Crucis
1271 1974 1305 2033 et
1324 1968 1429 2033 saneti
1444 1964 1502 2031 su

339 2082 437 2169 phani
464 2082 708 2168 protomartiris.
748 2081 891 2167 Reliquis
921 2097 995 2149 vero
1022 2084 1057 2149 in
1085 2083 1195 2151 eodem
1223 2084 1326 2171 posito
1357 2088 1445 2149 sunt:
1470 2079 1503 2145 de

340 2199 448 2265 tunica
461 2198 591 2264 Domini
612 2197 804 2281 inconsutili,
827 2197 866 2263 de
889 2198 1001 2283 spinea
1023 2218 1148 2283 corona
1173 2197 1211 2264 de
1234 2217 1370 2284 corpore
1392 2204 1425 2265 et
1442 2216 1504 2262 san·

340 2315 435 2398 gaino
457 2314 588 2381 Domini
616 2314 700 2399 qnod
727 2313 925 2381 consecravit
952 2312 1106 2380 Iohannes
1136 2314 1252 2381 tercius
1281 2334 1386 2399 papa,
1415 2310 1503 2379 sancti

341 2431 495 2518 Stephani
516 2430 788 2518 prothomartiris,
816 2429 990 2496 Alexandri
1013 2429 1143 2498 Rvencii
1166 2429 1318 2496 Theodoli
1341 2428 1503 2508 Panoracii,

342 2546 495 2634 Stephani
517 2567 600 2634 pape
623 2552 655 2614 et
677 2547 828 2630 martiris,
853 2543 1058 2630 Sigismundi,
1080 2545 1214 2612 Romani
1237 2545 1360 2630 militis,
1385 2543 1504 2612 Marini

340 2663 492 2745 martiris,
515 2662 687 2731 Maurioii·.

431 2775 591 2845 Orientale
614 2783 720 2844 autem
744 2776 843 2844 altare
866 2777 1061 2846 consecrarit
1075 2776 1296 2844 Erhanhaldus
1312 2777 1504 2860 Mogentiana

342 2893 597 2979 archiepiscopus
618 2893 654 2960 in
676 2893 827 2961 honorem
850 2897 958 2960 sancte
972 2892 1033 2960 Dei
1056 2892 1218 2976 genitricis
1235 2891 1338 2960 Mario
1361 2899 1396 2960 et
1417 2889 1507 2960 sancti

341 3008 504 3076 Michaelis
535 3008 715 3092 archangeli
748 3009 952 3092 omniumque
980 3007 1143 3076 celestium
1172 3008 1324 3074 virtutum
1355 3017 1390 3076 et
1417 3007 1506 3074 saneti

343 3123 471 3208 Georgii
492 3124 643 3190 martiris.
677 3123 821 3209 Reliquis
836 3130 941 3194 autem
957 3124 990 3190 in
1010 3124 1119 3194 eodem
1135 3125 1237 3208 posite
1252 3130 1342 3190 sunt:
1368 3125 1409 3190 de
1423 3122 1508 3190 resi·

341 3247 448 3307 mento
463 3247 572 3306 sancto
587 3239 697 3322 Mario,
715 3239 756 3306 de
770 3240 925 3324 sanguine
941 3240 1042 3306 sancti
1057 3237 1205 3306 Iohannis
1222 3241 1373 3326 baptiste,
1389 3236 1507 3322 Georgi

342 3355 500 3438 martiris,
529 3355 569 3422 de
592 3353 720 3427 hraehio
748 3355 846 3438 Iusti,
874 3354 1057 3441 Symeonis,
1088 3359 1333 3440 sanctarumque
1359 3357 1508 3438 virginum

341 3468 439 3536 Lucio
466 3471 581 3540 Gcoilie
607 3471 732 3554 Agathe
759 3469 950 3554 Waldbnrge
976 3470 1156 3555 Margarete
1184 3470 1369 3538 Cresceneie
1399 3471 1509 3538 Iuliano

341 3585 464 3654 Verane
479 3587 571 3654 Tecle
584 3585 755 3655 Anastasia
777 3585 934 3672 Perpetue
956 3586 1131 3656 Felicitatis
1150 3585 1344 3654 Ganeienilla
1369 3587 1510 3674 Speciosa

342 3700 485 3768 Modesto
507 3702 646 3768 Irminie.

431 3815 589 3887 Dextrum
605 3817 704 3886 altare
718 3817 881 3886 orientalis
898 3817 1008 3886 altaris
1024 3819 1221 3886 consecravit
1233 3818 1415 3886 Hartrricus
1430 3815 1510 3884 Salz·

342 3933 507 4016 burgensis
535 3933 790 4021 archiepiscopus
819 3934 852 4000 in
880 3933 1031 4002 honorem
1058 3939 1239 4001 sanctornm
1268 3933 1393 4000 Nicolai
1421 3929 1511 3997 Add-

342 4048 425 4133 herti
445 4048 641 4116 Emerammi
663 4048 867 4117 llcnzeszlaib
891 4049 1064 4116 Ruodherti
1085 4048 1232 4118 Erhardi.
1272 4049 1418 4134 Reliquis
1444 4066 1509 4112 reru

342 4162 377 4228 in
393 4164 502 4229 eodem
517 4165 620 4250 posite
635 4171 710 4232 sunt
723 4165 899 4232 Burchardi
915 4167 1113 4252 confessoris,
1129 4165 1303 4233 Rnodberti
1318 4162 1508 4244 confessoris,

342 4276 480 4344 Erhardi
503 4278 646 4348 Severini
668 4280 903 4366 Penthaleonis,
919 4279 1117 4350 Wenzeszlai
1139 4282 1292 4366 martiris,
1314 4275 1508 4349 Wunnihaldi

414 4431 435 4465 a
458 4419 552 4468 mures
568 4435 588 4467 ο.
802 4423 824 4469 c.
840 4422 976 4470 Venusino
992 4437 1011 4469 ο.
