3142 4850
325 270 392 337 bae
635 287 825 337 brunones
846 286 1126 352 remunerasse.
1161 283 1198 335 se

238 462 308 517 1135
325 467 405 534 pure
428 448 556 515 verimti
584 451 737 532 quantum
764 446 943 533 epistolaris
972 446 1111 514 brevitas
1139 444 1298 533 permittit
1324 442 1491 527 saumae,

246 535 296 583 Μ
325 582 403 648 rem,
427 563 509 629 siout
529 566 620 647 gesta
641 568 701 647 est,
723 562 813 629 vobis
836 562 998 629 insinuare
1020 581 1175 629 euramns.

190 705 243 752 aare
259 703 308 752 oss
413 679 563 765 Acceptis
586 678 768 745 duleiseime
789 676 990 763 paternitatis
1006 680 1110 743 vestre
1131 675 1258 759 litteris,
1281 675 1315 741 in
1337 674 1451 759 quibus
1465 679 1521 783 et·

243 837 246 855 .
324 793 364 860 ds
387 794 500 862 eolesio
521 800 630 862 nostre
651 794 839 862 liberatione
860 798 893 860 et
908 797 1013 860 vestm
1035 791 1090 878 pia
1114 811 1189 875 erge
1210 810 1268 857 nos
1286 790 1493 857 sollieitudine

323 910 495 996 plurimum
519 910 623 993 gavisi
636 930 757 993 sumus,
779 908 1062 977 interuenientibus
1081 907 1155 975 hino
1168 906 1242 973 inde
1260 907 1357 973 variis
1373 906 1495 973 dilatio·

324 1044 401 1093 num
429 1031 463 1092 et
487 1026 777 1112 inpedimentorum
807 1025 910 1091 oausis
934 1030 967 1091 et
988 1024 1157 1091 transeatis
1189 1023 1263 1089 iam-
1281 1042 1364 1109 pene
1387 1023 1502 1089 diebus.

324 1161 365 1208 ex
379 1142 520 1228 preoepti
535 1142 633 1208 uestri
648 1141 835 1207 auotoritste
851 1140 891 1207 ad
907 1139 1085 1223 eligendum
1100 1138 1284 1225 episcopum
1300 1139 1492 1225 prescriptis,

324 1257 452 1323 tandem
473 1257 508 1323 in
535 1256 650 1323 maiori
676 1255 806 1341 eolesio,
836 1254 918 1323 sieut
947 1256 1065 1345 iustum
1087 1260 1171 1338 erat,
1200 1256 1414 1321 convenimus.
1453 1254 1493 1321 Et

323 1372 471 1438 inuooats
484 1372 642 1457 primitus,
664 1372 748 1439 dont
761 1392 818 1439 ros
834 1372 1095 1457 premonueretis,
1111 1372 1212 1439 saneti
1228 1371 1367 1459 Spiritus
1382 1372 1490 1455 gratie,

323 1487 522 1572 (qnamnuer
543 1487 724 1573 episcopum
740 1487 809 1554 Deo
825 1487 953 1570 dignum
979 1494 1011 1553 et
1024 1487 1202 1555 hominibus
1219 1492 1384 1573 aooeptum
1408 1492 1441 1553 et
1456 1486 1492 1553 ad

322 1602 584 1671 restaurationem
612 1601 725 1669 eolesio
746 1608 870 1687 nostre,
899 1602 1122 1671 miserabiliter
1144 1608 1211 1671 tam
1235 1602 1270 1669 in
1299 1602 1490 1689 spiritalibus

323 1740 418 1805 quam
440 1720 475 1784 in
496 1716 725 1804 temporalibus
747 1719 812 1784 iam
835 1718 974 1805 dilapsa,
997 1717 1144 1786 idoneum
1167 1718 1372 1803 eligeremus,
1397 1718 1490 1805 priori

323 1834 451 1920 quidem
473 1834 535 1918 die,
559 1852 816 1919 emensusque
839 1834 880 1900 ad
902 1854 1065 1919 vesperam
1089 1834 1279 1918 laborantes,
1301 1834 1402 1901 niehil
1423 1854 1490 1921 per

319 1950 463 2017 femmas.
553 1948 591 2015 In
612 1948 752 2016 seeunda
765 1968 840 2015 vero
864 1949 925 2033 die,
949 1951 1007 2017 sub
1025 1950 1223 2017 invocatione
1238 1951 1340 2017 saneti
1356 1950 1489 2037 Spiritus

320 2066 437 2131 iterum
465 2064 557 2131 nobis
582 2065 617 2131 in
643 2084 742 2131 unum
769 2067 967 2149 oongrogatis
996 2070 1028 2131 et
1055 2066 1094 2132 de
1123 2066 1375 2149 transgressione
1396 2067 1488 2132 verbi

321 2181 463 2268 preoepti
479 2200 516 2246 ao
530 2185 621 2246 reatu
637 2178 849 2247 inobedientis
872 2180 1044 2267 plurimum
1062 2180 1283 2265 metuentibus,
1307 2186 1382 2266 post
1395 2180 1488 2247 multu

321 2294 455 2363 masilia
480 2294 609 2361 tandem
636 2296 672 2361 in
698 2316 866 2382 personam
894 2296 1003 2365 domni
1027 2295 1182 2363 Gerherdi
1211 2296 1366 2383 prepositi
1393 2296 1488 2362 saneti

321 2411 469 2479 lobannis
492 2411 525 2478 in
540 2409 742 2496 Helberetad,
764 2412 826 2480 viri
848 2412 881 2479 iu
897 2412 1009 2480 eolesia
1026 2412 1092 2480 vita
1107 2418 1140 2480 et
1158 2412 1298 2480 moribus
1319 2412 1398 2480 satis
1420 2431 1489 2500 pro·

321 2528 398 2613 bati,
421 2548 490 2613 noa
512 2526 660 2594 videlieet
675 2527 788 2595 barum
806 2527 983 2595 litterarum
1000 2529 1168 2614 portitores
1185 2547 1222 2594 ae
1236 2529 1397 2612 missores,
1419 2548 1490 2596 oen-

321 2645 475 2712 venimus.
514 2643 559 2710 Et
585 2663 658 2710 eum
686 2642 754 2709 sedi
782 2642 1040 2710 Helberstadensi
1068 2644 1102 2710 in
1132 2643 1315 2730 episcopum
1342 2645 1491 2712 senoniae

321 2761 483 2846 elegimus,
512 2758 600 2826 nulla
623 2757 751 2824 omnino
774 2758 839 2825 alia
860 2778 956 2825 eausa
979 2759 1019 2826 ad
1041 2758 1099 2826 heo
1120 2759 1251 2844 iuduoti,
1275 2761 1338 2827 nisi
1361 2761 1436 2845 quia
1456 2761 1490 2826 in

319 2876 435 2942 maiori
457 2875 572 2942 eolesia
588 2874 757 2960 neminem,
780 2875 813 2941 in
830 2893 922 2960 quem
939 2875 1080 2942 omnium
1094 2893 1267 2942 consensus
1281 2881 1492 2960 eoneurreret,

319 2991 462 3058 invenire
483 2991 654 3077 potuimus.

408 3105 510 3184 Quam
538 3106 722 3174 eleotionem
747 3111 889 3172 nostram
919 3105 1106 3190 quibusdam
1136 3106 1347 3174 oonfiauibus
1374 3111 1492 3176 nostris

319 3220 606 3290 oontrsdieentibus
628 3226 662 3286 et
682 3242 723 3287 ne
736 3219 828 3288 lieret
842 3223 970 3290 omnino
985 3222 1130 3310 inpedire
1147 3223 1346 3309 sapientibus
1363 3230 1398 3292 et
1412 3225 1494 3291 inter

320 3337 385 3404 alia
406 3335 588 3403 electionem
611 3337 647 3403 in
668 3337 819 3403 domnum
841 3337 1014 3404 Martinam
1036 3338 1154 3406 iaotmn
1175 3373 1216 3384 -
1240 3339 1296 3406 sed
1318 3359 1427 3406 eoram
1449 3340 1493 3407 le·

319 3451 402 3536 gatis
425 3451 539 3518 restris
567 3456 725 3518 cassatam
740 3485 780 3498 --
808 3453 1084 3540 pretendentibus,
1118 3453 1158 3520 ad
1188 3459 1367 3522 extremum
1397 3457 1493 3524 etium

319 3587 377 3654 per
390 3566 602 3634 inordinatam
626 3566 870 3653 appellationem
888 3570 1057 3656 apostoliae
1073 3569 1156 3636 sedis
1172 3589 1229 3636 nos
1246 3571 1374 3655 incepto
1398 3589 1494 3657 opere

319 3683 478 3751 deterrere
500 3682 714 3769 cupientibus,
737 3703 813 3767 nes,
838 3684 981 3752 divinum
1003 3686 1151 3752 timorem
1173 3689 1206 3752 et
1229 3685 1371 3771 preoepti
1394 3683 1493 3753 vestri

319 3800 539 3866 mosaeam
561 3803 594 3865 et
614 3799 768 3884 temporis
783 3799 971 3866 brevitatem
994 3806 1174 3886 pensantes,
1197 3800 1281 3884 quod
1303 3801 1493 3886 incepimus,

229 3988 235 3998 ,
318 3935 392 3984 oum
414 3934 570 3982 consensu
591 3911 761 3980 multorum
784 3912 970 3982 olorinorum
993 3921 1025 3982 et
1046 3915 1199 3984 laieorum
1222 3914 1424 4000 pensemus

252 4057 303 4107 Μ
407 4030 499 4096 Nune
513 4029 620 4113 igitar,
642 4029 896 4096 reverentissime
911 4035 1011 4115 peter,
1034 4030 1069 4095 in
1084 4035 1173 4096 tanto
1191 4035 1416 4116 tempestatum
1434 4049 1493 4096 no-

318 4149 455 4211 strarum
479 4144 605 4212 turbine
628 4143 668 4210 ad
682 4149 787 4211 vestre
808 4145 1008 4230 patomitatis
1032 4145 1196 4212 eonsilium
1221 4149 1253 4211 ot
1275 4144 1316 4211 ad
1338 4147 1390 4232 pie
1404 4163 1492 4212 oom-

317 4259 475 4346 passionis
502 4265 686 4327 eonsuetnm
714 4259 805 4326 nobie
834 4258 984 4326 solacium
1007 4261 1099 4345 quasi
1127 4261 1167 4328 ad
1194 4259 1389 4328 tutissimum
1418 4265 1493 4347 post

386 4412 409 4446 s.
432 4399 647 4460 quabnusoddr'dr'.
673 4397 1276 4461 Inwdioeqautuerserelitteraedeletoessrrt
