3142 4850
314 321 379 386 588
583 340 704 388 uuours
728 341 807 388 vire
831 340 989 388 unrocus,
1024 340 1216 387 Pneurnuro

736 586 1067 654 PRAEFATIO.

403 729 503 796 Omne
511 740 532 812 ¹,
556 730 640 814 quod
664 731 798 813 agimus,
821 750 878 815 per
900 729 1087 796 humilitatis
1102 729 1276 796 custodiam
1290 730 1419 795 munire
1433 729 1483 794 de·

313 843 438 926 bemus3
463 846 547 929 quia,
570 849 709 911 tonante
731 846 822 912 beato
838 844 1006 928 Gregorio:
1032 846 1098 928 Qui
1117 848 1245 912 virttem
1265 848 1336 910 sias
1356 847 1482 911 humih-

313 974 376 1026 tote
398 975 575 1048 conprepat,
600 965 634 1025 ic
657 976 746 1027 uento
769 963 930 1048 pulverem
948 975 1075 1047 γονέας
1098 975 1128 1026 et
1148 965 1231 1026 unde
1244 963 1338 1045 serre
1359 963 1483 1047 aliquali

312 1081 459 1157 cernitar,
483 1077 557 1142 inde
572 1079 706 1142 dommac
723 1091 905 1142 carceratur
913 1073 930 1139 ¹.
967 1075 1149 1160 Scripturas
1171 1076 1278 1159 itaque
1295 1081 1388 1158 gesta
1410 1076 1483 1162 piis·

312 1189 384 1256 simi
412 1192 511 1276 patris
534 1192 635 1257 nostri
659 1191 801 1275 Ottouis,
830 1212 911 1275 quae
934 1211 974 1256 ex
998 1211 1052 1257 ore
1075 1191 1204 1256 veridici
1227 1211 1264 1256 ac
1286 1190 1355 1257 Deo
1379 1191 1483 1257 dilecti

312 1307 483 1372 sacerdotis
511 1306 670 1374 Uodalrici
705 1307 826 1389 audiri,
856 1307 1006 1389 lectores,
1039 1307 1073 1370 iu
1101 1327 1233 1391 qnorum
1261 1307 1344 1372 lorte
1372 1327 1484 1372 manus

312 1421 465 1505 venerint,
489 1427 574 1507 peto,
597 1442 637 1489 ue
660 1423 840 1506 arrogantie
863 1428 919 1488 aut
940 1421 1112 1488 temeritati
1134 1422 1194 1488 hoo
1211 1421 1409 1503 asscribaut3
1432 1421 1484 1488 secl

312 1535 379 1603 Deo
402 1541 483 1604 teste
506 1539 622 1605 sciant:
646 1559 707 1622 me,
731 1538 800 1604 sols
819 1540 951 1604 caritate
973 1541 1116 1620 urgente,
1140 1537 1215 1603 dum
1230 1557 1340 1604 vocem
1363 1537 1483 1623 pectori

311 1671 426 1736 negare
450 1672 513 1718 nou
537 1675 681 1740 possum,
711 1655 750 1720 ob
772 1653 922 1720 noticiam
945 1661 1141 1739 posterorum
1166 1652 1224 1718 bec
1245 1653 1411 1720 humiliter
1432 1655 1482 1720 de

310 1787 466 1854 promere.
509 1769 605 1835 Cuius
639 1769 723 1836 euim
755 1771 803 1835 vel
836 1789 968 1835 emaum
1000 1775 1111 1854 pectus
1143 1769 1183 1834 ad
1211 1769 1483 1854 compunctionem

310 1903 375 1949 uon
398 1891 524 1950 moveat
546 1891 611 1950 tam
635 1884 916 1968 firmantimimum
940 1884 1032 1950 huius
1055 1885 1141 1950 beati
1163 1887 1264 1971 patris
1282 1885 1484 1968 desiderium,

312 2018 372 2084 quo
396 2019 505 2066 omues
528 1999 646 2069 Christi
675 1999 782 2066 fideles
805 2000 870 2066 acsi
894 2001 1001 2065 uutrir
1028 1998 1257 2067 officiosissima
1285 2002 1397 2067 fovere
1423 2021 1482 2067 nou

311 2115 423 2182 desiit?
457 2113 533 2193 Quis
556 2104 624 2183 sine
644 2117 783 2183 lacrimis
800 2116 1041 2182 admemoriam
1058 2117 1203 2182 reducat:
1227 2117 1387 2201 quomodo
1402 2123 1483 2183 tons

310 2231 397 2298 velut
427 2231 586 2317 seraphim
615 2233 654 2298 ad
682 2231 920 2318 propagandam
951 2232 1057 2297 dirius
1085 2233 1247 2298 servitutis
1269 2231 1482 2299 celebritatem

311 2346 456 2429 ardebat;
486 2349 641 2433 quomodo
664 2353 792 2432 cuncta,
823 2368 883 2432 qne
905 2351 1031 2434 poterat
1053 2348 1171 2413 mundo
1198 2347 1361 2435 abripere,
1386 2350 1482 2414 serris

310 2462 370 2529 Dei
399 2462 570 2530 festinabat
599 2464 725 2547 offerre3
756 2464 912 2549 quomodo
934 2463 1067 2546 gloriam
1091 2463 1210 2531 Christi
1237 2484 1302 2529 nou
1324 2464 1430 2531 solum
1450 2466 1482 2530 iu

310 2579 490 2645 Teutonicis
518 2580 698 2663 regionibus
728 2580 907 2665 permulta
930 2600 991 2665 que
1013 2581 1192 2646 construxit
1213 2580 1347 2646 cenobia
1375 2588 1409 2647 et
1429 2580 1482 2646 ho-

310 2694 439 2780 spitalia
460 2694 623 2778 dilatavit,
652 2696 826 2761 sedetiam
849 2696 881 2761 in
906 2696 1023 2761 exteris
1047 2702 1080 2762 et
1101 2696 1194 2779 louge
1216 2698 1348 2762 remotis
1371 2696 1482 2763 barbu-

309 2828 416 2877 rorum
445 2810 559 2877 finibus
590 2810 671 2876 miro
694 2812 875 2877 devocionis
902 2811 1028 2877 fervore
1049 2811 1206 2895 euangelii
1233 2812 1342 2879 tubam
1371 2812 1483 2879 cecinit

310 2931 342 2993 et
371 2927 531 3013 apostolus
554 2927 657 3010 gentis
685 2924 931 2992 Pomerauorum
958 2928 1076 2994 uostris
1103 2927 1299 3012 temporibus
1328 2928 1482 3014 appellari

309 3042 446 3109 meruit?
479 3042 569 3120 Quod
590 3045 708 3125 quanto
731 3042 779 3107 his
796 3039 907 3107 diebus
922 3047 1047 3108 mustat
1067 3042 1241 3127 insolitum,
1264 3063 1302 3110 eo
1325 3046 1431 3128 magis
1451 3044 1484 3109 in

310 3176 347 3225 eo
371 3156 624 3243 amplectendum
647 3161 750 3225 estet
773 3158 859 3223 omui
880 3155 975 3223 laude
997 3158 1174 3225 colendum.

398 3272 539 3339 Primum
564 3292 637 3356 ergo
662 3274 807 3356 antiquos
837 3277 943 3358 patres
971 3278 1112 3357 nostros,
1140 3274 1296 3358 aquibus
1321 3274 1414 3344 lucus
1435 3276 1487 3342 hic

310 3388 480 3456 inhabitari
504 3389 604 3475 cepit,
628 3389 806 3453 futurorum
829 3388 1004 3472 cognicioui
1027 3390 1219 3475 pandamus3
1243 3397 1275 3458 et
1296 3392 1345 3458 sic
1366 3393 1410 3460 cle
1431 3392 1486 3461 Ot-

311 3510 383 3570 tone
412 3510 538 3587 nostro,
579 3510 768 3589 cooperante
795 3504 900 3587 gratia
927 3503 1071 3590 Spiritus
1106 3508 1225 3591 sancti,
1257 3528 1484 3594 proponamus

223 3630 292 3686 1015
309 3619 422 3687 Aunob
445 3619 574 3685 Domini
593 3619 678 3686 1015
700 3640 792 3685 mous
815 3620 915 3685 sancti
930 3618 1093 3686 Michaelis
1108 3623 1193 3707 apud
1208 3622 1415 3691 Babeuberch
1439 3624 1485 3690 iu

309 3734 445 3802 habitari
468 3737 553 3821 cepit
575 3756 594 3800 a
616 3735 730 3801 domno
745 3734 867 3801 Ratoue
889 3733 1032 3820 abbate',
1054 3756 1149 3821 quem
1171 3744 1299 3805 sauctus
1315 3738 1486 3806 Heinrieus

309 3852 464 3918 sccundus
487 3852 675 3936 imperator,
704 3850 797 3915 huius
821 3850 974 3945 episcopii
997 3856 1210 3936 constructor,
1239 3860 1271 3920 et
1294 3856 1485 3922 venerabilis

379 4034 399 4066 a.
424 4020 494 4067 Omne
509 4042 533 4051 -
546 4019 662 4066 Uodrlrici
678 4019 754 4065 audiri
773 4017 853 4078 recepi
872 4032 901 4066 ea
916 4019 953 4075 Ε,·
974 4020 1000 4067 iu
1019 4019 1109 4068 cnm
1125 4020 1246 4082 leccator.-
1268 4022 1403 4084 Scriptum
1420 4028 1485 4083 gesta

308 4100 406 4159 piissimi
422 4098 512 4145 Ottouis
528 4100 600 4159 patris
615 4099 696 4155 nostri,
712 4099 810 4145 lectores
826 4105 869 4145 eet.
960 4099 983 4146 b.
1007 4099 1099 4149 Abhinc
1115 4100 1202 4163 lepitur
1216 4109 1288 4164 caput
1302 4102 1355 4160 hoe,
1371 4104 1484 4165 aeripu-

308 4192 381 4224 muuu
400 4192 461 4225 saec.
477 4178 513 4223 XI
518 4179 538 4223 V
550 4178 620 4225 etiam
639 4176 665 4223 ia
688 4176 737 4236 (N)
758 4177 808 4225 cod.
825 4177 866 4225 lat
877 4178 1016 4226 Monacenea'
1031 4180 1130 4237 ector,
1151 4180 1270 4242 mdes»
1284 4182 1484 4232 Naeuam

302 4254 350 4314 sot
366 4260 436 4303 5v-
444 4258 466 4303 8.

381 4353 405 4405 1.
425 4350 452 4407 S.
465 4350 590 4419 Gregorii
608 4352 640 4406 lu
658 4352 803 4422 euangelia
819 4353 877 4407 L.l
895 4351 1008 4409 bomilia
1019 4354 1081 4425 Vll,
1099 4370 1163 4426 opp.
1175 4356 1220 4411 ed.
1233 4357 1409 4415 Benedictiui
1425 4356 1479 4413 Τ.1

311 4438 389 4490 1461.
479 4441 505 4492 2.
524 4437 565 4494 cf.
579 4438 738 4495 Ekhehardi
756 4440 858 4511 chron,
877 4442 951 4497 llou.
963 4441 1056 4499 Germ.
1068 4441 1167 4500 SS.V1
1185 4444 1246 4501 194.
