3142 4850
184 508 253 562 1127

140 584 193 641 post
207 580 259 627 llal.
269 581 299 627 22

309 314 373 379 798
585 328 765 379 messorem
787 328 970 377 nrauoous.
1005 330 1071 377 um
1087 328 1127 375 m
1148 324 1203 377 au

309 491 384 575 quid
412 492 445 555 iu
475 490 534 557 boc
561 462 796 557 sacrosanctum
825 509 863 555 ac
891 508 1015 575 pagane
1039 488 1201 570 religionis
1224 487 1417 573 auspicium,
1445 486 1478 549 in

309 612 432 673 tantam
461 612 498 671 ut
524 625 684 691 uunquam
713 607 775 671 nisi
803 604 877 672 belli
904 604 1101 671 solummodo
1123 610 1266 689 tompore
1289 601 1398 668 alooo
1422 620 1479 667 sno

309 722 429 788 moveri
452 722 588 789 deberet
623 722 716 805 Nam,
739 728 775 786 ut
797 726 908 806 postea
929 719 1151 807 comperimus,
1173 720 1232 786 doo
1246 738 1304 784 suo
1318 717 1478 801 Geruvito,

309 839 365 923 qni
391 840 501 921 lingua
523 836 639 904 Latina
660 836 745 903 llam
775 836 906 920 dicitur,
934 841 1005 903 erat
1031 842 1247 918 consecratus,
1276 839 1309 900 ct
1336 833 1479 899 inomni

309 956 409 1039 prelio
433 956 566 1021 dotores
588 972 657 1019 sesa
680 952 738 1017 boc
760 953 869 1037 provio
890 952 1096 1020 confidebant
1131 952 1271 1019 Clericus
1290 956 1408 1032 autem,
1432 948 1480 1013 vir

309 1070 391 1135 acris
413 1069 542 1153 ingenii,
567 1068 640 1134 dum
664 1072 750 1134 melu
767 1067 878 1135 mortis
893 1068 927 1133 in
941 1067 1060 1153 templo
1075 1068 1137 1134 buc
1151 1067 1288 1152 illucque
1302 1064 1479 1148 diffugeret

308 1185 406 1251 telum
437 1184 564 1269 aliquod
594 1183 643 1250 vel
670 1184 837 1250 latibulum
867 1185 1045 1268 queritans,
1079 1184 1214 1270 clipeum
1244 1182 1416 1268 corripuit,
1450 1186 1481 1245 et

309 1306 434 1367 amento
463 1300 542 1367 collo
572 1300 703 1383 iniecto,
734 1299 865 1383 levaque
892 1298 970 1365 loris
1000 1300 1134 1382 inserta,
1163 1301 1197 1364 iu
1226 1298 1366 1365 medium
1389 1296 1480 1363 turbe

309 1416 442 1483 furantis
465 1436 484 1482 s
509 1416 605 1483 ianua
632 1414 778 1502 prosiliit
814 1414 934 1482 Rustici
957 1435 1031 1482 vero
1054 1414 1261 1501 prodigialem
1285 1418 1479 1479 armaturam

309 1533 466 1615 videntes,
489 1532 606 1618 partim
629 1532 663 1597 in
685 1532 794 1615 fugam
816 1532 971 1613 conversi,
995 1532 1111 1617 partim
1135 1531 1230 1597 stiam
1255 1530 1347 1615 quasi
1371 1528 1480 1595 uani-

308 1668 376 1714 mss
398 1648 474 1715 iacti
497 1647 669 1713 interram
693 1647 825 1728 caduut;
854 1645 909 1713 ille
930 1651 1048 1731 autom,
1071 1646 1211 1732 proiecto
1233 1644 1346 1730 clipeo,
1369 1662 1478 1709 versus

309 1762 484 1849 hospicium
508 1762 547 1829 ad
571 1763 672 1830 socios
694 1782 821 1829 currere
842 1763 936 1850 cepit,
960 1768 994 1829 et

557 1927 696 1943 .......
722 1876 855 1964 pedibus
877 1878 974 1945 timor
996 1876 1118 1944 addidit
1138 1878 1206 1944 alas
1216 1874 1232 1941 ¹.

309 1995 451 2078 Cumque
474 1994 625 2061 anhelans
648 1998 680 2059 et
703 1992 840 2080 pallidus
863 1994 903 2060 ad
925 2014 1000 2061 suos
1017 1996 1223 2079 pervenisset
1246 1992 1288 2059 de
1301 1976 1374 2080 ipsa
1389 1992 1480 2059 buius

310 2110 519 2197 trepidatione
542 2116 720 2192 eteorum,
748 2110 803 2194 qui
825 2109 1079 2193 musitassent,
1102 2109 1251 2175 triduana
1272 2108 1482 2175 occultatione

310 2225 395 2312 apud
418 2244 536 2309 omnes,
560 2226 709 2311 precipue
726 2246 802 2293 vero
817 2226 902 2311 apud
916 2226 1099 2311 episcopum
1115 2232 1149 2291 et
1161 2225 1284 2309 ducem,
1306 2231 1378 2291 tota
1391 2231 1481 2291 nocte

309 2340 365 2408 illa
386 2340 521 2408 iocunda
543 2348 612 2407 erat
633 2341 784 2407 narratio.
819 2341 942 2407 ldonuit
963 2346 1071 2409 tamen
1093 2342 1165 2428 pius
1188 2346 1280 2429 pater
1301 2338 1386 2407 lilios
1409 2361 1482 2407 suos

310 2463 342 2524 et
364 2457 545 2545 discipulos,
569 2464 699 2545 proptor
721 2457 854 2524 iusidias
876 2457 1004 2524 latentis
1019 2458 1139 2524 inimici
1155 2463 1192 2523 ut
1204 2477 1240 2524 se
1253 2457 1482 2544 circumspecto

309 2580 449 2658 agaim,
484 2574 560 2640 Tam
585 2574 640 2640 diu
663 2593 736 2658 ergo
759 2574 878 2640 mansit
899 2575 933 2640 in
954 2573 1023 2640 loco
1046 2573 1102 2640 illo
1117 2574 1284 2658 disputans
1298 2573 1483 2640 etsuadeus

310 2690 349 2756 da
371 2710 468 2773 regno
491 2689 562 2774 Dei,
587 2709 748 2775 quousque
770 2691 873 2756 omnis
896 2690 1042 2776 populus,
1064 2689 1139 2756 lidei
1162 2694 1362 2755 sacramenta
1383 2690 1483 2756 susci·

310 2807 416 2892 piens,
444 2806 521 2872 fana
548 2826 607 2873 sua
629 2807 807 2873 destrueret
828 2811 861 2873 et
883 2805 1013 2872 ecclesio
1034 2807 1249 2872 smduarium
1271 2824 1345 2871 cum
1369 2805 1483 2872 altorio

309 2928 504 3009 prepararet
545 2921 634 3000 Quod
658 2921 824 3009 episcopus
846 2941 1050 3006 consecrans,
1077 2920 1248 2987 Iohannem
1271 2921 1484 3008 presbiterum

310 3037 355 3104 eis
379 3037 537 3104 ordinavit
559 3044 600 3123 et,
623 3043 660 3104 ut
681 3037 834 3122 reliquam
857 3036 986 3105 basilica
1000 3036 1154 3104 fabricam
1169 3045 1243 3123 post
1256 3057 1349 3103 snum
1364 3037 1484 3103 disces·

310 3172 378 3220 snm
402 3159 633 3240 promoverent,
657 3153 841 3220 ammonuit

399 3269 429 3333 7.
454 3268 546 3354 Dein,
570 3270 656 3335 omni
679 3269 796 3355 populo
812 3269 1001 3335 valefaciens
1024 3273 1057 3334 ot
1077 3268 1112 3333 in
1134 3268 1236 3334 multa
1258 3269 1392 3336 cantato
1415 3289 1486 3336 om·

310 3384 466 3471 nipotenti
488 3383 556 3450 Deo
586 3384 658 3451 illos
687 3385 904 3469 committens,
932 3383 973 3449 ad
995 3382 1210 3467 Gozgaugiam
1239 3385 1300 3452 iter
1322 3383 1483 3452 divertit'.

281 3497 346 3596 'In
379 3499 439 3566 hac
467 3500 622 3584 siquidem
651 3501 779 3568 civitate
807 3501 888 3567 mire
915 3499 1141 3584 magnitudinis
1171 3519 1209 3566 ac
1237 3499 1484 3585 pulchritudinis

310 3614 464 3702 templum
490 3615 566 3698 fnit3
595 3615 651 3683 sed
680 3617 847 3702 episcopus
875 3635 947 3682 cum
975 3615 1016 3681 de
1042 3613 1106 3681 lide
1126 3615 1298 3682 christiane
1319 3616 1486 3699 telimouis
1566 3613 1569 3632 ¹

310 3752 364 3798 eos
393 3751 451 3818 per
478 3733 683 3818 interpretem
714 3731 928 3818 alloqueretur
949 3767 991 3777 -
1021 3751 1095 3798 nam
1119 3731 1184 3798 dux
1207 3733 1248 3799 ad
1270 3752 1329 3798 sua
1352 3734 1487 3817 negucia

310 3847 374 3914 iam
404 3847 442 3914 ab
471 3867 508 3914 oo
531 3847 720 3915 discesserat
742 3883 784 3893 —
807 3846 856 3913 illi
880 3847 920 3912 ad
943 3847 1051 3914 omnia
1072 3868 1108 3914 se
1136 3853 1264 3934 paratos
1286 3848 1486 3932 maerebant

310 3963 337 4028 si
356 3962 450 4029 modo
465 3963 573 4029 fanum
589 3983 698 4030 eorum
713 3963 869 4030 intactum
884 3981 1048 4030 remanere
1063 3963 1232 4049 potuissot3
1256 3965 1382 4048 magnis
1397 3966 1487 4031 enim

310 4077 488 4165 sumptibus
518 4098 619 4166 nuper
647 4084 843 4146 exstructum
864 4079 984 4160 fuerat3
1012 4078 1210 4164 multumque
1231 4079 1265 4144 in
1287 4079 1344 4145 illo
1366 4079 1488 4163 gloria-

310 4193 440 4278 bantur,
471 4213 507 4260 eo
538 4194 621 4279 quod
643 4193 804 4261 videretur
831 4213 979 4278 magnum
1007 4195 1109 4261 tocius
1131 4193 1268 4261 civitatis
1296 4215 1367 4262 esse
1388 4215 1489 4263 orna-
1568 4210 1569 4223 ¹

309 4314 461 4374 mentum.
496 4309 708 4396 Temptabant
728 4310 823 4377 etiam
839 4309 969 4395 occulte,
992 4311 1199 4377 immittentes
1215 4311 1379 4395 quosdam
1406 4331 1488 4397 pon-

383 4440 407 4492 l.
426 4438 503 4507 Virg.
516 4439 586 4494 Aen.
597 4440 662 4497 Vlll
681 4441 742 4496 224.
956 4443 982 4496 2.
1008 4437 1050 4496 ol.
1068 4439 1130 4496 Ebo
1147 4440 1188 4496 111
1205 4442 1232 4496 9.
