3142 4850
318 280 322 285 ’
390 308 963 361 nnnaoau1u1rnouns.urs.1ss
1039 368 1042 374 ,
1198 292 1263 358 737

94 486 147 532 suo
176 486 271 552 snper
298 466 394 533 limen
423 468 541 553 posito:
572 469 625 533 un
653 468 700 535 ait
726 483 836 535 coacta
865 470 992 551 Morio,
1022 471 1151 535 dominc
1181 493 1261 551 meo,
1283 484 1352 539 1150

7 600 12 608 ·
90 596 227 669 patrono
249 606 328 663 meo,
351 596 451 650 mater
473 586 596 648 domini
617 588 679 649 mci
701 583 770 651 lecu
794 584 919 665 Christi,
944 589 1056 671 opoaei
1078 588 1148 667 mci,
1172 586 1262 651 solva

92 702 196 784 pratia
218 712 247 763 et
273 721 352 785 poce
374 712 446 779 tau,
476 711 504 763 tc
526 702 619 780 dccc,
650 713 678 765 tc
701 704 883 780 comitante,
914 702 1025 765 limina
1048 714 1103 767 tero
1126 714 1260 783 monaco,

93 828 120 879 te
140 817 311 881 adiuvante
333 828 362 880 et
381 828 560 901 protoycotc
583 818 643 881 cito
661 838 843 893 moeream
866 819 924 882 riti
938 819 1117 883 commendo
1135 840 1262 883 oausam

92 953 201 1011 mom,
226 934 314 1016 oirqo
337 933 505 1016 vispinum.
541 932 584 997 Et
606 945 651 1013 tu,
676 934 761 998 beate
786 933 890 1011 Bluai,
915 936 1028 997 martir
1050 932 1176 1014 Cluati,
1197 957 1260 1019 po-

92 1060 178 1111 troae
200 1047 479 1126 admontensium,
509 1050 634 1111 dominc
656 1073 694 1113 ac
716 1050 895 1113 dominator
918 1048 981 1113 loci
1002 1049 1110 1130 laius,
1136 1053 1193 1136 qui
1213 1072 1262 1113 mc

92 1176 261 1247 aparciate
282 1186 349 1228 mco
373 1166 431 1229 riti
451 1165 699 1229 commendatum
720 1165 832 1228 diuina
855 1166 1053 1229 ordinatione
1075 1167 1110 1229 in
1132 1166 1187 1230 lrec
1207 1178 1261 1230 tua

91 1290 168 1343 tecta
188 1282 354 1365 aaacepiatc'
372 1281 584 1365 pcrcprc'oom,
612 1282 748 1361 obacero,
771 1302 812 1345 ne
833 1302 881 1343 me
903 1281 1110 1366 derclinquas.
1203 1278 1260 1344 His

90 1391 181 1461 dictis
203 1392 321 1461 flebant
335 1394 483 1479 virgines,
507 1394 624 1461 flebant
646 1393 844 1461 monachici
865 1394 995 1475 tratrem
1020 1394 1179 1478 egreditur
1195 1393 1260 1478 illa,

90 1510 231 1576 modesto
254 1530 291 1575 ac
313 1510 398 1577 leuto
421 1511 522 1595 gradu
544 1511 577 1575 iu
602 1510 738 1576 medium
762 1508 904 1575 tendens.
942 1508 1075 1577 Stabant
1096 1510 1192 1595 legati
1213 1511 1260 1575 in·

89 1624 236 1707 mobiles,
265 1632 369 1692 restes
398 1631 520 1693 tautum
545 1645 582 1693 ac
609 1625 784 1712 purpuram
815 1644 1018 1710 gemmasque
1046 1625 1204 1713 preciosas
1226 1627 1260 1691 in

89 1740 185 1806 seculi
219 1740 336 1807 cultum
374 1743 401 1807 ci
432 1741 544 1808 allatas
573 1739 739 1807 offerentes
767 1762 804 1807 ac
833 1740 1054 1827 protendentes
1084 1741 1124 1807 ad
1153 1741 1261 1823 regine

88 1856 210 1923 ammos
238 1856 451 1942 pelliciendos.
495 1857 612 1925 Omnes
634 1857 733 1939 igitur
754 1857 809 1942 qui
834 1858 965 1924 aderam
987 1857 1099 1923 inmoti
1123 1857 1259 1941 stabant,

88 1972 178 2038 avide
202 1976 379 2057 spectantes
402 1974 650 2059 deportantes,
679 1972 754 2056 quid
777 1978 861 2040 esset
882 1972 1021 2057 factura,
1044 1972 1130 2039 nullo
1153 1973 1182 2039 ei
1206 1978 1261 2039 aut

87 2086 159 2153 hinc
188 2092 244 2153 aut
271 2088 346 2184 iude
374 2089 615 2176 propinquante.
650 2088 745 2155 Sacro
769 2093 874 2156 numm
897 2088 1035 2172 virgines
1059 2088 1187 2155 stabant
1209 2108 1260 2155 ar·

16 2222 25 2227 ·
86 2202 270 2269 deotissime
292 2203 403 2272 flentes
426 2209 458 2271 et
480 2210 624 2288 orantes,
648 2204 816 2271 admodum
842 2204 951 2288 verite,
974 2225 1015 2271 ue
1037 2204 1148 2290 quavis
1172 2222 1260 2271 occa·

85 2317 173 2385 sione
203 2324 327 2385 tautum
350 2320 445 2387 decus
468 2320 627 2387 societatis
651 2320 841 2387 amitterent.
934 2320 1059 2405 ltaque,
1087 2321 1142 2388 ubi
1165 2320 1259 2387 liber·
1357 2342 1361 2347 ·

84 2439 183 2502 tatem
220 2441 253 2502 ct
286 2436 513 2503 absolutionem
549 2457 638 2503 suam
673 2439 706 2502 iu
741 2437 845 2502 medio
874 2438 979 2523 posita
1008 2437 1085 2502 satis
1115 2436 1259 2502 omuibus

84 2551 276 2636 ostenderat,
304 2552 344 2618 ad
367 2553 499 2619 nuncios
522 2572 683 2634 conversa,
707 2552 795 2635 regia
816 2552 906 2634 virgo
929 2551 1069 2618 modeste
1092 2551 1259 2635 inclinans,

83 2666 230 2734 valefecit
259 2668 315 2734 eis.
356 2667 439 2734 Dein
461 2669 514 2734 via
541 2687 604 2752 qua
630 2673 761 2733 venerat
789 2667 828 2732 ad
852 2686 974 2733 sorores
1003 2665 1144 2749 rediens,
1175 2666 1260 2732 clara

83 2801 176 2866 voce,
205 2781 337 2849 multam
364 2784 626 2869 conpunctionem
650 2781 795 2848 omnibus
819 2783 977 2864 excitans,
1007 2785 1136 2847 cantare
1158 2782 1257 2869 cepit:

82 2897 231 2984 Repoum
252 2902 365 2964 mandi
387 2913 415 2965 et
437 2923 559 2966 monem
582 2912 728 2965 orricium
750 2900 848 2964 ccccli
870 2901 1041 2984 contempsi
1048 2892 1055 2924 ¹
1062 2923 1072 2974 ‚·
1096 2897 1257 2964 succinen-

81 3013 167 3078 tibus
191 3014 305 3079 ceteris
322 3014 508 3099 virginibus,
533 3035 593 3099 que
609 3013 696 3081 illam
712 3015 746 3079 in
761 3013 872 3080 limine
888 3017 1008 3080 stantes
1024 3011 1257 3099 operiebantur,

81 3128 318 3196 succidentibus
346 3135 378 3196 ct
405 3130 568 3197 monachis
598 3136 630 3196 et
653 3129 915 3216 prosequentibus
939 3149 1008 3195 eam
1032 3129 1064 3194 in
1088 3127 1202 3212 gaudio
1227 3134 1258 3194 et

79 3241 222 3310 lacrimis
247 3265 344 3329 usque
367 3245 407 3311 ad
430 3247 594 3312 introitum
610 3246 713 3312 ianne.
749 3245 860 3311 Omnis
877 3265 1000 3330 quoque
1014 3243 1150 3330 populus
1167 3263 1257 3312 voces

79 3364 112 3426 et
133 3359 247 3426 laudes
270 3359 358 3427 dedit
379 3361 413 3427 iu
436 3361 606 3444 excelsum,
630 3360 750 3444 gratias
773 3380 870 3444 agorn
886 3360 964 3444 Deo,
989 3359 1072 3446 quod
1089 3360 1177 3443 virgo
1200 3379 1257 3425 no-

79 3474 153 3541 bilis
177 3480 212 3542 et
233 3481 344 3543 tenera
360 3482 425 3542 tam
442 3477 527 3543 virili
542 3483 648 3544 mente
664 3477 762 3544 seculi
778 3477 908 3550 delicias
924 3475 1098 3544 abiecisset
1169 3474 1256 3540 Nun·

78 3591 119 3658 cii
143 3610 271 3676 quoque
293 3613 357 3658 nou
379 3593 484 3659 minus
507 3591 579 3659 aliis
601 3593 773 3659 Dominum
800 3590 1059 3676 magnificabant3
1089 3591 1257 3676 omniaque
1358 3671 1359 3676 Ἰ

78 3712 270 3774 ornamenta
291 3728 347 3774 seu
362 3712 476 3791 vestes,
500 3728 579 3794 quas
602 3709 643 3774 ad
665 3729 757 3774 usum
781 3707 879 3775 seculi
898 3707 928 3773 ei
950 3711 1165 3794 portaverant,
1189 3725 1256 3771 mo·

77 3823 222 3890 uastatio
249 3823 430 3906 conferunt3
462 3831 494 3891 et
521 3825 628 3908 regine
657 3823 890 3918 valefacientes
907 3821 1036 3906 eiusque
1059 3821 1254 3888 orationibus

77 3959 111 4005 se
134 3939 410 4022 commendantes,
437 3939 470 4006 iu
493 3959 571 4025 pace
594 3947 626 4006 et
648 3939 764 4023 gaudio
788 3939 828 4006 ad
851 3937 1012 4005 domiuum
1036 3956 1128 4002 snum
1151 3956 1255 4003 rever·

76 4059 206 4136 tuntnr3
231 4058 267 4119 ut
281 4062 370 4139 gesta
385 4060 486 4139 eraut,
510 4055 617 4121 omnia
630 4055 811 4123 referentes.
844 4052 1008 4137 Mitigatus
1024 4058 1073 4119 est
1087 4072 1153 4136 rex,
1170 4050 1255 4118 ultra

75 4169 228 4237 desinens
251 4190 271 4235 a
292 4170 455 4257 proposito
478 4191 535 4236 suo
557 4191 706 4238 revocare
728 4170 826 4237 illam.
918 4167 985 4235 Hec
1007 4168 1046 4234 de
1070 4168 1159 4233 initio
1181 4186 1255 4234 con·

149 4331 175 4382 1.
201 4327 246 4381 Da
263 4326 315 4382 hoo
333 4328 506 4398 responsorio
524 4345 550 4382 v.
570 4326 729 4383 Pontificale
746 4328 915 4396 Romanum
937 4325 995 4396 „De
1013 4323 1204 4380 bencdictione
1226 4327 1254 4376 st

75 4415 287 4474 consecratione
304 4415 468 4486 virginum.

118 4511 203 4564 Jsrn'.
219 4514 363 4559 Bibliotheca
373 4516 401 4557 V.
1006 4501 1040 4558 47
