3142 4850
388 294 567 341 suasorius
591 292 773 341 muscosus.
807 294 872 341 are.
890 294 928 341 111
953 291 986 343 ro
1209 277 1275 343 803

192 453 243 516 10.
272 449 416 518 Ecclesia
429 452 526 536 igitur
542 451 726 539 proficiebat
740 460 773 519 et
787 452 948 519 crescebat
964 458 1006 537 et,
1024 451 1098 519 lieet
1114 452 1275 520 invidente
1293 466 1363 521 1127

97 564 235 650 diabolo,
260 567 423 633 ambulans
447 568 480 633 in
503 569 615 635 timore
639 567 777 652 Domini,
805 567 927 654 Spiritu
949 574 1059 635 sancto
1083 567 1272 654 replebatur.

99 680 162 748 Sed
185 681 285 749 bostis
309 683 468 769 antiquus,
493 684 631 771 dampna
653 705 710 751 sua
733 684 932 767 conferens,
957 704 1054 770 opera
1068 682 1129 751 Dei
1145 684 1273 751 turbare

97 796 248 882 molitus,
283 798 397 865 validis
432 800 605 867 terroribus
640 802 820 867 universam
855 801 1051 887 provinciam
1084 801 1242 868 concussit
1252 798 1272 864 ¹.

98 913 181 979 Nam
204 912 370 981 Bolezlaus
393 914 457 981 dux
480 915 683 983 Polouiorum
707 916 945 1001 invictissimus,
969 917 1002 983 in
1025 916 1126 983 multa
1147 916 1273 983 tortitu-

98 1029 173 1096 dine
196 1036 229 1097 st
250 1030 377 1116 copioso
400 1030 535 1098 militurn
560 1038 716 1119 apparatu
740 1032 779 1099 de
802 1039 887 1099 terra
910 1052 969 1098 sua
992 1032 1130 1115 veniens,
1153 1031 1272 1099 iamin

97 1145 177 1231 ipsis
208 1145 351 1212 terminis
383 1144 568 1215 Pomeranie
598 1155 702 1215 castra
730 1154 866 1215 metatus
894 1147 1069 1230 ferebatur,
1103 1148 1138 1214 in
1166 1147 1273 1214 furore

96 1261 187 1344 gravi
221 1266 339 1329 terram
374 1263 477 1349 ipsam
512 1265 718 1348 ingressurus.
766 1263 922 1331 Audierat
952 1264 1051 1330 euim:
1088 1263 1170 1349 qued
1200 1268 1273 1351 post

97 1377 238 1462 priorem
260 1378 346 1444 beati
361 1378 485 1446 Ottonis
510 1380 755 1466 predicationem
778 1401 838 1449 nec
860 1382 945 1469 pacti
961 1400 1067 1447 secum
1082 1379 1198 1447 federis
1215 1398 1273 1446 uec

98 1498 244 1580 suscepte
274 1494 434 1579 religionis
463 1496 533 1563 iura
562 1518 688 1564 servare
717 1502 873 1565 curarent.
920 1496 1053 1582 Insuper
1076 1501 1272 1582 compertum

97 1608 248 1676 habebat:
277 1610 360 1696 quod
382 1612 542 1696 divitates,
567 1635 628 1699 que
650 1614 773 1701 pridem
798 1633 947 1680 souuerse
969 1613 1104 1696 fuerant,
1128 1632 1200 1678 cum
1223 1611 1272 1678 his

98 1745 159 1810 qus
183 1746 332 1793 converse
355 1727 493 1793 nondum
517 1728 657 1813 fuerant,
682 1730 808 1797 remissi
830 1728 941 1797 tributi
964 1729 1088 1795 veniam
1112 1728 1273 1814 aspernati

96 1842 209 1926 suique
231 1842 415 1909 mediatoris
438 1843 539 1928 obliti,
564 1845 682 1912 viribus
706 1846 772 1912 suis
795 1867 831 1912 se
851 1845 1000 1932 deinceps
1015 1849 1100 1911 tutos
1115 1844 1183 1910 lore
1198 1864 1273 1911 con·

95 1954 245 2040 fiderent;
270 1959 498 2027 munitionibus
522 1966 554 2028 et
575 1962 699 2045 castris,
723 1981 783 2046 quc
807 1960 919 2028 bellica
941 1961 973 2026 si
998 1959 1189 2046 conplanato
1205 1960 1272 2028 iue-

96 2078 182 2158 rant,
198 2094 238 2141 ex
254 2094 370 2159 magna
384 2082 474 2162 parte
490 2075 549 2144 hoo
564 2077 730 2145 intervallo
746 2078 912 2163 reparatis.
943 2076 1033 2143 Unde
1048 2076 1139 2162 quasi
1153 2077 1271 2143 iustam

96 2190 340 2258 commotionem
363 2191 493 2277 habens,
517 2193 580 2259 dux
604 2194 718 2261 iterum
743 2214 797 2261 eos
816 2198 978 2262 conterere
993 2191 1141 2260 seuiebat
1155 2211 1272 2277 sueque

97 2304 214 2373 dicioni
236 2306 414 2390 subiugare.
506 2308 595 2386 Quod
611 2309 658 2375 illi
674 2310 848 2394 audientes,
872 2310 1041 2395 missisque
1055 2309 1163 2396 sepius
1178 2314 1272 2393 atque

96 2421 239 2489 remissis
263 2421 525 2510 exploratoribus,
549 2427 723 2494 exercitum
745 2427 810 2494 iam
828 2422 860 2493 in
878 2427 1022 2512 proximo
1038 2430 1271 2510 cognoscentes,

96 2537 232 2605 multum
256 2539 371 2625 ubique
394 2541 554 2628 trepidare
570 2548 737 2628 ceperunt;
761 2543 941 2629 partimque
955 2541 1063 2625 fugere
1079 2560 1117 2608 ac
1131 2562 1182 2607 ιιι
1198 2559 1272 2606 suas

96 2654 138 2720 ad
161 2654 230 2722 loca
253 2655 375 2722 munita
398 2656 528 2742 deferre,
553 2659 668 2744 partim
694 2658 790 2724 etiam
807 2678 898 2724 arma
911 2663 1022 2724 contra
1037 2677 1163 2723 movere
1177 2655 1272 2723 tinas·

97 2789 159 2854 que
187 2791 260 2838 suos
290 2771 457 2840 defendere
487 2774 730 2841 meditabantur.
776 2773 812 2839 ln
835 2775 905 2859 ipso
928 2777 1036 2839 tamur
1058 2772 1208 2855 articulo,
1236 2778 1273 2838 ut

96 2890 175 2971 puto
199 2906 217 2952 a
240 2885 308 2954 Deo
332 2887 497 2973 inspirati,
527 2911 651 2973 omnes,
684 2890 773 2974 quasi
798 2909 871 2956 oves
896 2887 936 2954 ad
958 2893 1134 2974 pastorem,
1162 2889 1208 2954 sic
1231 2888 1271 2954 ad

96 3001 281 3088 episcopum
305 3003 530 3089 confugientes,
558 3007 632 3092 quid
656 3007 738 3072 facto
763 3026 842 3092 opus
866 3011 950 3071 esset
972 3003 1137 3071 consilium
1161 3024 1272 3088 quere-

96 3117 184 3184 bant.
227 3119 271 3184 At
293 3117 362 3202 ille,
391 3119 519 3204 pietatis
545 3121 716 3188 visceribus
740 3119 889 3204 affluens,
917 3119 1081 3188 eeclesiam
1105 3119 1216 3186 rudem
1239 3125 1273 3188 et

95 3233 280 3318 neophitam
303 3233 415 3301 bellico
440 3234 576 3302 tumultu
600 3237 708 3304 vexari
731 3237 943 3324 perniciosum
968 3237 1080 3320 sciens,
1105 3235 1144 3303 de
1163 3235 1273 3302 divina

97 3349 315 3417 misericordis
343 3351 438 3418 simul
467 3351 563 3419 etism
587 3353 626 3420 de
647 3351 788 3419 Bolealai
811 3352 918 3419 ducis·
942 3352 1082 3420 amimtia
1104 3371 1167 3418 nou
1190 3370 1271 3418 vane

95 3485 293 3552 presumens,
317 3465 435 3533 bellum
458 3467 552 3533 simul
576 3471 756 3534 etecusam
782 3466 867 3552 belli,
890 3469 918 3534 si
938 3467 1032 3534 modo
1047 3466 1188 3534 consiliis
1203 3467 1271 3533 eius

95 3601 210 3668 parere
233 3580 341 3665 velint,
366 3582 537 3650 dissolvere
559 3581 735 3669 pollicetur.
775 3582 844 3661 Quo
867 3583 973 3650 audito
997 3583 1044 3650 illi
1068 3619 1109 3628 -
1133 3583 1270 3668 pruden-

94 3699 176 3764 tiam
199 3702 231 3765 et
253 3699 453 3766 sanctitatem
476 3698 613 3767 doctoris
629 3699 679 3765 sui
694 3698 891 3766 attendentes
907 3718 965 3766 nec
980 3699 1109 3766 sinistre
1123 3717 1271 3764 casurum

94 3813 243 3882 arbitrati
270 3815 453 3897 negocium,
482 3814 565 3900 quod
594 3813 647 3880 ille
670 3813 703 3880 in
727 3814 841 3880 timore
863 3813 993 3880 Domini
1014 3813 1205 3899 suscepisset
1226 3847 1268 3858 -—

94 3931 256 3998 communi
286 3929 411 3997 decreto
439 3933 539 3996 seruet
567 3929 654 4015 ipsos
683 3934 715 3996 et
743 3929 850 3995 omnia
879 3949 937 3995 sua
964 3927 1095 3996 consilia
1123 3928 1190 3994 eius
1218 3946 1269 3994 su·

93 4045 216 4133 pientio
239 4046 461 4112 coumiserunt
552 4043 735 4130 Assumptis
758 4043 856 4127 igitur
877 4043 1010 4126 clericis,
1034 4046 1124 4128 pater
1139 4061 1269 4109 venera·

95 4159 186 4244 bilis,
217 4161 357 4226 sarcinas
388 4159 513 4243 quidem
541 4163 573 4224 et
596 4177 720 4224 omnem
743 4157 971 4245 supellectilem
993 4175 1084 4223 suam
1105 4157 1151 4224 ibi
1173 4155 1269 4222 reliu-

95 4294 207 4360 quens,
230 4273 356 4342 obviam
379 4294 413 4341 se
434 4279 527 4360 parat
541 4273 708 4354 exercitui3
719 4273 849 4340 ,iunctis
864 4273 925 4340 sibi
941 4273 1017 4339 viris
1032 4269 1269 4339 honorabilibus

170 4413 517 4475 amraN,·rsccpiecBR.
798 4399 1064 4460 bomolini.

996 4498 1055 4554 51*
