3142 4850
295 304 340 370 50
664 321 831 370 unanarcr
852 321 979 368 oonnx.
1014 319 1058 369 aa.
1071 318 1105 368 aa

187 493 278 549 1063?
293 479 422 562 ligiosos
453 478 596 564 clericos,
627 479 722 546 simul
745 480 937 546 manducent
958 483 990 545 et
1013 479 1173 544 dormiant
1193 482 1235 560 et,
1260 476 1409 561 quicquid
1425 477 1471 542 eie

295 595 335 660 ab
364 595 503 662 ecclesiis
532 596 699 682 competit,
731 595 941 660 communiter
968 594 1115 660 habeant
1154 592 1199 658 Et
1224 596 1374 675 rogantes
1400 610 1473 656 mo·

294 731 416 795 nemus,
439 717 475 776 ut
497 711 538 777 ad
566 711 772 796 apostolicam
801 711 973 776 secundum
1001 709 1253 775 communionem
1275 707 1375 772 vitam
1397 727 1473 792 pcr-

294 827 403 893 renire
431 827 592 909 studeant,
623 827 770 911 quatinus
800 826 1024 913 perfectionem
1052 845 1124 890 cum
1151 823 1201 889 his
1223 823 1388 907 consequi,
1416 821 1474 906 qui

294 942 466 1009 centesimo
480 943 586 1008 fructu
602 942 753 1025 ditantur,
770 948 803 1009 et
816 943 854 1008 in.
867 940 995 1008 caelesti
1009 941 1115 1027 patria
1129 945 1312 1006 mereantur
1325 937 1471 1004 asscribi.

384 1054 524 1124 Deinde¹
547 1063 579 1124 et
600 1059 761 1144 primitiae
784 1077 840 1124 seu
863 1057 1037 1124 oblationes
1052 1057 1198 1123 rivorum
1219 1060 1252 1120 et
1273 1059 1473 1120 mortuorum

295 1173 435 1240 aeclesiis
464 1172 526 1239 Dei
547 1172 682 1240 fideliter
704 1174 879 1240 reddantur
902 1194 923 1238 a
942 1172 1044 1257 laicis,
1066 1178 1102 1238 ut
1124 1173 1159 1237 in
1173 1171 1382 1258 dispositione
1404 1168 1473 1255 epi·

296 1307 463 1375 scaporum
486 1290 558 1355 sint.
593 1289 654 1367 Qui
681 1309 735 1356 aas
759 1290 976 1373 retinuerint·,
1005 1310 1025 1354 a
1051 1294 1179 1354 amotae
1208 1287 1360 1355 aminnias
1386 1303 1474 1351 com-

296 1405 445 1472 munione
468 1409 663 1491 separentur.
934 1405 937 1409 ’

384 1519 427 1586 Et
455 1541 512 1606 per
533 1517 649 1586 laicos*
678 1519 764 1585 nullo
793 1521 886 1586 modo
914 1519 1046 1605 quilibet
1068 1519 1202 1585 clericus
1231 1523 1288 1584 aut
1314 1516 1475 1605 presbiter

298 1635 439 1702 obtineat
462 1635 636 1719 ecclesiam,
660 1655 718 1702 nec
740 1636 839 1719 gratie
861 1655 921 1701 nec
942 1634 1058 1720 precio.

387 1751 453 1816 Nec
475 1749 589 1836 aliquis
611 1747 784 1836 presbiter³
809 1750 886 1815 duas
909 1751 1057 1817 ecclesias
1080 1749 1230 1816 obtineat.

386 1865 429 1932 Ut
456 1887 514 1953 per
542 1865 922 1952 symoniacamheresim
954 1885 1047 1932 nemo
1074 1865 1239 1931 ordinetur
1267 1862 1319 1930 rel
1346 1881 1476 1948 promo·

296 1987 407 2047 reatur
443 1983 482 2046 ad
519 1981 680 2067 quodlibet
713 1980 850 2050 officinm
885 1980 1146 2062 ecclesiasticum
1185 2000 1225 2046 ne
1258 1979 1298 2046 de
1331 1977 1475 2045 ecclesiia

298 2096 438 2162 eiciatur.

386 2211 447 2277 Etb
476 2217 512 2278 ut
539 2208 663 2277 nullus‘
690 2210 899 2278 monachilem
927 2210 1069 2276 habitum
1100 2211 1267 2297 suscipiat,
1300 2229 1390 2295 spem
1421 2213 1480 2274 aut

298 2327 540 2413 promissionem
563 2326 682 2393 habens
704 2332 741 2393 ut
763 2327 860 2392 abbas
882 2325 947 2391 fiat.
1416 2317 1421 2325 ’

387 2442 430 2509 Ut
444 2443 549 2510 nullus
564 2442 664 2509 laicus
681 2442 721 2508 ad
737 2441 908 2526 quemlibet
923 2441 1056 2525 gradum
1075 2441 1321 2508 ecclesiasticum
1342 2444 1479 2525 repente

298 2565 531 2646 promoveatur,
556 2558 618 2624 nisi
641 2564 714 2643 post
728 2562 887 2622 mutatum
900 2556 1044 2624 habitum
1059 2557 1232 2624 secularem
1254 2555 1379 2622 diutina
1399 2574 1478 2621 con·

284 2674 477 2741 'versatione
499 2676 584 2740 inter
606 2672 735 2739 clemona
758 2673 856 2739 fuerit
876 2672 1109 2758 comprobatus.

388 2790 451 2856 Vos
480 2810 554 2873 ergo
583 2789 660 2855 haec
688 2794 720 2854 et
748 2787 812 2855 alia
839 2792 1020 2853 sanctorum
1046 2794 1176 2873 patrum
1197 2792 1317 2853 statuta
1338 2784 1480 2852 fideliter

300 2906 472 2973 christiana
481 2906 658 2972 reverentia
669 2904 844 2986 observate,
858 2904 886 2968 si
896 2903 992 2968 vultis
1005 2901 1479 2969 sanctaellomanaeecclesiae‘

299 3026 332 3087 st
353 3020 545 3107 apostolieae
568 3020 652 3085 sedis
675 3038 753 3105 pace
777 3024 810 3085 et
830 3018 1050 3084 communione
1074 3024 1168 3103 atque
1194 3018 1415 3085 benedictione
1444 3022 1482 3083 et

299 3136 496 3203 absolutione
519 3134 666 3217 gaudere.

302 3346 364 3418 25.
387 3347 571 3412 Frdderdcus
600 3346 746 3411 ecclesiae
774 3346 1002 3430 Bomberpcaaa'
1030 3347 1170 3430 praedia
1199 3359 1228 3412 et
1254 3347 1480 3413 minemo«

389 3460 499 3547 lopas.
1340 3458 1380 3541 (E
1399 3461 1482 3544 113)

132 3614 285 3669 1057-1064
388 3592 505 3660 Notum
535 3594 578 3659 sit
606 3593 750 3659 omnihus
780 3591 899 3658 Christi
932 3592 1079 3659 fidelihus
1107 3598 1174 3658 tam
1208 3594 1344 3677 posteris
1379 3614 1484 3678 quam

371 3740 392 3773 a.
415 3727 547 3773 rennuerint
560 3726 583 3781 V,
600 3724 642 3771 abi
656 3724 708 3772 olio
717 3738 802 3770 manse
818 3723 924 3771 addam
939 3724 1108 3784 aspmacmprit
1121 3724 1230 3781 raddera3
1248 3726 1382 3772 rennuerint
1392 3726 1427 3781 23
1444 3741 1483 3773 re·

301 3806 410 3854 timuerint
426 3806 455 3852 Β.
517 3806 540 3851 h.
564 3808 591 3850 ut
605 3804 680 3851 nullus
695 3828 717 3836 -
735 3803 806 3849 abbas
822 3804 862 3849 hat
877 3819 920 3851 om.
931 3805 960 3851 Β.
1022 3819 1042 3851 c.
1067 3804 1178 3851 ecclesiae
1195 3808 1219 3851 et
1234 3820 1277 3851 ora.
1288 3806 1318 3851 B.
1381 3805 1406 3851 d.
1430 3806 1483 3853 Dc·

301 3884 387 3945 scripsi
402 3900 431 3931 cs
447 3883 495 3930 cod.
505 3882 558 3930 bibl.
567 3882 690 3944 Bumberp.
700 3884 724 3929 D
734 3882 804 3928 1116
819 3881 911 3928 mcmdm
921 3880 1019 3942 forneus
1029 3882 1147 3929 maxim
1158 3898 1219 3930 auec.
1227 3882 1332 3945 ansol.
1341 3886 1402 3930 28e.
1429 3884 1484 3930 Hc·

302 3963 368 4009 betur
382 3964 408 4011 ier
428 3962 537 4010 Udalrica'
552 3961 669 4009 codicibus
685 3962 705 4007 V
718 3962 849 4016 dri—lde,
866 3962 923 4021 Zp.
936 3962 1050 4019 87—68,
1067 3977 1121 4009 eam
1135 3962 1178 4010 hoc
1194 3962 1311 4009 omnm.-
1330 3961 1483 4021 Privilaginm

301 4042 330 4089 da
345 4043 437 4089 iusticia
453 4041 634 4089 ministerialium
649 4040 845 4099 Babenberganaia
862 4040 984 4097 ecclesiam
1003 4040 1169 4089 olda—20.

372 4148 397 4201 1.
419 4146 542 4217 „Deinde
554 4175 584 4184 -
595 4143 771 4213 separentur“
791 4148 856 4198 aunt
868 4158 912 4213 ap.
920 4142 1081 4199 Gratianum
1098 4146 1117 4199 l.
1128 4146 1147 4199 l.
1219 4146 1245 4199 2.
1267 4145 1337 4216 „Per
1347 4146 1486 4202 laicos-

301 4248 353 4288 nec
374 4235 482 4303 precio“
503 4238 568 4289 sunt
584 4234 612 4287 in
631 4232 756 4289 Gratiani
773 4232 849 4287 decr.
867 4232 897 4286 P.
910 4231 937 4286 ΙΙ
955 4232 985 4287 (l.
998 4232 1066 4288 XVI
1082 4234 1136 4302 qi
1156 4248 1181 4287 e.
1193 4233 1239 4287 20.
1314 4235 1343 4289 ἃ
1365 4234 1488 4303 „Nullus

301 4320 445 4392 presbyter
456 4321 526 4377 dnae
543 4320 644 4376 habeat
661 4320 809 4376 ecclesias“
821 4320 951 4388 leguntur
961 4335 1005 4388 ap.
1016 4319 1177 4376 Gratianum
1195 4322 1213 4376 l.
1224 4322 1243 4376 l.
1315 4322 1343 4377 4.
1364 4323 1488 4393 „Nullae

301 4408 424 4464 habitum
442 4408 622 4464 monachilem
637 4407 769 4463 -abbas
787 4404 851 4461 ficu
871 4411 937 4462 aunt
954 4422 998 4476 ap.
1011 4407 1172 4463 Gratianum
1191 4408 1241 4464 ll.
