3142 4850
325 261 390 328 592
627 280 750 328 seems
773 282 853 326 viss
876 280 1033 326 ceroma.
1070 279 1204 326 ers.1a

324 439 483 506 abbatissa
512 440 550 504 de
578 439 722 504 Inferior-i
756 439 949 504 monasterio
981 458 1095 521 magne
1129 437 1286 522 opinionis
1315 473 1359 482 -
1388 441 1491 522 utpou

323 556 428 641 neptis
451 554 591 622 Heinrioi
613 554 816 641 imperatoris
840 589 880 600 -—
906 559 939 620 et
953 553 1105 620 virtutum
1128 554 1289 640 operatrix
1312 551 1491 618 habebatur.
1568 602 1569 617 r

324 671 406 755 Qus,
440 689 569 738 cernens
604 689 737 754 persone
766 677 800 736 et
830 691 956 736 morum
985 669 1053 735 eius
1081 668 1268 752 elegantiam
1303 668 1492 752 audiensque

323 786 431 869 magni
459 785 582 852 consilii
613 787 731 870 virum,
755 787 833 851 sine
867 805 958 851 mora
986 805 1059 851 eum
1089 785 1260 867 advocans,
1295 786 1333 850 ut
1363 783 1491 850 alterum

323 901 447 987 loseph,
463 921 568 967 rasum
586 921 713 967 suarum
730 902 893 986 tociusque
907 901 1018 968 domus
1034 901 1284 987 dispensatorem
1299 895 1492 978 eonstituit¹3

325 1023 356 1084 et
378 1017 431 1084 ille
454 1017 550 1083 solite
570 1017 726 1099 gravitate
750 1037 787 1082 ac
808 1016 980 1100 industria,
1003 1015 1088 1082 fideli
1110 1016 1280 1082 devocione
1301 1015 1495 1098 gubernabat

324 1133 439 1198 omnia.
530 1131 653 1198 Interea
673 1131 840 1199 Heinricus
862 1133 1046 1218 imperator,
1070 1133 1227 1217 quoddam
1250 1132 1289 1197 de
1311 1130 1493 1217 principali·

325 1248 382 1315 bus
404 1248 493 1314 iestis
516 1247 687 1314 Ratisbone
709 1248 935 1330 celebraturus,
959 1249 1017 1327 ad·
1039 1254 1166 1334 neptem
1190 1268 1280 1314 suam
1303 1247 1492 1314 abbatissam

324 1363 461 1430 divertit.
502 1363 539 1430 ln
567 1365 656 1431 euius
685 1363 834 1448 obsequio
862 1365 974 1430 videns
1001 1369 1090 1430 tante
1118 1364 1314 1431 auctoritatis
1344 1383 1384 1429 ac
1413 1383 1494 1430 reve

325 1480 428 1546 rentie'
452 1479 571 1562 virum,
601 1480 711 1544 mirari
740 1485 772 1548 et
799 1474 950 1546 delectari
978 1482 1063 1566 cepit
1089 1480 1263 1563 sagacitate
1290 1479 1391 1545 animi
1421 1480 1492 1545 eiua

325 1595 563 1679 Conversusque
586 1595 626 1660 ad
650 1601 831 1679 cognatam,
855 1597 917 1662 ait:
947 1599 1146 1684 oportunum
1169 1610 1228 1676 est,
1252 1617 1355 1675 soror,
1379 1599 1494 1662 eunom

323 1715 358 1776 a’u
382 1713 439 1778 boc
452 1713 538 1796 festo
555 1714 665 1776 amieis
689 1715 755 1776 sure
778 1714 1011 1793 aeduensibus,
1037 1727 1066 1778 et
1087 1727 1117 1778 te
1137 1713 1235 1777 michi
1256 1713 1393 1797 aliquod
1416 1715 1494 1777 cuai-

325 1831 397 1893 tatis
427 1829 607 1912 obsequium
636 1829 673 1892 ob
704 1832 986 1913 coruaupue'uitctis
1015 1829 1172 1894 uinculum
1198 1830 1390 1914 imperdere.
1433 1827 1496 1905 Qua

324 1941 485 2008 humiliter
499 1942 724 2028 respondente:
750 1945 837 2024 Iube,
862 1948 948 2030 quod
967 1949 1026 2025 eis,
1050 1949 1161 2010 domuc
1178 1947 1226 2009 nai
1239 1967 1312 2020 νοω
1334 1967 1403 2009 uon
1418 1948 1496 2009 eninr

314 2060 375 2144 fas
407 2072 465 2138 est,
496 2072 530 2123 ut
558 2071 697 2124 avutam
722 2061 847 2142 faciem
875 2055 998 2137 tuam²3
1027 2061 1200 2145 imperator
1227 2059 1411 2124 subiunxit:
1440 2059 1498 2126 Nil

325 2175 415 2240 aliud
435 2186 506 2260 pcto
529 2177 595 2237 uisi
617 2175 816 2259 capellanum
838 2189 936 2256 tuum,
961 2179 1110 2241 domuum
1127 2178 1281 2254 duonum,
1305 2179 1426 2260 spiritu
1446 2199 1495 2240 sn·

321 2293 439 2376 pientio
473 2290 610 2375 plenum.
656 2289 766 2354 Talem
795 2294 878 2355 euim
905 2295 1008 2356 oirum
1035 2315 1085 2356 rea
1111 2293 1242 2377 publico
1269 2305 1382 2356 nostra
1410 2293 1496 2357 tedet

323 2408 540 2471 accessorium.
583 2403 649 2482 Quo
674 2404 780 2471 audito
805 2405 979 2490 abbatissa,
1006 2407 1081 2473 licet
1102 2405 1277 2473 fidelissimi
1299 2407 1350 2472 sui
1376 2408 1496 2475 auricu-

323 2521 396 2586 larii
426 2538 498 2603 egre
525 2521 622 2587 ferret
645 2521 856 2604 abscessum,
885 2523 1089 2608 imperatorie
1111 2529 1217 2589 tamen
1239 2524 1403 2589 maiestati
1426 2544 1496 2590 con

324 2638 421 2703 traire
450 2656 511 2702 nen
541 2636 653 2721 potuit.
696 2636 738 2701 Et
767 2637 924 2703 advocans
954 2658 1024 2704 eum
1048 2639 1233 2722 debitasque
1256 2639 1429 2705 ministerii
1450 2639 1495 2705 sui

323 2754 442 2837 gratias
466 2751 641 2836 exsolvens,
665 2764 745 2817 non⁰
762 2753 831 2818 sine
846 2752 997 2838 lacrimis,
1019 2754 1108 2840 pium
1133 2774 1274 2820 amorem
1296 2757 1497 2837 testantibus,

323 2868 460 2955 principi
489 2868 670 2949 assignavit.
762 2870 955 2955 Assumptus
982 2870 1090 2955 itaque
1117 2869 1178 2936 Dei
1206 2875 1287 2935 nutu
1313 2871 1348 2937 in
1379 2877 1499 2938 curtem

323 2986 454 3067 regiam,
478 2983 526 3049 vir
542 2984 641 3050 tocius
656 2984 812 3051 industrie
827 2991 861 3052 et
874 2986 1046 3070 religionis,
1069 2985 1116 3051 ita
1130 2986 1193 3053 sibi
1214 2986 1499 3071 prudentissimum

322 3100 545 3185 imperatorem
569 3098 734 3167 nobilitate
756 3122 879 3169 morum
904 3109 936 3168 et
957 3101 1031 3167 fidei
1053 3102 1172 3187 pietate
1191 3102 1344 3185 devinxit„
1368 3108 1408 3169 ut
1430 3123 1500 3169 enm

324 3215 415 3300 quasi
437 3215 564 3280 unicum
581 3214 774 3300 amplectens
789 3215 900 3300 lilium,
923 3217 1106 3283 secretalem
1125 3218 1272 3283 intimum
1288 3222 1321 3283 et
1336 3219 1501 3286 custodem

324 3331 437 3417 capitis
466 3331 515 3395 sui
545 3335 675 3415 poneret
698 3332 820 3398 cunctis
841 3329 979 3399 diebus³.
1019 3333 1100 3398 Nam
1124 3338 1157 3399 et
1180 3332 1406 3401 cancellarium
1431 3356 1500 3401 eum

218 3460 307 3516 1102?
324 3441 427 3529 fecit⁴‚
458 3451 490 3511 et
517 3466 638 3531 queque
667 3428 811 3533 preciosa
832 3446 883 3513 vel
910 3448 1033 3514 cariora
1060 3450 1095 3513 in
1123 3448 1247 3535 palacio
1275 3448 1405 3533 habuit,
1435 3451 1501 3518 eins

323 3560 397 3628 fidei
420 3562 586 3627 commisit.

412 3677 481 3743 iloc
502 3678 595 3743 modo
618 3698 727 3743 servus
751 3678 812 3744 Dei
834 3658 1000 3744 lldslricus
1028 3678 1116 3764 pium
1140 3679 1286 3746 Ottonem
1315 3681 1350 3745 in
1378 3688 1500 3748 curtem

322 3794 444 3877 regiam
459 3794 628 3859 accessisse
643 3793 772 3860 ferebat
808 3793 875 3860 Alii
890 3794 982 3860 vero‘
997 3795 1122 3861 meunt:
1145 3816 1229 3878 eum,
1250 3795 1440 3864 liberalibus
1454 3798 1502 3864 in·

323 3910 433 3976 butum
462 3907 655 3993 disciplinis,
690 3910 795 3995 primo
823 3910 864 3976 ad
892 3910 1039 3977 abbatem
1060 3910 1346 3995 Wilzeburgensia·
1377 3912 1502 3979 cenobii

393 4056 413 4087 a.
439 4040 542 4087 stuic
615 4041 637 4087 b.
660 4041 816 4090 abcessum&
888 4056 909 4089 c.
929 4043 1051 4091 etnonO.
1124 4043 1257 4091 deerat!
1332 4046 1500 4093 euim·

322 4122 442 4180 burgensis
461 4118 484 4175 U,
501 4120 703 4178 wurzeburgensis
720 4122 742 4167 B
747 4140 756 4176 ,·
771 4123 858 4181 scripsi
868 4123 1072 4181 Wilzcburgensis3
1089 4124 1118 4169 cf.
1133 4137 1203 4183 supra
1218 4136 1242 4182 p.
1252 4124 1297 4169 591
1315 4139 1338 4169 n.
1349 4125 1374 4171 b.

395 4210 418 4260 1.
438 4205 479 4261 Cf.
492 4206 561 4260 Gen.
574 4208 618 4275 43,
631 4208 675 4260 40.
759 4210 784 4261 2.
804 4210 901 4277 3Reg.
915 4210 941 4277 2,
954 4211 1003 4263 20:
1024 4224 1129 4278 „neque
1147 4209 1219 4263 enim
1238 4206 1280 4263 faa
1300 4216 1353 4279 oet,
1372 4216 1405 4265 ut
1423 4225 1500 4265 aver·

321 4298 378 4349 tam
391 4292 488 4349 faciem
501 4294 604 4349 tusm“.
670 4296 695 4349 3.
718 4298 731 4350 l
744 4296 814 4365 Reg.
824 4299 867 4365 28,
880 4299 910 4350 2:
932 4298 985 4366 „Et
996 4312 1049 4366 ego
1062 4296 1204 4353 custodem
1218 4298 1318 4367 eapitis
1331 4300 1386 4353 mei
1397 4312 1498 4369 ponam

322 4386 350 4436 te
363 4382 468 4436 cunctis
480 4380 604 4437 diebus“.
675 4384 701 4436 4.
721 4399 793 4439 anno
807 4385 898 4439 1102?
924 4383 966 4439 Oi.
976 4384 1090 4455 Stampf
1105 4386 1158 4441 Die
1169 4385 1385 4442 Reicbskenzler
1398 4388 1424 4443 ll
1435 4386 1497 4441 209.
