3142 4850
295 267 340 333 20
697 283 864 333 uuacnrcr
887 283 1016 333 oonux.
1050 280 1068 332 a

363 438 546 496 invictissimo
563 440 749 498 Romanorum
772 441 901 510 principi,
924 440 1015 496 tocius
1037 439 1117 509 regni
1134 437 1319 494 monarchiam
1336 443 1465 496 strennue

293 536 466 608 gubernanti,
486 538 519 592 Ν
521 579 527 592 .
541 537 593 592 Dei
611 537 709 607 suique
726 539 818 606 gratia
835 537 863 592 id
881 536 955 607 quod
967 542 1019 604 est,
1038 536 1147 592 Christo
1165 534 1218 591 sub
1234 535 1358 607 principe
1375 536 1467 607 quieta

293 649 363 706 paee
381 635 547 704 quandoque
565 635 747 706 triumphare3
808 635 940 690 orationis
957 638 986 690 et
1003 634 1144 689 servitutis
1162 633 1351 706 devotionem3
1410 639 1465 690 tam

292 736 448 804 promptam
467 749 549 804 quam
569 733 690 789 debitam
710 733 850 788 servitulis
869 737 897 786 et
914 732 1061 787 orationis·
1080 731 1281 786 certitudinem.

363 829 532 900 Dignissimo
549 831 669 900 praesuli
689 830 730 886 .N.
750 830 881 899 indignus
899 835 929 884 et
945 828 1063 899 exiguus
1080 829 1122 886 .N.
1134 829 1247 884 plaustri
1264 829 1387 884 decenus
1405 828 1468 884 licet

293 927 423 998 exiguum
447 927 578 982 orationis
596 933 624 982 et
642 928 782 984 servitutis
801 943 868 982 suae
888 943 994 983 munus.
1067 926 1185 982 Domino
1203 941 1254 982 suo
1272 931 1301 980 et
1318 926 1468 982 venerabili

292 1024 365 1095 patri
385 1024 426 1080 .N.
445 1023 555 1080 humilis
578 1024 695 1079 ecclesis
718 1038 752 1079 ex
777 1025 885 1080 sincero
908 1024 1009 1080 affectu
1034 1023 1228 1079 devotissimas
1246 1024 1386 1079 orationes
1406 1039 1467 1080 cum

293 1121 386 1177 debite
409 1119 588 1178 subiectionis
611 1121 751 1192 obsequio.
833 1122 867 1178 N.
886 1136 979 1178 eomes
998 1122 1039 1177 .N.
1059 1123 1152 1178 comiti
1173 1123 1289 1178 salutem
1307 1120 1468 1177 fidelitatem

293 1222 323 1273 et
344 1223 507 1288 perpetuum
530 1218 641 1275 bonum.
714 1218 822 1275 Domno
846 1219 906 1289 regi
925 1219 967 1276 .N.
986 1234 1078 1274 comes
1103 1219 1197 1274 aDeo
1216 1233 1345 1274 eoronam
1364 1219 1469 1274 aeterni

294 1315 384 1386 regni,
410 1331 444 1372 er
463 1331 493 1371 se
511 1316 714 1387 promptissima
732 1317 857 1372 servicia.
929 1316 1048 1372 Domino
1066 1321 1094 1371 et
1111 1317 1182 1387 patri
1199 1331 1263 1387 suo,
1288 1315 1424 1387 quidquid
1442 1317 1469 1371 in

293 1428 360 1468 vera
378 1413 524 1469 dilectione
542 1429 614 1469 nuuc
626 1417 654 1467 et
666 1429 773 1482 semper
785 1414 857 1484 patri
869 1412 987 1469 debetur
998 1428 1031 1468 ac
1044 1414 1163 1470 domiuo.
1216 1414 1325 1469 Domuo
1337 1415 1469 1484 episcopo

294 1509 404 1566 humilis
422 1511 608 1581 congregatio,
627 1510 736 1580 siquid
754 1511 932 1566 contritorum
950 1512 1025 1566 valet
1043 1512 1139 1567 oratio.
1201 1509 1339 1580 Singulari
1357 1510 1468 1568 domino

294 1621 344 1664 suo
358 1622 422 1663 vere
440 1623 516 1678 suus,
535 1607 667 1678 quidquid
686 1623 761 1664 suus.
833 1608 951 1664 Domino
966 1624 1017 1663 suo
1035 1613 1092 1663 tam
1104 1608 1234 1663 devotum
1248 1624 1330 1678 quam
1343 1607 1468 1665 debiturn

293 1705 382 1762 tocius
406 1705 559 1762 dilectionis
582 1710 611 1761 ct
632 1706 794 1763 humilitatis
819 1705 990 1777 obsequium.
1062 1706 1170 1761 Dilecto
1193 1705 1304 1762 domino
1327 1711 1356 1761 et
1379 1707 1468 1762 smioo

293 1817 361 1858 suus
377 1817 517 1875 praeseus,
537 1818 604 1859 suus
617 1803 725 1874 absens,
744 1804 861 1858 salutem
876 1818 910 1858 ae
921 1802 1014 1858 debite
1032 1803 1153 1858 curiatis
1172 1803 1354 1858 affectionem.
1421 1803 1468 1859 Se

293 1901 443 1956 reuiasimia
461 1900 579 1956 dominis
597 1905 626 1954 et
643 1901 870 1956 reverentissimis
888 1899 1017 1955 fratribus
1032 1900 1073 1957 .N.
1093 1901 1239 1971 episcopus
1257 1915 1319 1955 cum
1338 1902 1468 1957 orationis

293 1998 425 2054 manua
442 1997 540 2052 servile
558 1996 719 2067 obsequium
738 2013 771 2052 ae
790 2002 877 2053 semet
894 1998 985 2068 ipsum
998 1998 1033 2053 ad
1045 1998 1138 2053 omnia
1149 1998 1358 2053 deditissimum.
1413 1998 1468 2054 Do

294 2095 368 2150 mino
392 2107 442 2149 suc
465 2093 612 2165 inperatori
635 2093 744 2150 humilis
767 2097 945 2165 congregatio
970 2096 1092 2150 exultare
1115 2096 1142 2150 iu
1160 2095 1278 2151 Domino
1301 2101 1331 2151 et
1353 2094 1469 2152 feliciter

293 2189 461 2261 triumphare
474 2190 509 2245 de
522 2191 687 2248 adversario.
761 2193 813 2248 Dei
830 2193 920 2262 gratia
932 2192 971 2247 ill.
984 2192 1115 2248 ecclesiae
1132 2194 1258 2262 provisor
1269 2193 1400 2264 indimus
1414 2193 1467 2248 sin·

294 2301 373 2344 cerae
392 2288 514 2343 caritatis
532 2288 709 2361 obsequium3
781 2305 905 2345 summae
922 2289 1077 2344 devotionis
1098 2288 1258 2359 obsequium
1284 2306 1346 2346 cum
1368 2291 1468 2346 oratio

294 2401 358 2442 uum
378 2385 516 2443 instantia
589 2387 641 2443 Dei
659 2387 749 2457 gratia
766 2387 915 2457 imperator
932 2390 1066 2457 augustus
1084 2384 1184 2445 dilecto
1203 2387 1333 2459 episcopo
1351 2389 1468 2458 gratiam

294 2482 422 2539 habunde
445 2488 474 2538 et
497 2498 578 2540 omne
601 2484 712 2541 bonum.
784 2484 1020 2539 Excellentissimo
1038 2484 1148 2540 dominc
1166 2500 1217 2540 suo
1235 2485 1393 2556 imperatori
1413 2502 1468 2541 ma·

294 2580 401 2635 iestatis
420 2596 487 2636 suae
509 2587 539 2637 et
554 2582 589 2638 N.
608 2582 741 2637 ecclesiae
759 2597 856 2636 servus
881 2580 1023 2636 incolomis
1040 2582 1097 2637 vite
1114 2581 1312 2652 longitudinem
1330 2598 1393 2639 oum
1412 2583 1468 2641 vic·

293 2676 381 2733 toriae
399 2692 513 2749 corona3
584 2678 746 2749 purissimae
764 2675 904 2735 fidelitatis
921 2677 1092 2748 obsequium.
1164 2679 1321 2735 Venerabili
1338 2680 1468 2750 episcopo

294 2774 327 2831 N.
347 2774 399 2830 Dei
416 2775 506 2844 grstia
523 2775 551 2831 id
569 2775 642 2845 quod
661 2780 717 2845 est,
740 2777 769 2831 iu
787 2775 955 2831 orationibus
979 2780 1008 2830 et
1030 2775 1163 2846 obsequio
1181 2776 1314 2847 quidquid
1331 2792 1398 2833 vere
1415 2776 1468 2833 fra·

293 2870 429 2927 ternitatis
448 2887 503 2928 nou
521 2873 614 2929 ociosa
632 2870 717 2929 efficit
733 2873 852 2929 dilectio.
924 2874 1050 2930 Dominis
1068 2878 1097 2928 et
1114 2872 1244 2929 fratibus
1262 2875 1320 2929 suis
1337 2876 1469 2945 praelatis

293 2974 323 3025 et
340 2970 484 3025 universae
496 2970 702 3039 congregationi
715 2972 757 3028 .N.
770 2971 912 3042 ecclesiae,
930 2970 1069 3026 fructifere
1084 2972 1173 3027 arbori
1187 2971 1215 3026 in
1227 2972 1396 3041 agricultura
1406 2973 1468 3043 Dei,

294 3066 337 3122 .N.
355 3064 507 3121 humillima
524 3068 701 3136 congregatio
720 3084 782 3123 cum
801 3070 954 3125 orationum
973 3069 1104 3124 instanlia
1120 3068 1231 3125 debitae
1249 3070 1372 3125 caritstis
1389 3069 1469 3126 obse-

294 3162 359 3233 quia
375 3162 404 3217 iu
423 3161 532 3218 Christo
549 3162 735 3220 devotissima.

364 3258 398 3314 N.
417 3258 470 3315 Dei
488 3260 577 3330 grstia
594 3276 644 3315 rex
660 3261 695 3317 Ν.
707 3261 866 3318 venerando
882 3260 1014 3333 pontifici,
1033 3278 1083 3318 suo
1101 3262 1231 3318 videlicet
1247 3263 1348 3320 dilecto
1365 3266 1470 3337 nepoti,

295 3355 412 3425 gratiam
430 3371 508 3411 suam
527 3363 556 3413 et
573 3357 696 3413 debitum
709 3360 864 3415 dilectionis
882 3360 993 3415 donum.
1065 3358 1098 3413 N.
1111 3359 1163 3414 Dei
1181 3361 1271 3430 gratia
1281 3362 1469 3418 Romanorum

294 3452 442 3523 imperator
460 3458 593 3525 augustus
612 3456 739 3511 omnibus
756 3458 893 3528 episcopia
911 3454 1057 3512 comitibus
1075 3456 1226 3527 capitaneis
1244 3458 1351 3515 civibus
1369 3461 1470 3516 castel·

293 3551 363 3606 lanis
375 3551 464 3607 tocius
476 3551 620 3623 marchiae,
640 3553 789 3610 maioribus
802 3559 830 3610 et
841 3555 991 3611 minoribus
1009 3557 1066 3613 suis
1084 3554 1220 3625 fidelibus,
1237 3557 1355 3627 gratiam
1374 3562 1404 3613 et
1420 3556 1470 3614 bo

294 3663 357 3704 uam
375 3649 554 3705 voluntatem.
626 3652 659 3706 N.
677 3651 729 3706 Dei
747 3653 837 3722 gratia
854 3652 1003 3723 imperator
1020 3658 1155 3723 augustus
1173 3652 1220 3710 Ni
1238 3654 1388 3711 venerabili
1412 3656 1470 3725 epi-

293 3758 378 3815 scopo
396 3749 425 3801 et
443 3746 542 3803 dilecto
560 3750 693 3818 compatri
711 3750 817 3819 gratiae
836 3764 902 3804 suae
914 3750 1046 3819 optimam
1059 3752 1237 3807 voluntatem.
1302 3752 1470 3808 Desideran·
1553 3732 1557 3739 ¹

292 3842 398 3897 tissime
419 3842 528 3899 domino
546 3859 596 3900 suo
614 3845 648 3901 N.
661 3846 835 3902 serenissimo
847 3848 1031 3902 Romanorum
1050 3849 1206 3918 imperatori
1224 3854 1344 3918 augusto
1360 3850 1403 3906 .N.
1415 3850 1472 3907 Dei

292 3939 382 4009 matis
399 3940 546 4010 episcopus
563 3957 625 3998 com
644 3944 799 3999 orationum
817 3944 949 3999 instantia
966 3945 1066 4001 servile
1086 3946 1116 4001 in
1133 3944 1260 4001 omnibus
1277 3946 1451 4017 obsequium.

363 4036 397 4093 N.
410 4039 630 4095 reverentissime
648 4039 790 4111 diligendo
808 4045 836 4095 et
853 4039 1029 4097 dilectissime
1047 4042 1168 4098 verendo
1185 4042 1296 4099 domino
1314 4043 1471 4114 archiprae-

239 4144 245 4151 ’
292 4132 345 4189 suli
362 4133 396 4190 N.
413 4134 479 4191 licet
501 4136 631 4207 indignus
653 4136 812 4207 opiscopus,
837 4137 970 4208 quidquid
990 4138 1145 4197 devotionis
1169 4142 1198 4195 et
1220 4139 1347 4211 obsequii
1364 4140 1472 4199 bomini

293 4228 328 4284 ab
346 4229 455 4287 bomine
477 4235 610 4302 praestari
634 4239 726 4304 potest
749 4234 899 4304 inpensius.
971 4235 1088 4292 Domino
1112 4240 1141 4291 et
1157 4236 1229 4306 patri
1247 4236 1405 4293 venerando
1425 4240 1470 4297 .N.

362 4395 383 4429 s.
407 4384 650 4433 storstionisoaaV.
744 4388 767 4433 b.
791 4386 871 4434 csaV.
