3142 4850
348 336 471 382 nnorus
496 337 574 382 vira
599 335 756 382 orrorus
791 336 856 381 nra.
873 336 899 381 rr
922 332 992 382 o-t
1193 319 1258 383 629

96 513 246 560 reservare
269 493 467 560 solebant-
488 501 520 560 et
543 514 600 579 pro
624 495 682 561 boe
705 494 823 561 scelere
845 495 992 581 specialis
1014 496 1190 581 penitentia
1213 495 1259 562 eis
1277 510 1347 564 1124

95 610 227 687 iniuncta
250 617 307 674 est
399 609 608 693 Singulariter
632 630 705 693 ergo
723 611 792 693 viri,
817 593 1019 694 singulariter
1037 611 1152 677 femine
1168 631 1258 676 sacro

96 708 293 792 abluebantur
320 725 422 808 fonte,
455 726 620 811 obpansis,
649 734 684 792 nt
711 731 900 812 oportunum
929 733 1013 809 erat,
1042 727 1126 792 circa
1155 727 1259 812 bapti·

94 841 215 906 stennm
240 839 336 923 velis,
366 844 454 905 tanto
482 841 679 908 abinvicem
712 842 819 926 spacio
843 844 971 925 semoti,
1002 847 1037 908 ut
1059 841 1148 907 nulla
1168 861 1259 907 scan-

94 955 151 1021 dali
173 955 304 1023 alienius
328 957 449 1022 occasio
473 956 545 1022 binc
568 957 685 1023 oboriri
709 963 825 1043 posset.

175 1073 204 1136 6.
240 1071 291 1137 Ad
311 1071 556 1138 confirmandam
573 1093 648 1138 vero
670 1073 716 1158 pii
733 1072 858 1138 Ottonis
881 1073 1128 1158 predicationem
1145 1071 1259 1137 celeste

92 1185 265 1270 prodigium
295 1207 357 1253 non
382 1188 499 1270 defuit,
529 1188 612 1272 qnod
635 1192 863 1273 consequenter
885 1187 936 1253 bic
958 1189 1055 1254 inseri
1079 1187 1154 1252 ordo
1177 1186 1259 1253 rela-

92 1301 180 1368 tionis
203 1303 311 1387 exigit
346 1302 428 1368 Nam
452 1303 484 1369 in
508 1304 617 1370 eodem
641 1310 743 1369 castro
760 1303 875 1370 Gamin
900 1303 1012 1369 mulier
1035 1303 1179 1388 quedam,
1204 1322 1260 1368 no·

91 1416 207 1484 bilitate
235 1423 267 1484 et
295 1419 413 1484 divitiis
442 1419 621 1504 prepollens
655 1419 709 1485 sed
738 1419 858 1485 inimici
888 1419 1087 1485 suasionibus
1119 1418 1258 1502 seducta,

90 1531 221 1617 piissimi
246 1533 379 1619 apostoli
395 1535 444 1599 sni
459 1534 634 1600 doctrinam
659 1555 716 1621 pro
732 1534 849 1600 nichilo
868 1534 1004 1600 babebat
1026 1541 1057 1600 et
1073 1534 1169 1600 verba
1192 1535 1259 1600 eins

89 1653 277 1734 postponens
301 1650 389 1732 sequi
412 1649 548 1716 nolebat.
583 1649 672 1716 Unde
694 1652 777 1716 inter
801 1649 864 1715 alia
879 1655 1077 1736 contemptus
1102 1655 1133 1716 et
1155 1657 1259 1715 trans·

87 1764 254 1844 gressionis
270 1763 398 1846 indicia,
422 1764 579 1830 dominica
595 1765 646 1829 die
662 1765 782 1830 cunctis
798 1765 996 1848 feriantibus,
1012 1767 1083 1850 ipsa
1098 1765 1131 1831 in
1147 1785 1257 1848 agrum

87 1890 212 1961 egressa
234 1879 373 1946 metebat
396 1884 443 1962 et,
473 1880 664 1946 reclamante
693 1899 729 1945 ac
758 1881 945 1965 prohibente
974 1880 1110 1964 familia,
1141 1882 1259 1947 irreve-

86 1995 165 2060 renti
181 2001 215 2062 et
237 1995 388 2062 intronito
404 1995 510 2061 auimo
526 2001 617 2081 cepto
633 1995 721 2080 operi
737 1995 887 2062 instabat
920 1996 982 2062 Sed
1006 1997 1076 2082 pins
1092 1997 1257 2078 Dominus,

85 2111 136 2193 qni
165 2111 418 2198 predicatoribus
449 2112 513 2176 suis
543 2111 686 2196 polliceri
709 2111 857 2194 dignatus
886 2117 936 2177 est
958 2111 1081 2178 dicens:
1113 2113 1179 2193 Qut
1204 2135 1259 2178 eoa

85 2230 172 2294 cudit
194 2253 244 2294 mc
268 2232 373 2308 aedit,
404 2241 432 2293 et
456 2230 513 2313 qui
534 2251 588 2292 eoa
611 2231 732 2314 spernit
753 2251 802 2291 me
824 2232 946 2314 sperarit
954 2223 971 2308 ¹,
1003 2229 1140 2294 evidenti
1163 2229 1259 2294 mira·

83 2342 151 2408 cnlo
175 2345 217 2409 ad
242 2343 468 2408 correctionem
493 2342 624 2408 aliorum
641 2341 852 2427 despectionis
875 2343 968 2408 buius
984 2343 1099 2409 vindex
1120 2349 1151 2410 et
1166 2343 1260 2409 casti-

83 2465 173 2541 gator
200 2461 303 2527 iactus
333 2464 389 2525 est.
429 2458 511 2525 Nam
535 2459 610 2525 dum
638 2458 753 2547 mulier
774 2460 885 2526 infelix
913 2460 1117 2546 pertinaciter
1138 2460 1259 2526 nefario

82 2578 170 2661 operi
194 2575 393 2643 incumberet
415 2595 453 2640 ae
475 2574 594 2642 familie
618 2596 690 2659 sue,
720 2586 793 2641 our·
817 2595 885 2641 eam
907 2574 1058 2641 adiuvare
1075 2574 1258 2660 negligeret,

81 2692 205 2757 tumida
238 2691 481 2758 comminatione
512 2692 733 2777 exprobraret,
769 2690 873 2757 subito
904 2688 1046 2774 collapsa
1073 2694 1258 2774 retrorsum,

81 2805 165 2875 dieto
182 2808 278 2874 citius
301 2806 475 2893 exspiravit
495 2826 707 2890 magnumque
731 2806 908 2872 astantibus
929 2805 1092 2870 horrorem
1115 2806 1257 2872 incussit

80 2922 220 3009 Moxque
251 2942 270 2989 a
297 2922 418 2989 familia
447 2922 615 3008 plangente
645 2928 676 2988 et
705 2920 848 2989 ululante
876 2920 977 2986 loculo
1006 2922 1171 3007 imposita,
1201 2941 1259 3006 per

80 3058 206 3106 omnem
233 3038 371 3104 civitatis
403 3038 554 3105 ambitum
578 3056 649 3104 eum
673 3035 869 3103 lamentabili
893 3037 1096 3121 exequiarum
1119 3036 1258 3104 celebra-

78 3154 165 3219 tione
190 3154 480 3245 circumferebatur.
515 3152 706 3237 Onnetisque
729 3157 795 3218 tam
812 3153 1014 3221 manifestum
1032 3152 1092 3219 Dei
1107 3152 1258 3219 indicium

78 3270 396 3354 pertimescentibus,
425 3268 564 3334 universi
594 3268 626 3334 in
650 3268 710 3335 lide
735 3274 767 3335 et
789 3268 940 3352 religione
963 3270 1135 3337 christiana
1157 3269 1258 3351 magis

77 3404 114 3451 ae
138 3386 245 3469 magis
269 3383 544 3451 confirmabantur.

169 3504 200 3566 7.
240 3499 429 3583 Progressus
471 3499 577 3582 itaque
620 3498 779 3584 apostolus
811 3498 1059 3566 Pomeranorum
1094 3498 1181 3565 venit
1218 3498 1257 3563 ad

76 3616 189 3684 urbem
221 3635 369 3698 magnam
399 3614 495 3697 ialin,
531 3614 584 3679 ubi
614 3614 719 3679 Odora
752 3612 866 3680 fluvius
901 3613 1108 3701 preterfluens
1136 3608 1258 3679 lacnm'

75 3738 166 3799 vaste
182 3730 393 3814 longitudinis
418 3750 454 3796 ae
475 3729 653 3796 latitudinis
675 3730 752 3795 iacit
775 3729 901 3813 illicque
917 3750 1005 3796 mare
1023 3729 1134 3795 influit
1165 3727 1257 3793 Cives

76 3856 182 3915 autem
209 3846 274 3913 loci
303 3845 388 3911 illius
412 3844 553 3911 crudeles
577 3852 666 3911 erant
689 3850 720 3911 et
743 3845 843 3931 impii.
884 3844 975 3911 Unde
998 3850 1030 3911 et
1057 3846 1128 3930 pins
1153 3843 1256 3929 predi-

74 3970 174 4047 cator,
201 3982 321 4045 magno
340 3961 414 4027 illuc
438 3962 551 4047 eapitis
575 3962 623 4025 sui
645 3960 784 4045 periculo
809 3962 979 4045 ingressus,
1004 3966 1121 4027 certam
1146 3959 1257 4024 mortis

73 4079 351 4165 exspectationem
381 4098 451 4144 eum
482 4077 548 4142 suis
571 4076 714 4143 omnibus
745 4076 889 4142 babebat.
981 4075 1049 4142 Mos
1079 4080 1185 4141 antem
1209 4079 1258 4141 est

72 4194 220 4278 regionis
250 4192 353 4275 illius,
383 4200 419 4258 ut
446 4192 594 4278 princeps
621 4199 705 4259 terre
732 4191 765 4256 in
795 4190 929 4274 singulis
951 4193 1063 4257 castris
1093 4192 1254 4276 propriam

148 4359 171 4391 a.
198 4344 263 4389 circa
282 4340 305 4389 0.

147 4442 173 4495 1.
194 4440 267 4493 Luc.
282 4438 323 4506 10,
343 4438 385 4493 16.
600 4437 625 4490 2.
650 4434 700 4489 das
718 4434 791 4489 Hau.
