3142 4850
318 280 386 348 490
635 299 823 348 sprsrousa
845 300 1124 348 namnanoausus.
1159 296 1177 349 a

232 476 298 529 1011
319 461 529 544 meritumque
544 458 640 526 vitale
663 461 778 526 mentis
802 461 998 543 extinguant.
1032 458 1124 526 Unda
1146 460 1220 525 dum
1244 480 1351 526 sumus
1373 460 1404 525 iu
1422 460 1474 543 riu,

317 575 484 658 fragilitati
506 582 633 641 nostrae
656 576 748 662 punis
764 581 814 641 eat
834 576 1041 659 necessarius,
1065 574 1226 641 doetrinae
1241 576 1386 641 videlicet
1403 576 1477 641 salu·

319 692 474 757 berrimus
503 691 606 771 cibus3
638 691 787 757 neforto
817 689 997 757 deficiamus
1026 690 1260 775 deficiendoque
1288 691 1476 777 desipiamus,

319 808 400 874 sicut
422 826 519 891 equus
543 814 576 872 et
597 807 713 890 mulus,
736 806 850 891 quibus
873 826 937 871 non
960 812 1009 872 eat
1030 802 1237 872 intellectuat,

407 924 541 989 Animus
565 921 654 988 stulti
678 923 724 988 sic
746 925 795 987 est
818 927 853 987 ut
875 926 984 987 uenter
1006 923 1140 1009 pecoris,
1164 920 1296 1006 quinon
1313 922 1479 989 ’babotdis-

318 1039 500 1122 cretionem,
523 1038 598 1103 dum
622 1038 735 1123 implet
750 1056 875 1103 omnem
891 1037 1043 1104 aviditate
1064 1056 1166 1123 prona
1181 1037 1384 1123 uoluptatem.
1420 1034 1480 1102 Lar

318 1159 423 1218 autem
448 1153 597 1219 animalia
620 1174 762 1237 quaeque
789 1153 983 1219 ruminantia
1010 1152 1206 1238 ungulasque
1228 1150 1318 1219 basaa
1341 1151 1481 1218 babentia

317 1269 437 1334 munda
458 1288 527 1335 esse
549 1265 723 1351 decernit'3
747 1269 881 1351 ideoque
905 1288 998 1333 sensu
1013 1268 1212 1334 discretionis
1233 1268 1383 1335 debemus
1399 1286 1481 1333 mun·

318 1384 391 1449 dum
417 1384 561 1469 quodque
585 1385 774 1468 discernere,
795 1404 836 1450 ne
859 1384 1085 1467 redarguamur
1101 1404 1156 1451 seu
1177 1384 1331 1450 inmunda
1346 1390 1481 1467 gustasse

317 1520 374 1566 seu
395 1499 476 1567 forte
498 1501 618 1566 munda
640 1506 767 1585 gustata
788 1500 924 1587 turpiter
948 1499 1140 1582 deglutiisse.
1174 1498 1267 1567 Fissa
1283 1498 1404 1583 ungula
1419 1518 1486 1585 par.

316 1616 398 1682 tinet
420 1615 460 1681 ad
487 1617 743 1699 discernendum,
772 1616 848 1701 quid
873 1615 1020 1681 dextram
1042 1616 1086 1682 sit
1106 1617 1220 1700 quidue
1248 1616 1428 1697 sinistrum3
1455 1620 1483 1680 et

317 1737 353 1797 ut
368 1732 505 1798 sciamus
520 1732 691 1819 reprobare
702 1732 821 1797 mulum
838 1735 870 1796 et
885 1730 1001 1813 eligere
1016 1729 1131 1797 bonum
1140 1726 1160 1797 ³.
1188 1730 1372 1798 Ruminatio
1385 1736 1483 1797 auton

317 1848 358 1913 ad
381 1867 434 1913 eos
456 1850 604 1933 pertinet,
627 1850 692 1933 qui,
717 1848 802 1931 quod
825 1846 966 1929 audiunt,
995 1846 1028 1912 iu
1052 1846 1224 1913 memoriae
1247 1850 1357 1913 rauba
1380 1866 1483 1914 recou-

317 1963 396 2028 dunt
418 1963 601 2049 dulciusque
630 1962 818 2029 ruminando
847 1963 1011 2028 recondita
1038 1960 1163 2048 saepius
1191 1962 1231 2027 ad
1259 1982 1294 2029 oa
1323 1968 1481 2043 reuocaut3

317 2078 391 2143 dum
426 2078 504 2144 alios
532 2079 686 2145 reconditi
714 2078 803 2145 verbi
832 2078 1015 2145 dulcissima
1042 2077 1252 2145 ruminatione
1284 2078 1481 2161 fructificant,

316 2194 458 2259 nolentes
481 2194 669 2280 proterenda
691 2194 831 2279 gluttine,
856 2194 940 2260 velot
963 2213 1032 2260 mos
1056 2200 1103 2261 est
1118 2194 1295 2261 miserande
1318 2194 1480 2263 stulticiae.

315 2308 406 2375 Unde
420 2309 584 2376 scribitur:
600 2310 780 2377 Thesaurus
796 2312 1013 2377 desiderabilia
1027 2315 1239 2399 requiescitis
1255 2334 1308 2378 ora
1323 2315 1482 2400 sapienta

315 2427 427 2492 arabae
450 2441 552 2493 uatem
572 2429 679 2514 pluerit
699 2425 808 2494 illad‘.
844 2425 1039 2494 Thesaurum
1063 2447 1137 2512 ergo
1158 2427 1401 2496 desiderabilem
1422 2427 1483 2493 the·

316 2543 511 2610 saurizemus
532 2544 567 2609 in
590 2545 699 2627 corde,
727 2548 762 2609 ut
784 2544 963 2629 requiescat
984 2545 1017 2610 iu
1041 2563 1109 2626 ore;
1138 2545 1331 2629 requiescat,
1355 2563 1421 2610 non
1443 2549 1484 2610 te·

315 2679 401 2726 mere
423 2659 565 2746 prodeat

405 2775 613 2844 Cautissimaa
636 2777 762 2861 quidem
778 2775 977 2842 discretionis
1000 2775 1099 2841 oculis
1120 2775 1253 2861 quisque
1268 2774 1365 2842 debat
1386 2777 1484 2842 inteu-

315 2891 399 2976 dere,
424 2891 499 2977 quid
521 2892 676 2976 loquendo
692 2891 834 2977 prolerre
850 2891 965 2976 quidue
979 2891 1139 2960 reticendo
1155 2891 1268 2958 debeat
1285 2891 1483 2960 abscondere

316 3008 416 3086 Quam
430 3007 653 3074 discretionem
667 3007 737 3095 ipsa
752 3006 947 3074 solummodo
963 3011 1069 3092 potest
1082 3007 1173 3075 nobis
1188 3007 1369 3075 intellectus
1385 3015 1485 3076 osten·

315 3123 405 3207 dere,
435 3143 506 3189 cum
535 3141 597 3208 qao
628 3125 718 3208 quasi
741 3123 876 3208 quodam
905 3123 1078 3190 hauritorio
1107 3123 1287 3209 potabimur
1313 3143 1400 3209 aqua
1428 3145 1486 3190 aa·

316 3239 505 3324 pientiae,
529 3240 677 3325 quatinus
692 3238 858 3304 consilium
874 3239 1068 3324 virtutesque
1088 3239 1247 3326 predictas
1263 3239 1302 3306 ad
1318 3240 1486 3308 salvandas

317 3355 438 3420 animas
461 3355 576 3422 habere
599 3374 776 3422 mereamur
798 3355 831 3419 in
855 3359 970 3420 mente.

404 3469 497 3554 Ecca,
518 3470 655 3537 utillima
677 3477 709 3539 et
730 3471 954 3537 honestissime
976 3471 1072 3536 series
1093 3470 1285 3556 septiformis
1308 3473 1434 3555 gratiae
1456 3471 1487 3536 iu

315 3587 430 3652 timore
443 3583 583 3670 Domini,
607 3588 661 3672 qui
677 3592 726 3653 est
738 3587 868 3653 inicium
891 3586 1075 3673 sapientiae,
1098 3585 1212 3672 incipit
1231 3587 1313 3653 etin
1330 3585 1488 3673 sapientia

315 3701 400 3781 finit3
430 3721 510 3787 quae
533 3705 671 3790 adtiapit
691 3729 713 3768 a
727 3706 796 3787 fiae
817 3725 916 3790 acque
939 3705 983 3768 ad
1001 3704 1100 3786 finem
1119 3704 1262 3789 fortiter,
1293 3715 1323 3769 et
1344 3705 1488 3791 disponit

315 3823 421 3884 oracio
442 3816 608 3885 cuooder‘.

403 3935 550 4019 Ideoque,
574 3934 648 4000 dum
672 3940 796 4000 scutum
820 3935 962 4001 cautelae
984 3935 1016 4001 in
1040 3933 1170 4001 oonsilio
1188 3935 1326 4021 positum
1351 3933 1515 4016 tibimet,-

315 4051 518 4116 dilectissime
540 4070 659 4135 caesar,
686 4069 784 4116 manu
807 4049 983 4117 dilectionis
1007 4051 1144 4134 exhibui,
1168 4057 1267 4117 totam
1291 4051 1410 4118 seriem
1432 4069 1488 4116 uo-

315 4172 400 4232 strae
431 4165 678 4234 confirmationis
707 4166 861 4252 explicui3
897 4173 934 4233 ut
961 4168 1051 4252 quasi
1079 4167 1265 4254 quibusdam
1295 4165 1486 4234 firmissimis

387 4325 411 4377 1.
430 4321 735 4394 Tob.o,17;Ps.31,a.
807 4323 833 4378 2.
852 4323 1022 4394 Levlt.ll,3.
1094 4326 1120 4380 3.
1140 4323 1286 4393 issimi.
1356 4323 1386 4379 4.
1405 4323 1485 4378 Pror.

315 4411 359 4478 21,
368 4411 413 4467 20.
432 4412 465 4467 V.
476 4411 602 4468 Sabatier
614 4411 764 4476 Bibliorum
776 4412 917 4468 versiones
930 4414 1059 4484 antiquae
1071 4413 1103 4468 T.
1114 4413 1141 4468 11
1152 4430 1179 4484 p.
1189 4411 1251 4469 330.
1309 4413 1335 4468 5.
1352 4411 1421 4485 Sap.
1427 4413 1454 4481 8,
1461 4413 1484 4467 1.
