3142 4850
279 330 345 397 620
555 347 678 396 asoms
702 347 782 394 urna
805 345 963 394 orionis.
997 345 1063 392 urs.
1079 345 1105 392 11
1129 340 1183 392 aa

190 523 259 577 1122
278 504 344 574 sui'
368 507 407 573 do
429 505 612 574 Bernhardo
640 507 799 589 scribens,
828 507 911 572 inter
932 511 1038 572 cetera
1061 503 1120 569 ait:
1149 504 1336 569 Bemdsbtus
1358 503 1449 568 Dens

278 627 491 710 omnipoteno,·
522 627 673 709 quoniam
700 645 760 708 per
781 623 936 686 bomiscos
957 621 1050 686 mam
1071 623 1211 708 prestitit
1232 620 1329 683 miebs'
1349 619 1451 684 muta

277 741 391 805 audire
412 751 440 804 et
459 741 586 818 discere,
612 759 671 824 que
691 740 785 824 prisce
807 737 1006 822 deneratam,
1029 759 1095 802 aon
1117 749 1238 802 canaam
1259 737 1299 799 ds
1321 736 1453 799 cronica

277 857 500 940 supputatione
521 855 576 918 sed
590 865 619 918 et
633 855 672 917 ds
686 855 835 917 masma
857 864 887 917 et
906 853 1083 918 rasabae
1106 850 1266 937 paschalis
1282 851 1452 915 obses-ean·

277 972 327 1049 tie,
352 973 448 1034 immo
471 971 510 1034 de
533 972 620 1034 omni
640 971 722 1034 iasar
742 989 803 1032 ooo
824 968 951 1033 oborto·
974 968 1142 1052 questione.

365 1081 531 1149 Udalricus
559 1083 654 1148 etiam
681 1081 848 1163 religiosus
875 1081 976 1146 sancti
1000 1081 1106 1164 Egidii
1135 1079 1295 1162 sacerdos,
1324 1080 1374 1144 cui
1400 1079 1454 1144 vir

276 1196 336 1264 Dei
359 1196 559 1264 Bernhardus
582 1195 808 1262 familiaritatis
831 1217 886 1262 sue
907 1196 1042 1279 gratiam
1071 1195 1248 1282 prestabat,
1275 1194 1455 1278 requisitus

278 1313 317 1378 ab
340 1333 377 1379 eo
399 1313 439 1378 do
462 1313 581 1378 ordinis
610 1319 642 1378 et
670 1313 917 1379 conversationis
939 1317 1048 1376 nostre
1071 1310 1238 1394 qualitate,
1267 1309 1454 1395 rospondit:

276 1429 412 1514 priscam
438 1427 562 1512 quidem
587 1426 707 1492 cenobii
731 1426 824 1493 buius
846 1426 1105 1494 consuetudinem
1125 1426 1291 1492 remissam
1314 1430 1347 1490 et
1368 1425 1456 1489 irre·

276 1543 420 1626 ligiosam
444 1541 614 1608 secundnm
631 1541 772 1609 ordinem
789 1541 1087 1626 amorbacensium'
1108 1541 1222 1621 fuisse;
1246 1539 1302 1606 sed
1319 1559 1339 1605 a
1354 1538 1456 1605 beato

276 1657 401 1744 presule
424 1657 539 1723 Ottone
561 1677 619 1743 per
641 1656 789 1723 dilectum
814 1663 937 1743 patrem
959 1663 1103 1723 nostrum
1119 1655 1370 1738 wolframum,
1392 1655 1456 1722 de-

276 1774 391 1839 cimum
415 1772 507 1838 buius
522 1772 583 1838 loci
598 1774 755 1858 abbatem,
779 1772 977 1859 spiritualem
992 1778 1026 1839 ot
1039 1772 1108 1838 Deo
1125 1777 1287 1856 acceptum
1303 1770 1458 1836 ordinem

275 1887 548 1971 Hirsaugiensium
571 1887 622 1954 hic
644 1889 840 1970 institutum
865 1894 897 1954 et
912 1909 951 1955 ox
967 1909 1003 1956 eo
1019 1887 1226 1975 pergratiam
1241 1886 1302 1952 Dei
1324 1889 1457 1952 antam

275 2003 308 2068 in
333 2003 462 2070 cenobio
484 2003 544 2068 hoc
567 2003 751 2070 monachilis
774 2005 930 2090 propositi
951 2004 1127 2070 sacravisse
1150 2001 1385 2088 perlectionem,
1415 2007 1460 2068 nt

276 2118 394 2184 Christi
417 2119 517 2184 bonus
541 2118 617 2183 odor
639 2120 682 2184 sit
703 2121 736 2185 in
760 2119 847 2184 omni
869 2116 966 2185 loco'.
1057 2117 1116 2184 His
1140 2118 1266 2200 auditis,
1288 2115 1459 2183 Bernhar-

276 2233 334 2300 dus
357 2234 535 2319 episcopus,
561 2231 684 2318 palmas
707 2241 857 2319 numque
880 2235 920 2300 ad
942 2233 1044 2301 celum
1068 2233 1261 2319 expandens,
1283 2231 1353 2299 Deo
1375 2251 1458 2299 cum

275 2347 414 2414 lacrimis
438 2349 556 2433 gratiss
580 2349 693 2433 agebat
720 2353 753 2415 et
780 2370 904 2415 summo
927 2350 1076 2436 deinceps
1102 2347 1215 2416 affectu
1236 2348 1341 2414 locum
1364 2347 1458 2415 buno

276 2464 447 2531 excolebat.
484 2464 564 2530 Nam
589 2470 621 2530 et
642 2464 674 2530 in
698 2471 853 2531 conventu
869 2466 1015 2550 fratrum,
1040 2466 1192 2551 depositis
1215 2462 1457 2550 pontificalibus

275 2578 482 2662 indumentis,
509 2580 653 2646 habitum
675 2580 884 2647 monachilem
905 2582 1060 2667 suscepit3
1090 2585 1123 2646 et
1143 2580 1284 2666 paternis
1306 2580 1457 2645 consiliis

275 2700 395 2761 tantam
425 2694 600 2761 memoriali
623 2692 830 2761 Wollrammo
859 2695 965 2762 abbati
999 2694 1228 2763 edificationem
1255 2695 1458 2780 conferebat,

275 2815 396 2875 utnon
419 2810 558 2875 modicas
574 2808 720 2875 Udalrico
736 2811 893 2877 sacerdoti
915 2812 1034 2895 gratias
1057 2817 1175 2894 ageret,
1198 2810 1368 2896 quodiam
1393 2812 1458 2879 de·

276 2924 476 2992 siderabilem
500 2924 561 2992 sibi
577 2926 678 2990 virum
702 2926 904 2993 insinuasset.
939 2926 1000 2993 Hic
1017 2929 1113 2994 otiam
1134 2928 1220 2992 inter
1234 2926 1297 2992 alia
1317 2927 1458 3011 pietatis

276 3044 307 3106 et
330 3040 496 3125 prudentio
519 3040 650 3106 consilia
672 3041 852 3127 trequentes
868 3041 1030 3108 adhortari
1050 3042 1184 3109 solebat:
1209 3048 1253 3125 nt,
1277 3042 1457 3125 siquando

275 3162 383 3241 pastor
406 3155 457 3221 bic
480 3154 642 3239 eligendus
666 3162 763 3241 esset,
793 3158 929 3224 assiduis
951 3158 1145 3224 orationibus
1175 3164 1208 3224 et
1229 3158 1354 3225 ieiuniis
1376 3159 1459 3226 ido-

275 3290 366 3335 neam
383 3270 474 3337 nobis
490 3291 509 3337 a
524 3269 591 3337 Deo
614 3272 749 3338 revelari
771 3292 938 3358 porsonam
954 3272 1185 3357 flagitaremus3
1209 3280 1242 3340 ot
1261 3293 1324 3339 non
1346 3274 1458 3343 aliurn

275 3385 336 3451 nisi
359 3385 467 3451 divina
489 3387 682 3453 revelatione
700 3387 892 3454 declaratum
916 3388 1107 3455 utilitatibus
1128 3390 1245 3455 nostris
1267 3393 1458 3475 peremnia

275 3500 472 3586 profuturum
496 3502 642 3569 sciamus.

364 3617 394 3681 2.
429 3617 547 3701 Agnito
571 3620 677 3702 itaque
700 3618 772 3704 pius
793 3618 868 3685 Otto
892 3620 1069 3686 sanctitatis
1091 3620 1160 3686 eius
1181 3640 1306 3687 rumore
1327 3620 1458 3691 celebri

275 3737 307 3797 et
328 3730 454 3798 insolito
483 3732 664 3800 hisdiebus
687 3734 727 3800 ad
756 3754 897 3820 paganos
925 3735 1150 3821 predicationis
1171 3736 1310 3820 fervore,
1338 3736 1458 3806 debita

275 3867 346 3914 eum
362 3849 563 3914 ueneratione
579 3849 751 3934 excipiens,
774 3870 899 3918 omnem
923 3852 1184 3938 peregrinationis
1208 3873 1264 3919 sue
1281 3852 1456 3923 historiam

275 3968 306 4029 et
333 3967 451 4029 statum
474 3962 676 4031 Pomeranice
705 3968 809 4049 gentis
835 3968 957 4034 curiose
980 3967 1209 4035 sciscitabatur.
1249 3968 1367 4046 Quibus
1393 3992 1457 4037 ex·

274 4078 396 4164 positis,
420 4078 633 4164 Bernhardus‚
659 4081 802 4148 senciens
824 4082 913 4169 pium
937 4083 1085 4150 Ottonern
1109 4085 1149 4151 ad
1173 4104 1266 4151 omne
1289 4104 1367 4170 opus
1393 4086 1456 4154 bo-

346 4270 367 4302 a.
391 4257 471 4303 aborta
489 4256 513 4305 O.
609 4258 632 4304 b.
656 4258 871 4307 Amberbsconsium
889 4258 913 4307 0.

276 4439 293 4493 2
320 4352 371 4494 141.
382 4350 562 4495 1,,50οιιιριιιι·“
587 4356 618 4407 ut
639 4352 762 4425 videtum
785 4353 821 4409 oi.
839 4368 924 4425 supra
945 4370 973 4425 p.
987 4356 1040 4411 538
1058 4372 1085 4411 u.
1098 4357 1124 4411 b.
1237 4358 1265 4412 ὓ.
1290 4356 1452 4415 scortum
1477 4380 1484 4401 .

293 4480 300 4507 ‚
356 4479 361 4493 .
417 4480 424 4494 .
