3142 4850
305 323 371 387 41¹2
649 339 816 388 nosnarcr
837 339 965 387 conam
999 336 1061 387 aaa.
1074 335 1128 388 234

221 513 287 568 1127
305 503 423 566 sidium
445 502 619 586 conferant,
644 504 772 587 ipseque
795 501 874 565 mitt
895 513 1005 565 contra
1027 522 1133 597 omnes
1148 499 1305 586 coritium
1317 497 1460 584 praebeat

304 621 350 681 eie
372 630 407 682 oo
429 617 552 680 auitum
575 619 720 702 racipere.
761 615 892 681 Nnnciis
921 615 1018 698 igitur
1040 615 1081 680 ad
1109 634 1160 680 me
1188 614 1341 697 reversis,
1369 616 1463 678 tantae

305 731 497 798 condicionis
526 732 722 797 exactionem
746 731 788 796 ad
815 751 867 797 me
893 731 1035 796 referunt
1062 749 1195 814 meoque
1222 730 1369 813 arbitrio,
1398 726 1465 812 quio

305 847 430 931 eligam,
453 846 685 930 derelinquunt
720 847 788 930 Ego
813 851 919 912 antem
937 881 977 892 -
1001 845 1215 912 condicionem
1230 842 1466 931 spiritualomin

303 935 434 1029 Batiam
451 962 553 1028 sciens
570 981 698 1028 exosam
709 957 726 1045 ¹,
750 963 783 1026 in
799 962 862 1027 lezi
878 961 1125 1028 contaminatam
1132 957 1154 1045 ²,
1177 961 1210 1026 in
1227 960 1366 1047 Symone
1381 957 1466 1026 maie

305 1073 450 1161 dictom³,
475 1077 645 1144 aDomino
665 1078 702 1142 in
726 1076 890 1160 euangelio
913 1077 1104 1163 prohibitam
1120 1113 1163 1124 -·-
1181 1077 1292 1142 oriris
1314 1074 1466 1144 catholicis

305 1178 471 1260 consiiiurn
495 1193 615 1278 quesivi
639 1199 671 1259 et
694 1213 806 1278 quero:
831 1213 872 1258 an
894 1192 953 1259 hoc
975 1212 1048 1259 cum
1070 1191 1171 1259 seinte
1194 1212 1266 1259 mea
1287 1194 1407 1279 possim
1427 1189 1467 1255 oi·

304 1310 397 1392 ferre,
426 1309 508 1393 quod
531 1309 647 1374 divinis
671 1308 885 1375 sanctionibus
908 1314 1028 1374 certum
1052 1313 1101 1374 cst
1123 1307 1322 1374 discordare
1348 1305 1466 1374 Certum

305 1425 422 1510 quippe
445 1422 522 1490 mibi
546 1430 603 1508 est,
626 1425 660 1489 in
685 1444 797 1490 manus
812 1423 948 1490 hominis
967 1423 1106 1490 incidere
1120 1445 1214 1509 quam
1229 1423 1314 1507 leges
1330 1421 1468 1490 Domini·

305 1539 531 1625 derelinquere.
615 1541 676 1606 Tot
690 1541 799 1625 itaque
813 1545 846 1606 et
859 1540 958 1606 tantis
973 1560 1144 1626 oppressus
1158 1541 1256 1606 immo
1275 1539 1469 1606 conculcatos

304 1657 439 1740 iniuriis,
463 1656 602 1722 omnium
626 1656 795 1742 provolvor
817 1656 949 1740 genibus
971 1654 1146 1724 miserabili
1168 1676 1265 1742 snper
1287 1653 1471 1742 calumpniis

304 1773 383 1840 meis
405 1772 640 1858 conquestione,
663 1777 700 1839 nt
722 1773 865 1840 fraterna
886 1792 938 1838 me
960 1773 1084 1856 dignari
1106 1771 1205 1838 velint
1226 1773 1452 1859 compassione

306 1983 394 2054 234.
415 1987 578 2054 Emmaus
594 1987 637 2052 ΙΙ
650 2007 742 2074 popo
760 1987 1001 2054 Artabanum]
1019 1987 1290 2074 archiepiscopum
1312 1986 1471 2073 Moyseo·
1556 1933 1559 1989 ἶ

415 2125 490 2168 oum
519 2104 742 2189 reprehendero
770 2106 909 2184 cedaar,
939 2105 1026 2190 qnod
1049 2101 1267 2170 Gebebcrdum
1296 2106 1472 2189 epmcoprao

416 2214 1472 2306 Wrzourymemconoacamoexcommunicaverant(133301
1556 2223 1560 2240 “

192 2365 284 2433 (1127)
393 2349 432 2416 N.
457 2371 566 2418 servus
595 2371 756 2420 serrorum
780 2352 841 2418 Dei
863 2351 1060 2434 A(delberto)
1090 2351 1260 2418 venerabili
1288 2351 1384 2418 fratri
1413 2349 1473 2416 ito-
1560 2382 1561 2424 ι

304 2466 435 2551 gantino
451 2468 686 2555 archiepiscopo
711 2475 743 2535 et
765 2469 957 2555 apostolicae
980 2469 1064 2536 sedis
1083 2469 1188 2552 iegato
1204 2467 1339 2535 smutem
1355 2474 1390 2535 et
1404 2486 1474 2554 apo-

304 2583 446 2649 stolicam
471 2583 729 2651 benedictionem.
761 2642 764 2647 .
1560 2582 1562 2599 ²

394 2699 517 2766 Scimus
542 2701 678 2785 quidem,
702 2700 805 2767 zelum
821 2700 883 2767 Dei
899 2720 954 2767 vos
976 2701 1102 2768 babere.
1137 2700 1237 2779 Quem
1258 2705 1368 2767 mmcn
1391 2699 1475 2766 satra

303 2816 434 2883 caritate
458 2816 585 2882 condire
609 2816 739 2899 debetis,
763 2823 799 2882 nt
819 2815 918 2882 nichil
940 2816 1109 2883 indiscrete
1131 2816 1186 2883 sed
1209 2817 1316 2881 omnia
1337 2816 1475 2882 rationa—
1560 2842 1562 2887 e

304 2932 409 2998 bilitcr
442 2938 474 2999 et
504 2932 676 2998 secundnm
706 2932 809 2999 Deum
844 2952 938 3015 agere
965 2932 1107 2998 valeatis.
1167 2910 1171 2915 ’
1203 2930 1475 3015 wirzeburgensis
1560 2990 1562 3009 2

304 3048 420 3134 quippe
443 3047 593 3114 ecclesiae
615 3048 799 3131 designatus
821 3049 1004 3134 episcopus,
1033 3068 1068 3115 ee
1090 3068 1111 3114 a
1132 3047 1222 3115 robis
1250 3053 1362 3114 centn
1388 3047 1476 3114 insti-

303 3164 383 3230 nam
408 3163 535 3247 gravari
558 3170 591 3230 et
612 3163 842 3249 praeiudicium
856 3164 1023 3248 sustinere,
1047 3164 1192 3249 querelas
1207 3164 1298 3230 nobis
1313 3164 1474 3251 deposuit:

304 3276 386 3365 qnod
409 3279 531 3365 ipsum,
554 3298 657 3365 neque
679 3279 913 3347 accusatoribus
935 3300 1038 3364 neque
1059 3279 1193 3347 testibus
1213 3280 1381 3363 iegittimis
1403 3299 1474 3347 con·

303 3394 419 3461 victum
454 3414 556 3479 neque
584 3400 696 3481 sponte
723 3396 900 3462 confessum
933 3416 1036 3481 neque
1068 3397 1217 3463 canonice
1248 3398 1473 3479 examinatum,
1560 3484 1562 3491 Ι

303 3514 463 3595 tamqnam
489 3511 638 3578 ecclesiae
660 3512 840 3578 invasorem
864 3546 904 3557 -
929 3512 964 3577 in
986 3531 1050 3596 qua
1076 3532 1111 3579 se
1137 3512 1271 3579 electum
1298 3518 1473 3579 asseverat⁸
1560 3500 1562 3527 ³

303 3662 342 3673 -
368 3632 399 3693 et
421 3627 637 3713 symoniacum
661 3628 911 3713 pronuntiatam,
934 3628 1153 3693 communione
1176 3628 1389 3695 ecclesiastica
1411 3628 1475 3714 pri·
1560 3642 1562 3701 ἰ

303 3742 462 3809 severitis.
552 3742 641 3821 Quod
665 3742 691 3809 si
715 3744 761 3809 ita
783 3750 841 3827 est,
863 3743 1096 3810 fraternitatem
1111 3750 1250 3810 vestram
1274 3766 1294 3811 a
1315 3746 1473 3813 canonicis

301 3857 420 3943 regulis
442 3858 594 3925 divinitas
622 3858 786 3945 inspiratis
815 3858 934 3944 liquido
962 3865 1087 3926 constat
1113 3861 1267 3927 deviasse.
1306 3861 1365 3928 Ait
1390 3862 1471 3929 enim

302 3994 393 4043 sacra
415 3994 571 4041 canonum
594 3974 775 4059 auctoritas,
802 3975 902 4041 adimi
924 3976 1072 4063 episcopo
1094 3977 1311 4063 episcopatum
1334 3997 1399 4044 non
1419 3976 1471 4043 de

371 4122 391 4154 e.
414 4106 458 4156 nei
474 4108 519 4155 mci
535 4108 558 4155 V.
661 4109 683 4155 b.
706 4122 736 4155 ex
752 4108 845 4165 Vm,
867 4108 1095 4170 lom-305,
1119 4108 1294 4157 coe—ece.
1394 4125 1414 4158 r.
1434 4122 1470 4156 rs·

300 4186 443 4235 semente.

373 4275 397 4328 1.
416 4274 528 4329 Numeri
546 4277 589 4345 22,
609 4275 651 4329 18.
742 4276 767 4328 2.
792 4274 834 4329 De
853 4273 930 4330 Giezi
947 4292 974 4329 v.
993 4275 1011 4329 4
1028 4275 1097 4347 Reg.
1111 4278 1137 4346 5,
1156 4278 1275 4331 21-27.
1365 4280 1392 4332 3.
1410 4278 1466 4333 Act.

301 4377 345 4431 ap.
359 4362 385 4430 8,
404 4363 448 4417 20.
519 4363 546 4417 4.
570 4360 646 4418 Haec
664 4363 781 4433 epistota
798 4367 828 4417 et
845 4378 886 4433 ec,
905 4378 976 4433 qnae
994 4364 1127 4437 sequitur,
1145 4364 1336 4423 vehementius
1353 4366 1465 4423 sebam

300 4448 432 4519 redolent,
451 4466 533 4521 quam
552 4464 622 4521 qaas
640 4466 690 4522 pro
707 4452 835 4521 genuinis
851 4455 990 4522 putemne.
