3142 4850
379 337 544 386 unnumcr
567 337 693 386 coniux.
729 335 871 388 aso-cca
1143 324 1210 389 453

60 495 166 577 multe,
189 493 215 560 si
238 515 317 581 opus
341 495 392 579 sit,
417 516 474 582 pro
491 497 579 564 vobis
595 496 735 564 dubitem
750 497 866 564 subire.
901 499 1005 565 Aliter
1019 499 1047 566 ai
1062 501 1210 584 lacerem,

60 611 164 678 neritis
191 611 304 677 vestris
334 631 533 696 nequaquam
563 613 633 698 pari
660 612 810 697 obsequie
839 613 1072 700 responderem.
1111 615 1210 683 Grato

59 725 167 810 quidem
190 727 294 794 animo
317 733 439 811 vesun,
463 727 605 811 domine,
629 727 821 813 complector
843 729 1009 810 benefieie3
1038 731 1211 817 plurimum

59 845 149 908 nmen
170 849 273 910 666666
296 841 475 927 obstringor
498 842 719 910 benivolentia.

57 1103 134 1176 267.
153 1107 194 1174 H.
211 1111 341 1195 quida-m
363 1111 489 1174 auidum
504 1113 704 1176 cessationem
720 1111 896 1176 litterarum
911 1133 1041 1176 sucrum
1056 1121 1210 1179 eacusat‘.

1077 1225 1116 1306 (Ε
1133 1227 1212 1306 247)

132 1355 393 1423 Reverentissimo
416 1357 544 1424 domino
567 1379 623 1425 suo
641 1357 680 1424 H.
697 1365 762 1424 tarn
779 1359 925 1424 devotum
943 1359 1057 1444 quam*
1072 1359 1212 1427 debitum

54 1473 140 1538 totius
161 1472 338 1539 dilectionis
361 1479 393 1540 et
414 1474 602 1541 humilitatis
627 1474 821 1558 obsequium.

133 1586 258 1654 Sincere
281 1591 414 1656 mentis·
438 1609 475 1656 66
497 1590 570 1656 {idei
591 1591 671 1658 ratic
688 1589 746 1656 bec
760 1589 875 1673 exigit:
899 1595 945 1672 66,
969 1610 1062 1674 quern
1080 1588 1213 1673 quisque

54 1721 117 1768 vere
139 1723 174 1770 ac
197 1704 249 1789 pie
273 1705 386 1788 diligit,
409 1726 535 1791 semper
557 1707 586 1772 ei
611 1726 760 1790 praesens
783 1705 894 1772 adesse
909 1704 1000 1784 velit3
1025 1704 1074 1770 vel
1090 1706 1117 1770 si
1131 1705 1215 1771 forte

52 1837 114 1883 666
137 1819 247 1885 abesse
270 1821 439 1903 contingit,
463 1823 511 1886 sui
535 1828 642 1886 tamen
665 1841 764 1905 usque
787 1820 983 1902 meminerit,
1008 1820 1114 1906 eique,
1137 1819 1214 1886 tide-

52 1930 115 1998 liter
130 1955 221 2018 quem
240 1934 360 2018 recolit,
383 1935 458 2002 licet
473 1937 596 2018 absens,
621 1935 725 2020 aliquo
742 1937 859 2001 amoris
875 1934 977 2000 officio
993 1955 1067 2000 suos
1087 1936 1215 2002 iuterim

52 2051 240 2116 commendet
262 2047 401 2117 affectus.
437 2051 525 2130 Quod
550 2057 654 2117 autem
678 2055 766 2118 tanto
791 2058 933 2137 tempore
957 2055 1083 2116 nostrae
1104 2049 1216 2117 absen-

52 2163 107 2229 tiae
133 2164 248 2232 litteris
277 2167 356 2233 meis
384 2167 487 2233 rarius
517 2167 685 2251 aliquando
715 2167 845 2232 memini
876 2165 1052 2232 dilectionis
1080 2171 1216 2248 6666666,

51 2297 157 2362 quaeso
181 2282 319 2364 domine,
343 2302 383 2349 ne
405 2287 567 2366 tamquam
590 2283 795 2348 inmemorem
818 2288 850 2347 et
865 2282 1023 2365 ingratum
1041 2302 1078 2347 ee
1098 2283 1216 2368 putetis

50 2393 228 2480 neglexisse.
277 2395 439 2483 Magisque
468 2404 552 2465 certe
581 2419 638 2465 nos
668 2397 699 2464 id
728 2397 910 2483 frequenter
939 2417 976 2465 ac
1000 2404 1085 2465 recte
1108 2397 1216 2465 scistis

52 2510 240 2581 adtendisse:
276 2534 370 2599 quarn
405 2512 532 2581 difficile
567 2536 662 2599 quarn
696 2534 776 2600 pene
804 2516 910 2599 potius
939 2516 983 2579 sit
1010 2514 1215 2601 impossibile,

50 2632 148 2695 666666
171 2630 370 2696 reverentiae
392 2636 500 2697 tautae
524 2629 684 2697 dilectioni
706 2635 875 2714 tantaeque
891 2635 1013 2695 vestrae
1030 2630 1217 2713 benignitati

51 2740 171 2827 dignum
201 2746 323 2831 aliquid
353 2746 556 2833 perscribere.
597 2745 710 2811 Vestra
732 2765 807 2811 6666
837 2746 951 2811 merita
973 2751 1139 2831 vestraque
1161 2745 1217 2810 do-

51 2858 127 2926 mine
149 2860 318 2945 beneficia,
347 2868 384 2927 ut
405 2881 540 2946 aequum
564 2868 626 2943 est,
650 2860 683 2926 in
706 2861 811 2926 auimo
835 2880 905 2927 meo
928 2862 1069 2943 graciose
1091 2880 1217 2945 semper

51 2992 306 3059 commemorans,
329 2976 427 3043 malui
451 2977 555 3062 potius
578 2976 675 3042 nichil
691 2976 855 3041 scribendo
872 2976 1101 3060 quodammodo
1116 2976 1218 3043 videri

52 3090 184 3175 ingratus
210 3113 307 3179 quarn
330 3091 434 3159 minus
458 3092 590 3159 dicendo
613 3092 717 3157 minus
742 3112 811 3157 esse
833 3090 999 3157 officiosus.

55 3362 131 3437 268.
152 3370 197 3435 N.
224 3370 371 3435 6666666166
402 3370 577 3435 sacedotes
604 3390 663 3454 per
692 3366 889 3433 Corinthium
917 3369 1076 3454 desperans
1104 3368 1217 3447 edocet,

151 3486 300 3551 66666666
320 3496 501 3570 potestatem
523 3506 587 3549 non
610 3484 685 3549 solie
708 3486 864 3570 episcopua
887 3485 943 3549 aed
957 3484 1099 3547 omnibua
1114 3504 1218 3546 sacer·

154 3602 282 3668 dotibus
305 3598 397 3667 cerel.
1084 3595 1123 3677 (Ε
1140 3596 1218 3677 312)

131 3732 360 3801 Dilectissimis
382 3733 416 3798 in
432 3731 557 3799 Christo
579 3732 730 3799 fratribus
749 3736 782 3798 et
796 3730 1071 3799 consacerdotibus
1087 3750 1144 3816 per
1159 3728 1219 3795 Ga-

54 3846 193 3918 riutbinrn
216 3848 371 3937 dispersis
387 3848 448 3933 .N.,
472 3846 575 3915 colore
598 3848 804 3914 consacerdos
828 3866 890 3912 non
914 3846 1028 3929 officio,
1050 3865 1220 3929 germanae

55 3965 186 4033 66666666
210 3966 336 4033 viscera
358 3984 396 4032 er
420 3970 487 4030 toto
510 3965 604 4031 corde
626 3969 658 4029 et
681 3964 797 4030 animo.

133 4078 256 4150 Forsan
280 4081 378 4167 aliqui
395 4086 534 4147 vestrum
558 4078 795 4147 stomachentur
811 4078 846 4145 in
860 4098 923 4161 66,
945 4078 1036 4164 quasi
1058 4083 1151 4164 typo·
1167 4098 1220 4143 su-

56 4195 173 4278 perbiae
188 4198 281 4265 robis
304 4196 572 4284 praesumpserim
591 4196 738 4279 scribere,
762 4214 834 4263 curn
850 4195 1036 4282 praesertim
1060 4193 1221 4279 plerisque

118 4388 138 4421 6.
158 4390 188 4422 ec
204 4376 316 4433 71076,
338 4375 360 4422 Ζ
374 4376 474 4436 pm,
499 4372 520 4420 0
532 4374 596 4429 cae,
617 4374 640 4420 Β
656 4374 785 4420 too-tl.
891 4372 914 4418 b.
938 4384 1004 4431 quern
1020 4370 1123 4418 debitum
1138 4368 1220 4418 6660.

56 4461 74 4498 c.
95 4456 178 4503 neritis
195 4456 222 4504 Ζ.
317 4455 339 4501 d.
364 4469 392 4501 66
408 4454 628 4509 Vrsae-urse,
646 4452 669 4501 Ζ
682 4466 707 4515 p.
719 4453 866 4500 278-778.
958 4466 979 4497 c.
1001 4451 1051 4512 tipo
1068 4452 1092 4499 V.
