3142 4850
294 234 338 300 24
674 249 840 300 numeror
861 251 989 300 oonnx.
1023 249 1079 302 aa

134 429 275 486 coo-911
296 409 448 498 quasdam
471 409 549 478 iuris
571 409 673 476 nostri
695 428 757 494 res,
781 429 860 495 quas
874 410 915 478 de
929 409 1065 496 quodam
1080 409 1179 478 nobili
1192 411 1304 478 mamis
1319 405 1466 478 nostrae¹

295 525 415 593 vasallo
438 525 507 592 iure
529 523 705 592 concambii
726 523 761 590 in
775 526 943 611 potestatis
965 531 1092 593 nostrae
1114 525 1287 593 dominium
1309 545 1369 592 nos
1391 545 1466 592 con·

296 645 360 708 stat
382 641 560 724 attraxisse,
585 659 645 725 qne
660 639 807 706 semotim
829 646 904 706 sunt
918 641 999 707 sitae
1012 642 1047 706 in
1062 661 1144 727 pago
1159 640 1198 706 N.
1214 641 1249 708 in
1264 641 1465 708 comitatibus

294 755 333 822 N.
351 760 383 822 ot
397 754 436 822 N.
454 755 488 822 in
510 755 588 821 locis
610 754 650 821 N.
666 755 873 840 nuncupatis,
896 758 929 820 et
951 755 1100 840 quicquid
1121 756 1207 822 idem
1229 757 1264 822 in
1285 755 1366 842 ipsis
1387 755 1466 821 locis

293 870 498 958 proprietatis
520 868 642 953 habuit,
665 869 807 954 exeeptis
829 869 1008 954 quindecim
1036 870 1204 956 mancipiis
1231 874 1337 937 cetera
1358 871 1467 938 omnia

294 985 470 1070 mnonicis,
498 985 533 1052 in
561 983 683 1071 capella
704 983 951 1071 Radisponensis
979 985 1116 1052 civitatis
1137 985 1172 1051 in
1194 985 1313 1052 bonore
1337 990 1467 1053 sanctm

294 1099 356 1168 Dei
378 1099 540 1184 genitricis
563 1104 743 1168 constructa
757 1099 907 1166 Domino.
918 1099 1070 1167 sdvatori
1084 1100 1320 1185 famulantibus,
1342 1101 1378 1168 in
1392 1120 1467 1187 pro-

293 1215 439 1302 prietatis
467 1215 583 1302 stipom
612 1216 769 1302 perpetim
792 1215 1011 1298 delegavimus.
1028 1235 1101 1282 cum
1123 1214 1286 1282 curtilibus
1309 1221 1345 1282 et
1365 1214 1466 1281 aedil·

292 1329 384 1415 ficiis,
407 1329 574 1416 mancipiis
597 1330 761 1416 utriusque
783 1349 889 1414 sexus,
912 1329 1109 1416 parachalbie
1123 1350 1294 1415 eorumque
1307 1329 1466 1413 censibus,

292 1445 387 1512 terris
416 1445 509 1513 cultis
544 1450 577 1512 et
608 1444 736 1512 incultis
770 1445 892 1531 campis
925 1445 1027 1532 pratis
1059 1447 1186 1532 pascuis
1219 1445 1308 1512 silvis
1338 1445 1401 1511 riis
1435 1448 1468 1511 et

292 1561 404 1647 inviis,
429 1559 519 1646 aquis
544 1578 736 1645 aquarumve
760 1559 960 1645 decursibus,
989 1560 1126 1628 exitibus
1149 1566 1181 1628 et
1202 1560 1365 1644 reditibus,
1389 1579 1467 1645 quo-

293 1677 364 1744 sitis
392 1682 439 1744 et·
468 1674 664 1761 inquirendis
698 1679 730 1742 ct
758 1695 831 1743 cum
853 1675 1000 1744 omnibus
1028 1677 1223 1764 appendiciis
1256 1677 1332 1743 snm.
1374 1675 1468 1743 Unde

292 1791 352 1860 hoc
363 1811 486 1878 quoque
495 1811 647 1878 praesens
659 1791 856 1858 auctoritatis
867 1796 997 1860 nostae
1006 1799 1211 1880 praeceptum
1221 1791 1291 1858 fieri
1303 1791 1467 1876 iussimus,

291 1906 426 1976 firmiter
447 1907 689 1994 praecipientes,
712 1911 749 1974 ιιι
770 1907 927 1993 praedicti
948 1909 1032 1975 servi
1047 1908 1109 1976 Dei
1124 1908 1250 1975 easdem
1269 1927 1321 1974 res
1343 1925 1385 1973 ex
1407 1907 1469 1974 boc

292 2042 376 2090 nuno
398 2028 431 2090 et
452 2023 487 2089 in
509 2007 623 2113 aarum
645 2023 714 2090 inre
727 2020 910 2090 firmissimo
932 2023 1056 2107 integre
1077 2023 1117 2089 ad
1137 2043 1212 2090 usus
1228 2023 1468 2089 sustentationis

293 2157 369 2205 suae
396 2142 525 2205 teneant
553 2143 648 2224 atque
676 2138 877 2225 possideant3
914 2158 952 2205 ea
978 2138 1126 2206 videlicet
1152 2139 1292 2223 ratione,
1322 2143 1360 2205 ιιι
1385 2138 1468 2206 nulli

294 2272 419 2338 eornm,
443 2253 621 2339 quicunque
643 2253 746 2340 ipsam
769 2274 828 2341 per
850 2253 1050 2320 succedentia
1073 2258 1216 2341 tempora
1238 2254 1295 2320 snb
1318 2253 1388 2321 iure
1411 2254 1467 2321 do-

293 2368 476 2437 minationis
503 2369 662 2438 retineant
683 2368 855 2457 capellam,
884 2368 980 2437 liceat
1007 2370 1166 2457 praelatas
1187 2388 1239 2437 res
1262 2369 1411 2456 cuiquam
1432 2371 1468 2437 in

294 2484 479 2554 Muefidnm
500 2489 673 2569 praestare.
709 2483 772 2551 Sed
788 2485 883 2551 licoat
903 2485 983 2572 ipsis
1006 2486 1156 2553 fratribus
1178 2486 1236 2553 bas
1258 2487 1345 2571 ipsas
1367 2486 1467 2553 doua-

293 2600 388 2667 tionis
417 2604 545 2666 norbae
575 2598 692 2684 absque
720 2600 930 2667 diminutione
957 2600 1009 2669 vel
1043 2601 1175 2668 alicuius
1209 2620 1365 2688 personae
1397 2620 1468 2667 mo-

292 2715 460 2783 lestatione
482 2734 591 2783 secure
614 2722 646 2783 ct
669 2714 774 2801 quiete
790 2716 948 2803 perpetim
971 2717 1134 2803 possidere
1157 2720 1189 2783 et
1209 2718 1301 2783 iuxta
1317 2717 1468 2803 propriae

293 2830 440 2899 utilitatis
469 2831 667 2899 commodum
699 2830 813 2900 exinde
838 2833 987 2898 universa
1015 2832 1197 2920 disponere;
1228 2838 1383 2917 quatenus
1413 2852 1467 2900 eos

293 2968 352 3035 pro
363 2948 454 3016 nobis
467 2952 500 3015 et
511 2946 762 3015 antecessoribus
772 2948 890 3014 nostris
903 2947 1034 3015 Domini
1048 2948 1297 3016 misericordiam
1312 2949 1467 3016 attentius

295 3083 427 3131 exorare
441 3061 584 3129 delectet.
610 3062 655 3130 Et
670 3067 707 3128 nt
720 3062 778 3129 bec
792 3062 970 3146 largitionis
985 3069 1113 3131 nostrae
1130 3065 1301 3133 auctoritas
1316 3063 1466 3151 deinceps

294 3176 416 3245 firmior
437 3176 590 3245 habeatur
617 3182 650 3245 et
677 3196 736 3263 per
757 3177 865 3245 lutura
886 3184 1033 3265 tempora
1053 3179 1329 3270 uerinscredatur
1357 3198 1396 3245 ac
1418 3180 1468 3246 di·

294 3293 443 3380 ligantias
466 3292 658 3376 obsersetur,
681 3310 779 3359 mann
794 3294 924 3380 propria
946 3295 1057 3362 subtus
1080 3315 1151 3363 eam
1170 3296 1355 3363 roborantes
1371 3294 1467 3363 anulo

295 3414 403 3479 nostm
425 3407 570 3491 insigniri
592 3406 751 3475 iussimus.

296 3620 332 3691 5.
360 3618 521 3687 Nonnulli
541 3622 657 3707 synodi
678 3622 850 3709 Popicasa’a
873 3616 1052 3689 οαιιοπεε“.
1375 3620 1465 3706 (Ε2)

223 3766 275 3821 aar
381 3750 507 3819 Placuit
529 3759 656 3821 saneim
679 3755 809 3841 synodo,
833 3759 870 3821 nt
883 3774 993 3822 omnes
1014 3755 1156 3842 episcopi
1169 3754 1387 3839 occidentales,
1412 3757 1468 3841 qui

293 3868 328 3935 in
350 3867 548 3955 depositione
569 3868 691 3936 Amore
714 3869 879 3939 Rememia
902 3871 1131 3958 archicpiscopi
1152 3870 1280 3937 fuerunt
1301 3875 1347 3951 et,
1370 3874 1467 3939 certis

363 4066 383 4099 a.
407 4055 448 4101 aut
462 4052 489 4100 Z.
553 4070 563 4081 ·
582 4052 604 4099 b.
628 4066 658 4101 aa
674 4052 697 4103 V.
715 4056 738 4113 θ,
755 4056 777 4103 Ζ
785 4071 812 4117 p.
823 4058 940 4105 11-1a.·
961 4056 1095 4117 capitula
1114 4055 1468 4115 constitutaatiregorio

293 4130 417 4180 Romano
442 4132 604 4193 pontilica,
627 4134 696 4183 lilio
720 4134 839 4183 Ottonia
861 4138 950 4195 regia.

366 4254 391 4307 1.
409 4250 478 4307 Otae
495 4254 689 4325 imperatricis,
706 4256 800 4312 uxoria
816 4254 934 4311 Amulli.
1016 4259 1043 4313 2.
1065 4256 1108 4314 (ll.
1120 4256 1284 4328 GregorilV
1300 4271 1392 4327 papae
1409 4259 1470 4328 epi-

293 4341 392 4399 stolam
410 4354 494 4413 supra
511 4341 543 4395 T.
557 4341 596 4396 111
614 4358 641 4413 p.
653 4344 714 4400 351.
