3142 4850
209 480 278 537 1101

182 558 235 600 aute
251 553 310 601 Nor.

231 1747 301 1802 1108

216 1819 270 1867 liei.
279 1820 309 1867 19

329 289 395 358 258
672 305 839 354 uolumen
861 305 988 354 connx.
1027 301 1084 354 lto.
1100 301 1147 352 141

328 485 423 551 quam
443 465 534 540 nobis
551 471 583 532 et
596 485 694 549 regno
709 463 816 547 debes,
833 473 1082 532 ammonemus·:
1106 465 1152 546 ut,
1169 461 1255 528 omni
1270 461 1421 528 occasione
1433 459 1475 525 de
1556 469 1558 512 ἱ

328 587 459 665 anneta,
480 581 563 647 sieut
575 581 676 647 honor
692 585 742 647 est
754 581 845 663 regni
861 587 955 664 atquo
970 584 1052 662 tuus,
1070 578 1111 646 cd
1126 577 1360 665 expedicionem
1372 575 1475 650 neuim
1555 593 1558 610 ¹

328 699 447 782 aciens,
483 697 567 782 qnod
601 696 636 762 in
669 697 816 782 proximo
848 695 929 762 festo
958 701 1138 761 sanctorum
1166 688 1325 760 omuinm¹
1348 687 1476 774 impu·
1554 700 1558 741 ³

327 815 419 881 iuxta
439 811 593 879 Leodium
616 811 854 892 conveniemus3
878 811 984 898 parati
1007 829 1102 896 snper
1121 809 1303 876 Flandriam
1328 807 1461 892 equitare

417 928 484 995 Nee
498 928 634 1012 mireris,
657 933 815 995 mutatum
832 947 901 995 osse
917 927 1085 994 adveutum
1102 930 1244 992 nostrum
1260 923 1480 1010 Radispooaort
1555 907 1558 930 ³

328 1045 412 1112 sicut
432 1043 644 1127 intellexeras,
668 1043 794 1128 quaudo
815 1043 978 1110 uobiscum
1002 1061 1082 1109 eras.
1117 1041 1199 1120 Quia
1220 1039 1313 1106 huius
1334 1040 1380 1106 rei
1393 1057 1481 1106 nocco

329 1161 407 1228 sitas
428 1160 609 1241 intervenit,
633 1163 666 1225 et
686 1159 808 1226 utiliter
825 1159 866 1225 ad
881 1158 974 1225 decus
997 1158 1088 1242 regni
1109 1156 1243 1224 firmiter
1258 1163 1307 1224 est
1319 1151 1483 1222 laudatsab

329 1276 475 1342 omnibus
496 1275 614 1342 uostris
637 1274 816 1362 expeditiod
838 1279 948 1341 nostra
970 1293 1066 1360 super
1086 1273 1208 1339 hostes·
1231 1272 1265 1338 iu
1287 1269 1465 1338 Flaudriau.

333 1488 420 1558 141.
439 1489 483 1556 N.
507 1511 619 1569 eomes,
645 1491 815 1554 morano
839 1489 983 1554 ecelesiae
1006 1488 1259 1574 Bamberpeoaa'e,
1285 1487 1386 1552 α’άοιη
1407 1482 1484 1548 ecch-

439 1607 508 1670 aiae
526 1605 696 1690 praedium
719 1606 880 1690 quoddam
902 1601 1034 1670 astam.
1364 1599 1400 1680 (E
1424 1597 1486 1676 110)
1553 1603 1556 1610 ”

417 1736 534 1804 Notum
557 1737 601 1802 sit
623 1735 769 1803 omuibus
784 1735 903 1803 Christi
926 1735 1069 1802 fidelibus
1089 1741 1155 1802 tam
1170 1735 1285 1800 tuturis
1302 1753 1398 1818 quam
1412 1749 1489 1818 prae-

329 1852 482 1935 sentibus,
505 1850 590 1937 quod
604 1871 709 1920 comes
724 1852 776 1937 N.‚
793 1852 963 1920 advocatus
979 1851 1248 1934 Babcnbergensis
1264 1848 1423 1931 ecclesiae,
1437 1853 1489 1912 aa
1556 1871 1557 1876 ¹

328 1968 411 2034 didit
431 1968 598 2054 praedium
619 1989 711 2034 suum
735 1967 774 2034 N.
799 1974 907 2035 sancto
932 1967 1045 2036 Georio
1068 1988 1126 2054 pro
1148 1967 1368 2052 redemptione
1383 1965 1490 2030 animae
1554 1957 1558 1996 ³

328 2103 405 2152 suae
432 2089 464 2150 et
491 2089 660 2169 pareutum
688 2104 834 2165 snorum3
863 2105 900 2150 eo
931 2083 1077 2152 videlieet
1091 2087 1214 2169 -pacto,
1242 2086 1279 2147 ut
1300 2080 1339 2146 N.
1371 2085 1403 2146 et
1421 2077 1491 2144 filins
1555 2073 1558 2080 '

330 2200 397 2266 eius
418 2198 459 2264 N.
488 2197 607 2283 absque
634 2199 882 2267 contradictione
906 2200 1089 2286 possideant
1111 2199 1194 2264 idem
1217 2197 1386 2284 praedium
1408 2211 1493 2278 usqne

328 2315 363 2382 in
385 2313 481 2380 linem
503 2315 589 2381 vitae
611 2335 697 2398 suae,
720 2315 766 2382 ita
781 2335 868 2398 saue,
893 2320 929 2382 ut
944 2315 1098 2402 praedicti
1114 2314 1238 2381 comitis
1254 2311 1494 2380 anniversarium

329 2431 414 2499 diem
437 2432 491 2517 pia
511 2430 653 2497 recolant
673 2432 847 2499 devotione.
882 2432 959 2498 Post
974 2452 1106 2517 quorum
1124 2430 1244 2498 obitum
1257 2435 1404 2497 transeat
1416 2446 1494 2515 prae·

329 2548 448 2615 dictum
478 2546 628 2613 allodium
654 2547 689 2613 in
717 2552 907 2633 potestatem
935 2546 1245 2631 Bobenbergensium
1271 2546 1426 2627 nauum,
1452 2540 1497 2626 qui

329 2666 424 2731 etiam
453 2663 685 2729 anniversarios
712 2664 796 2747 dies,
826 2663 950 2730 comitis
974 2662 1121 2731 videlicet
1142 2662 1337 2747 aliorumque
1362 2662 1498 2739 duorum,

328 2777 414 2846 fideli
437 2778 553 2846 debent
573 2778 774 2863 frequentare
797 2780 1104 2847 commemoratione.
1138 2778 1256 2857 Quodsi
1278 2782 1498 2863 postmortem

329 2894 454 2961 comitio
470 2894 639 2978 quisquam
661 2914 718 2979 per
733 2894 917 2963 violentiam
933 2894 1055 2982 eripere
1072 2895 1206 2962 voluerit
1221 2894 1259 2960 N.
1277 2898 1309 2960 et
1322 2892 1394 2961 filio
1409 2892 1500 2979 ipsius
1556 2892 1557 2919 ³

329 3010 562 3097 possessionem
589 3008 763 3095 supradicti
791 3011 928 3096 praedii,
958 3013 1124 3098 episcopus
1146 3010 1422 3093 Babenbergensis
1446 3025 1501 3073 una

329 3146 402 3192 oum
424 3126 592 3207 fratribus,
620 3125 654 3191 id
676 3146 716 3192 ne
738 3125 810 3211 liat,
838 3148 962 3194 summa
985 3127 1171 3194 anctoritate
1194 3126 1361 3193 defensare
1385 3124 1502 3192 debent.
1556 3116 1558 3123 ’

332 3240 367 3308 Si
393 3262 468 3309 vero
497 3240 679 3326 episcopus,
708 3242 791 3325 quod
821 3242 919 3326 absit,
948 3243 998 3310 vel
1025 3245 1140 3310 iratres
1169 3242 1233 3309 tale
1263 3241 1386 3327 aliquid
1409 3237 1504 3308 moliti
1557 3258 1558 3265 ¹

329 3356 465 3439 ineunt,
493 3355 616 3423 scilieet
642 3362 679 3423 ut
704 3356 768 3424 illis
797 3358 917 3425 duobus
942 3358 1086 3425 auferant
1108 3363 1203 3445 pacta
1224 3358 1405 3444 praesentis
1429 3357 1505 3422 ritae

329 3471 506 3558 praesidia,
535 3472 628 3539 irrita
654 3479 687 3538 et
713 3493 909 3559 supervacua
932 3475 992 3542 erit
1014 3476 1228 3561 praescriptae
1251 3473 1426 3541 oblationis
1448 3478 1507 3539 tra-

330 3588 424 3655 dicio.
458 3587 497 3653 N.
515 3608 639 3673 qnoque
658 3588 742 3655 filins
757 3590 881 3657 comitis
896 3591 1016 3658 nnllam
1031 3591 1147 3658 habeat
1161 3596 1350 3677 potestatem
1369 3589 1508 3657 eiusdem

330 3704 465 3791 praedii,
489 3703 613 3769 vivente
635 3710 738 3772 matre
760 3726 828 3773 aua.
865 3706 1002 3791 Uterque
1017 3728 1103 3789 vero,
1127 3726 1222 3792 quam
1245 3706 1299 3773 diu
1314 3708 1418 3792 vivat,
1442 3726 1509 3794 per·

330 3819 457 3887 solvant
484 3819 636 3886 iratribus
660 3841 700 3886 ex
722 3821 833 3888 eodem
856 3822 985 3909 praedio
1009 3822 1144 3889 solidum
1167 3842 1264 3891 unum
1286 3842 1346 3909 per
1369 3822 1511 3907 singulos

332 3955 440 4003 annos.
475 3934 573 4003 Facta
590 3940 638 4003 est
652 3934 711 4001 hec
726 3936 881 4021 delegatio
900 3940 941 4003 14
957 3935 1027 4004 Kal.
1043 3937 1126 4004 lunii
1139 3958 1220 4004 anno
1238 3936 1277 4005 ab
1293 3939 1510 4005 incarnatione

331 4051 490 4119 dominica
525 4053 627 4136 1108,
661 4052 834 4119 indictione
863 4049 913 4137 3¹,
948 4074 1055 4122 coram
1082 4053 1224 4137 O(ttone)
1253 4053 1512 4139 Babenbergeusi

402 4243 423 4275 a.
445 4243 565 4276 monemus
580 4229 667 4287 VZCB,
684 4244 840 4277 monemus
858 4230 885 4277 G.
978 4232 1001 4277 h.
1022 4232 1136 4291 Thnngria
1154 4232 1178 4280 V.
1271 4247 1291 4279 e.
1315 4232 1472 4294 Retispouam
1487 4232 1513 4281 G.

333 4309 356 4357 d.
379 4310 473 4370 expedit
486 4308 513 4355 0.
606 4325 627 4357 a.
650 4312 742 4358 nocuos
758 4310 855 4359 adda.
949 4312 965 4358 1.
989 4311 1412 4373 ανῆ-4211110546.

406 4415 429 4468 1.
455 4412 526 4469 nov.
540 4413 565 4469 1.
654 4416 681 4470 a.
698 4430 772 4471 sono
791 4416 862 4470 11oe
879 4414 980 4485 onoma
997 4416 1111 4471 indictio
1127 4417 1152 4471 1.
