3142 4850
374 335 497 386 saorra
520 337 600 384 vrrs
623 337 780 386 maome.
816 339 881 387 nm.
898 339 938 386 111
959 335 1015 388 aa
1212 324 1278 389 663

105 514 242 578 currere,
266 495 475 582 obstupefacti
490 495 636 564 abierunt
656 501 830 564 retrorsum
845 502 880 564 et
892 496 1075 564 cecderunt
1094 499 1129 564 in
1148 505 1275 567 terram.
1332 515 1402 569 1127

104 609 265 676 Districus
280 617 396 694 autem
408 611 519 678 ridens
535 613 706 678 amentiam
722 631 841 695 eorum,
857 613 998 698 proiecto
1009 611 1121 698 obpeo,
1138 615 1276 701 antagit3
1290 590 1345 648 ¹³⁰⁸*
1354 587 1447 634 Μ

105 725 292 792 benedicens
315 725 435 810 Deam,
462 729 516 810 qni
539 725 578 793 de
600 727 746 794 manibus
769 747 879 793 eorum
901 726 1036 794 liberare
1058 728 1206 812 dignatus
1228 735 1279 796 est

103 837 213 906 fideles
236 859 320 908 suos.

194 957 226 1020 9.
258 955 432 1042 Apostolus
454 955 561 1040 itaque
583 955 841 1040 Pomeranorum,
863 961 964 1022 totam
986 957 1158 1025 instantem
1181 958 1276 1026 ebdo-

103 1069 231 1136 madam
261 1071 294 1136 in
322 1072 432 1138 eadem
461 1072 589 1138 ciuitate
611 1070 742 1138 uerbum
772 1070 846 1140 fidei
873 1072 1097 1157 (deseminana,
1127 1074 1277 1160 baptismi

102 1186 240 1269 gratiam
264 1187 403 1269 tradens,
427 1185 598 1253 Iohannem
621 1187 803 1270 religiosum
828 1187 1041 1272 presbiterum
1064 1188 1111 1254 eis
1132 1190 1274 1275 prefecit

103 1299 220 1388 Sieqne
247 1301 343 1368 aliam
364 1302 475 1368 urbem
499 1297 744 1385 Ghoaegowam¹
766 1303 915 1388 expetiit,
944 1303 1064 1388 inqua
1091 1303 1200 1386 magni
1222 1303 1277 1371 de·

6 1409 10 1414 ’
102 1417 187 1483 corio
210 1422 242 1482 et
264 1418 337 1483 miri
365 1416 491 1483 artificii
521 1417 597 1482 fana
623 1422 730 1500 erant,
760 1437 821 1502 qne
848 1417 934 1483 cives
956 1418 1097 1484 eiusdem
1125 1418 1187 1484 loci
1212 1423 1276 1484 tre·

102 1532 204 1599 centis
220 1537 442 1600 exstruerent
456 1531 593 1600 talentis.
631 1531 693 1598 Sed
716 1537 748 1599 et
763 1533 854 1599 beato
877 1532 962 1618 patri
977 1538 1086 1598 nostm
1101 1534 1276 1599 maximam

101 1648 237 1733 pecnme
259 1649 469 1732 quantitatem
492 1646 681 1731 offerebant,
709 1667 749 1714 ne
773 1667 811 1714 aa
833 1646 967 1730 deleret,
995 1649 1054 1717 sed
1079 1667 1138 1734 pro
1160 1654 1276 1715 amatu

100 1762 164 1828 loci
187 1762 311 1845 integra
332 1767 364 1830 et
385 1763 571 1830 inconvulsa
592 1770 777 1830 reservaret
812 1762 902 1841 Quod
925 1763 974 1828 vir
995 1761 1126 1830 Domini
1148 1765 1275 1849 penitus

101 1876 272 1962 abdicavit,
296 1897 392 1964 seque
413 1878 613 1965 nullo.pacto
629 1879 800 1963 sacrilegae
815 1878 888 1945 odes
903 1898 1066 1945 recavere
1081 1877 1274 1960 affirmabat3

100 1993 227 2060 dicens:
249 1998 322 2080 post
332 1993 504 2062 decatum
520 2015 611 2061 sunm
627 1996 795 2062 materiam
810 1996 969 2081 apostasia
980 2013 1170 2078 musamqae
1184 1993 1276 2061 ruine

99 2106 237 2174 infirmis
266 2109 380 2177 exinde
407 2111 568 2193 generari;
599 2130 695 2194 seqne
722 2111 815 2176 hnius
838 2109 944 2176 delicti
966 2113 1058 2177 reatu
1084 2109 1169 2176 nolle
1190 2108 1275 2196 apud

100 2223 206 2292 Deum
229 2223 372 2307 obhgari.

192 2338 340 2424 Magnam
358 2359 434 2407 vero
455 2340 663 2427 predicationi
687 2359 742 2406 sue
766 2341 986 2407 auctoritatem
1009 2339 1116 2424 dabat,
1139 2340 1215 2426 qnia
1230 2375 1273 2386 -

99 2476 175 2523 cum
198 2456 353 2523 Dominus
382 2457 560 2524 ordinasset
589 2458 654 2540 his,
689 2458 744 2542 qni
771 2456 970 2541 euangelium
998 2456 1207 2539 annunciant,
1235 2456 1275 2523 de

100 2572 266 2656 euangelio
297 2568 419 2639 vivere¹
440 2608 481 2619 -
505 2574 574 2658 ipse
607 2571 698 2639 iuxta
727 2571 904 2657 apostolum
937 2578 1079 2640 nonest
1110 2590 1187 2637 usus
1216 2571 1275 2637 hac

99 2693 269 2775 potestate.
309 2688 515 2767 Quinimmo
544 2688 682 2774 propriis
712 2708 746 2753 se
769 2688 962 2772 comitesque
983 2706 1057 2754 suos
1078 2686 1276 2771 banaigebat
1311 2692 1321 2709 ⁴

99 2803 292 2889 sumptibus.
327 2803 411 2881 Quos
434 2808 553 2869 statuto
577 2808 718 2890 tempore
741 2822 781 2869 ex
805 2801 889 2868 villis
911 2802 1065 2889 episcopii
1086 2822 1144 2888 per
1165 2801 1274 2869 fideles

98 2920 230 2987 nantes
258 2917 319 2985 sibi
347 2918 478 3003 deferri,
515 2922 648 3005 paterna
681 2918 862 3005 provisione
888 2917 1033 2985 sollerter
1060 2918 1273 3003 disposuerat;

55 3042 58 3071 ¹
99 3054 228 3103 omnem
244 3034 418 3119 derogandi
440 3035 635 3101 occasionem
658 3034 774 3101 invidis
798 3034 922 3101 anferre
944 3037 1107 3117 satagens3
1129 3034 1274 3100 neforto

99 3154 304 3239 reputarent,
338 3170 409 3218 eum
441 3170 537 3217 cansa
571 3148 678 3237 inopie
713 3156 780 3217 tam
808 3155 947 3217 remotes
980 3149 1084 3216 adisse
1112 3149 1272 3232 regionem

99 3266 204 3354 qnasi,
226 3267 367 3333 interra
389 3286 447 3333 ana
469 3268 635 3350 ingruente
656 3286 763 3343 rernm
788 3264 971 3332 victualium
993 3264 1137 3351 pecuda,
1159 3265 1194 3329 in
1215 3262 1275 3330 hec

25 3440 34 3459 .
99 3384 343 3473 opulentissima
363 3402 463 3466 regna
490 3381 654 3464 secedens,
683 3380 741 3449 sub
769 3386 918 3468 pretextu
948 3379 1187 3463 euangelizandi
1209 3380 1273 3445 vite

97 3499 317 3569 sustentacula
339 3502 558 3581 argumentose
587 3497 771 3581 requireret.
813 3496 912 3576 Quod
930 3495 1103 3582 prudenter
1130 3494 1274 3561 ammad-

99 3621 227 3683 vertcns
250 3616 299 3682 vir
321 3614 517 3697 sagacissimi
539 3613 668 3696 ingenii,
698 3630 872 3697 numquam
893 3612 935 3678 ab
957 3611 1014 3694 eis,
1044 3610 1157 3694 quibus
1179 3610 1274 3695 spiri·

98 3730 203 3801 tnalia
223 3729 410 3814 seminabat,
433 3727 574 3795 amana
588 3735 707 3795 metere
721 3726 861 3809 volebat3
883 3727 940 3794 sed
961 3744 1021 3792 nec
1041 3726 1110 3791 loco
1133 3726 1274 3792 muneris

99 3848 271 3936 quicquam
306 3845 346 3912 ab
375 3846 420 3912 eis
448 3844 611 3932 percipere
640 3842 809 3911 consensit
855 3842 891 3908 Si
917 3862 993 3908 vero
1024 3862 1044 3906 a
1069 3840 1272 3927 primoribus,

99 3963 163 4031 sibi
185 3961 369 4029 fidelissima
391 3960 606 4027 familiaritate
635 3958 876 4040 adherentibus,
906 3958 1074 4043 quicquam
1097 3956 1273 4024 volantum

100 4078 267 4146 offerretur
283 4083 324 4161 et,
348 4082 383 4143 ut
404 4076 437 4142 id
460 4076 644 4172 susciperet,
669 4075 769 4141 multa
791 4093 920 4161 precum
942 4073 1097 4139 instantia
1117 4072 1272 4139 constrin-

99 4200 239 4281 geretur,
262 4194 342 4280 ipse,
365 4193 404 4259 de
427 4192 493 4259 suis
513 4191 656 4277 preciosa
671 4190 812 4275 quelibet
825 4191 872 4257 eis
887 4188 1113 4255 honorabiliter
1127 4186 1272 4271 offerens,

101 4310 226 4378 maiora
248 4308 344 4377 dabat
366 4328 460 4394 qnam
484 4306 672 4393 accepisset;
702 4306 848 4392 exemplo
871 4304 1065 4390 Salomonis,
1088 4303 1144 4389 qni
1165 4304 1273 4387 regine

174 4442 199 4494 1.
219 4438 364 4496 Gnnkow.
470 4440 497 4493 2.
517 4436 762 4505 monacham.
