<?xml version="1.0" encoding="UTF-8"?>
<!DOCTYPE html PUBLIC "-//W3C//DTD XHTML 1.0 Transitional//EN"
    "http://www.w3.org/TR/xhtml1/DTD/xhtml1-transitional.dtd">
<html xmlns="http://www.w3.org/1999/xhtml" xml:lang="en" lang="en">
 <head>
  <title>
</title>
<meta http-equiv="Content-Type" content="text/html;charset=utf-8" />
  <meta name='ocr-system' content='tesseract 3.04.00' />
  <meta name='ocr-capabilities' content='ocr_page ocr_carea ocr_par ocr_line ocrx_word'/>
</head>
<body>
  <div class='ocr_page' id='page_1' title='image "./bibliothecareru06jaffgoog_0415.png"; bbox 0 0 3142 4850; ppageno 0'>
   <div class='ocr_carea' id='block_1_1' title="bbox 156 857 301 990">
    <p class='ocr_par' dir='ltr' id='par_1_1' title="bbox 156 857 301 990">
     <span class='ocr_line' id='line_1_1' title="bbox 193 857 263 910; baseline 0 0"><span class='ocrx_word' id='word_1_1' title='bbox 193 857 263 910; x_wconf 82' lang='lat'>1125</span> 
     </span>
     <span class='ocr_line' id='line_1_2' title="bbox 156 929 301 990; baseline 0 -14"><span class='ocrx_word' id='word_1_2' title='bbox 156 929 301 990; x_wconf 75' lang='lat' dir='ltr'><strong>Sept-Oct.</strong></span> 
     </span>
    </p>
   </div>
   <div class='ocr_carea' id='block_1_2' title="bbox 318 303 1109 370">
    <p class='ocr_par' dir='ltr' id='par_1_2' title="bbox 318 303 1109 370">
     <span class='ocr_line' id='line_1_3' title="bbox 318 303 1109 370; baseline 0.003 -2"><span class='ocrx_word' id='word_1_3' title='bbox 318 303 384 368; x_wconf 79' lang='lat'><strong>398</strong></span> <span class='ocrx_word' id='word_1_4' title='bbox 701 321 868 370; x_wconf 81' lang='lat' dir='ltr'><strong>nnannror</strong></span> <span class='ocrx_word' id='word_1_5' title='bbox 891 321 1018 370; x_wconf 83' lang='lat' dir='ltr'><strong>oonnx.</strong></span> <span class='ocrx_word' id='word_1_6' title='bbox 1052 317 1109 370; x_wconf 77' lang='lat' dir='ltr'><strong>aas</strong></span> 
     </span>
    </p>
   </div>
   <div class='ocr_carea' id='block_1_3' title="bbox 320 473 1478 799">
    <p class='ocr_par' dir='ltr' id='par_1_3' title="bbox 320 473 1478 799">
     <span class='ocr_line' id='line_1_4' title="bbox 320 473 1475 567; baseline -0.003 -22"><span class='ocrx_word' id='word_1_7' title='bbox 320 476 408 546; x_wconf 79' lang='lat'><strong>226.</strong></span> <span class='ocrx_word' id='word_1_8' title='bbox 428 479 617 546; x_wconf 81' lang='lat' dir='ltr'><strong>Adcldcrtca</strong></span> <span class='ocrx_word' id='word_1_9' title='bbox 638 481 662 545; x_wconf 90' lang='lat' dir='ltr'><em>I</em></span> <span class='ocrx_word' id='word_1_10' title='bbox 685 473 941 567; x_wconf 72' lang='lat' dir='ltr'><strong>archiepiscopus</strong></span> <span class='ocrx_word' id='word_1_11' title='bbox 971 480 1179 566; x_wconf 66' lang='lat' dir='ltr'><strong>crepacem</strong></span> <span class='ocrx_word' id='word_1_12' title='bbox 1209 480 1352 544; x_wconf 67' lang='lat' dir='ltr'><strong>Orionem</strong></span> <span class='ocrx_word' id='word_1_13' title='bbox 1376 477 1398 542; x_wconf 87' lang='lat' dir='ltr'><em>I</em></span> <span class='ocrx_word' id='word_1_14' title='bbox 1418 481 1475 564; x_wconf 81' lang='lat' dir='ltr'><strong>epi·</strong></span> 
     </span>
     <span class='ocr_line' id='line_1_5' title="bbox 428 595 1478 682; baseline 0.001 -24"><span class='ocrx_word' id='word_1_15' title='bbox 428 617 558 681; x_wconf 83' lang='lat' dir='ltr'><strong>scopum</strong></span> <span class='ocrx_word' id='word_1_16' title='bbox 573 597 837 682; x_wconf 64' lang='lat' dir='ltr'><strong>Benehapeneem</strong></span> <span class='ocrx_word' id='word_1_17' title='bbox 857 609 961 682; x_wconf 69' lang='lat' dir='ltr'><strong>repat,</strong></span> <span class='ocrx_word' id='word_1_18' title='bbox 983 600 1092 661; x_wconf 73' lang='lat' dir='ltr'><strong>oesiot</strong></span> <span class='ocrx_word' id='word_1_19' title='bbox 1106 598 1151 660; x_wconf 89' lang='lat' dir='ltr'><strong>od</strong></span> <span class='ocrx_word' id='word_1_20' title='bbox 1170 597 1328 681; x_wconf 61' lang='lat' dir='ltr'><strong>amodum</strong></span> <span class='ocrx_word' id='word_1_21' title='bbox 1345 595 1478 659; x_wconf 64' lang='lat' dir='ltr'><strong>adano</strong></span> 
     </span>
     <span class='ocr_line' id='line_1_6' title="bbox 429 708 1477 799; baseline -0.002 -23"><span class='ocrx_word' id='word_1_22' title='bbox 429 711 690 799; x_wconf 72' lang='lat' dir='ltr'><strong>Wrzc&#39;burpcoeic</strong></span> <span class='ocrx_word' id='word_1_23' title='bbox 713 735 811 778; x_wconf 69' lang='lat' dir='ltr'><strong>corma</strong></span> <span class='ocrx_word' id='word_1_24' title='bbox 833 721 1062 779; x_wconf 62' lang='lat' dir='ltr'><strong>convococomt</strong></span> <span class='ocrx_word' id='word_1_25' title='bbox 1354 708 1394 790; x_wconf 79' lang='lat' dir='ltr'><strong>(E</strong></span> <span class='ocrx_word' id='word_1_26' title='bbox 1409 709 1477 789; x_wconf 68' lang='lat'><strong>32⁸2)</strong></span> 
     </span>
    </p>
   </div>
   <div class='ocr_carea' id='block_1_4' title="bbox 314 840 1562 3804">
    <p class='ocr_par' dir='ltr' id='par_1_4' title="bbox 317 840 1479 1256">
     <span class='ocr_line' id='line_1_7' title="bbox 405 840 1477 928; baseline -0.001 -20"><span class='ocrx_word' id='word_1_27' title='bbox 405 843 622 926; x_wconf 69' lang='lat' dir='ltr'><strong>Aidelbertus)</strong></span> <span class='ocrx_word' id='word_1_28' title='bbox 650 851 776 912; x_wconf 89' lang='lat' dir='ltr'><strong>sanctae</strong></span> <span class='ocrx_word' id='word_1_29' title='bbox 799 843 1003 928; x_wconf 79' lang='lat' dir='ltr'><strong>Moguntinae</strong></span> <span class='ocrx_word' id='word_1_30' title='bbox 1031 842 1181 911; x_wconf 89' lang='lat' dir='ltr'><strong>ccclesiae</strong></span> <span class='ocrx_word' id='word_1_31' title='bbox 1209 841 1337 908; x_wconf 88' lang='lat' dir='ltr'><strong>humilis</strong></span> <span class='ocrx_word' id='word_1_32' title='bbox 1362 840 1477 908; x_wconf 65' lang='lat' dir='ltr'><strong>servus*</strong></span> 
     </span>
     <span class='ocr_line' id='line_1_8' title="bbox 317 955 1479 1057; baseline -0.002 -34"><span class='ocrx_word' id='word_1_33' title='bbox 317 962 350 1024; x_wconf 88' lang='lat' dir='ltr'><strong>et</strong></span> <span class='ocrx_word' id='word_1_34' title='bbox 365 957 556 1057; x_wconf 89' lang='lat' dir='ltr'><strong>apostolicae</strong></span> <span class='ocrx_word' id='word_1_35' title='bbox 578 958 661 1026; x_wconf 87' lang='lat' dir='ltr'><strong>sedis</strong></span> <span class='ocrx_word' id='word_1_36' title='bbox 676 961 799 1044; x_wconf 83' lang='lat' dir='ltr'><strong>legatus</strong></span> <span class='ocrx_word' id='word_1_37' title='bbox 814 959 986 1027; x_wconf 80' lang='lat' dir='ltr'><strong>venerabili</strong></span> <span class='ocrx_word' id='word_1_38' title='bbox 1011 967 1043 1026; x_wconf 93' lang='lat' dir='ltr'><strong>et</strong></span> <span class='ocrx_word' id='word_1_39' title='bbox 1064 959 1098 1026; x_wconf 91' lang='lat' dir='ltr'><strong>in</strong></span> <span class='ocrx_word' id='word_1_40' title='bbox 1114 959 1239 1025; x_wconf 80' lang='lat' dir='ltr'><strong>Christo</strong></span> <span class='ocrx_word' id='word_1_41' title='bbox 1262 957 1377 1025; x_wconf 86' lang='lat' dir='ltr'><strong>dilecto</strong></span> <span class='ocrx_word' id='word_1_42' title='bbox 1397 955 1479 1021; x_wconf 83' lang='lat' dir='ltr'><strong>fratri</strong></span> 
     </span>
     <span class='ocr_line' id='line_1_9' title="bbox 318 1073 1479 1162; baseline -0.003 -22"><span class='ocrx_word' id='word_1_43' title='bbox 318 1079 350 1140; x_wconf 86' lang='lat' dir='ltr'><strong>et</strong></span> <span class='ocrx_word' id='word_1_44' title='bbox 365 1075 550 1162; x_wconf 80' lang='lat' dir='ltr'>coepiscopo</span> <span class='ocrx_word' id='word_1_45' title='bbox 566 1075 681 1142; x_wconf 92' lang='lat' dir='ltr'><strong>domno</strong></span> <span class='ocrx_word' id='word_1_46' title='bbox 698 1076 832 1158; x_wconf 86' lang='lat' dir='ltr'><strong>0(ttoni)</strong></span> <span class='ocrx_word' id='word_1_47' title='bbox 855 1075 989 1142; x_wconf 89' lang='lat' dir='ltr'><strong>salutem</strong></span> <span class='ocrx_word' id='word_1_48' title='bbox 1007 1082 1040 1142; x_wconf 92' lang='lat' dir='ltr'><strong>et</strong></span> <span class='ocrx_word' id='word_1_49' title='bbox 1054 1075 1240 1159; x_wconf 82' lang='lat' dir='ltr'>obsequium</span> <span class='ocrx_word' id='word_1_50' title='bbox 1261 1073 1419 1139; x_wconf 72' lang='lat' dir='ltr'><strong>fraternae</strong></span> <span class='ocrx_word' id='word_1_51' title='bbox 1439 1073 1479 1137; x_wconf 90' lang='lat' dir='ltr'><strong>di-</strong></span> 
     </span>
     <span class='ocr_line' id='line_1_10' title="bbox 317 1187 471 1256; baseline 0.019 -3"><span class='ocrx_word' id='word_1_52' title='bbox 317 1187 471 1256; x_wconf 87' lang='lat' dir='ltr'><strong>lectionis.</strong></span> 
     </span>
    </p>

    <p class='ocr_par' dir='ltr' id='par_1_5' title="bbox 314 1303 1562 3804">
     <span class='ocr_line' id='line_1_11' title="bbox 406 1303 1481 1392; baseline -0.001 -20"><span class='ocrx_word' id='word_1_53' title='bbox 406 1305 638 1373; x_wconf 85' lang='lat' dir='ltr'><strong>Tribulationes</strong></span> <span class='ocrx_word' id='word_1_54' title='bbox 662 1311 694 1372; x_wconf 91' lang='lat' dir='ltr'><strong>et</strong></span> <span class='ocrx_word' id='word_1_55' title='bbox 714 1307 944 1374; x_wconf 80' lang='lat' dir='ltr'><strong>destructiones</strong></span> <span class='ocrx_word' id='word_1_56' title='bbox 959 1304 1213 1392; x_wconf 85' lang='lat' dir='ltr'><strong>Herbipolcnsis·</strong></span> <span class='ocrx_word' id='word_1_57' title='bbox 1228 1303 1389 1388; x_wconf 85' lang='lat' dir='ltr'><strong>ccclesiae,</strong></span> <span class='ocrx_word' id='word_1_58' title='bbox 1410 1323 1481 1388; x_wconf 84' lang='lat' dir='ltr'><strong>quae</strong></span> 
     </span>
     <span class='ocr_line' id='line_1_12' title="bbox 317 1419 1481 1508; baseline -0.003 -20"><span class='ocrx_word' id='word_1_59' title='bbox 317 1426 350 1488; x_wconf 89' lang='lat' dir='ltr'><strong>et</strong></span> <span class='ocrx_word' id='word_1_60' title='bbox 372 1427 509 1508; x_wconf 86' lang='lat' dir='ltr'><strong>quantae</strong></span> <span class='ocrx_word' id='word_1_61' title='bbox 535 1421 615 1504; x_wconf 85' lang='lat' dir='ltr'><strong>siut,</strong></span> <span class='ocrx_word' id='word_1_62' title='bbox 644 1443 739 1508; x_wconf 90' lang='lat' dir='ltr'><strong>quam</strong></span> <span class='ocrx_word' id='word_1_63' title='bbox 762 1423 817 1490; x_wconf 92' lang='lat' dir='ltr'><strong>diu</strong></span> <span class='ocrx_word' id='word_1_64' title='bbox 843 1423 1042 1506; x_wconf 80' lang='lat' dir='ltr'><strong>duraverint,</strong></span> <span class='ocrx_word' id='word_1_65' title='bbox 1070 1421 1133 1486; x_wconf 90' lang='lat' dir='ltr'><strong>iam</strong></span> <span class='ocrx_word' id='word_1_66' title='bbox 1162 1420 1282 1487; x_wconf 89' lang='lat' dir='ltr'><strong>dudum</strong></span> <span class='ocrx_word' id='word_1_67' title='bbox 1307 1419 1481 1486; x_wconf 85' lang='lat' dir='ltr'><strong>discretioni</strong></span> 
     </span>
     <span class='ocr_line' id='line_1_13' title="bbox 318 1535 1481 1625; baseline -0.001 -23"><span class='ocrx_word' id='word_1_68' title='bbox 318 1543 441 1604; x_wconf 86' lang='lat' dir='ltr'><strong>vestrae</strong></span> <span class='ocrx_word' id='word_1_69' title='bbox 463 1537 609 1604; x_wconf 87' lang='lat' dir='ltr'><strong>innotuit.</strong></span> <span class='ocrx_word' id='word_1_70' title='bbox 654 1535 740 1616; x_wconf 81' lang='lat' dir='ltr'><strong>Quae</strong></span> <span class='ocrx_word' id='word_1_71' title='bbox 762 1559 863 1625; x_wconf 89' lang='lat' dir='ltr'><strong>usque</strong></span> <span class='ocrx_word' id='word_1_72' title='bbox 886 1539 964 1604; x_wconf 88' lang='lat' dir='ltr'><strong>adeo</strong></span> <span class='ocrx_word' id='word_1_73' title='bbox 986 1536 1215 1622; x_wconf 73' lang='lat' dir='ltr'><strong>multiplicatae</strong></span> <span class='ocrx_word' id='word_1_74' title='bbox 1237 1542 1326 1618; x_wconf 86' lang='lat' dir='ltr'><strong>eunt,</strong></span> <span class='ocrx_word' id='word_1_75' title='bbox 1359 1536 1422 1603; x_wconf 84' lang='lat' dir='ltr'><strong>nisi</strong></span> <span class='ocrx_word' id='word_1_76' title='bbox 1441 1537 1481 1601; x_wconf 85' lang='lat' dir='ltr'><strong>cis</strong></span> 
     </span>
     <span class='ocr_line' id='line_1_14' title="bbox 316 1650 1482 1740; baseline -0.003 -22"><span class='ocrx_word' id='word_1_77' title='bbox 316 1653 351 1718; x_wconf 92' lang='lat' dir='ltr'><strong>in</strong></span> <span class='ocrx_word' id='word_1_78' title='bbox 373 1651 461 1719; x_wconf 88' lang='lat' dir='ltr'><strong>brevi</strong></span> <span class='ocrx_word' id='word_1_79' title='bbox 484 1653 650 1740; x_wconf 87' lang='lat' dir='ltr'><strong>provideat</strong></span> <span class='ocrx_word' id='word_1_80' title='bbox 673 1654 890 1740; x_wconf 71' lang='lat' dir='ltr'><strong>omnipotens*</strong></span> <span class='ocrx_word' id='word_1_81' title='bbox 912 1661 945 1720; x_wconf 92' lang='lat' dir='ltr'><strong>et</strong></span> <span class='ocrx_word' id='word_1_82' title='bbox 968 1653 1144 1720; x_wconf 80' lang='lat' dir='ltr'><strong>misericors</strong></span> <span class='ocrx_word' id='word_1_83' title='bbox 1160 1652 1325 1736; x_wconf 85' lang='lat' dir='ltr'><strong>Dominus,</strong></span> <span class='ocrx_word' id='word_1_84' title='bbox 1351 1650 1482 1737; x_wconf 87' lang='lat' dir='ltr'><strong>quadiu</strong></span> 
     </span>
     <span class='ocr_line' id='line_1_15' title="bbox 315 1767 1484 1855; baseline -0.001 -21"><span class='ocrx_word' id='word_1_85' title='bbox 315 1768 462 1855; x_wconf 84' lang='lat' dir='ltr'><strong>proximo</strong></span> <span class='ocrx_word' id='word_1_86' title='bbox 486 1770 618 1835; x_wconf 89' lang='lat' dir='ltr'><strong>ecelesia</strong></span> <span class='ocrx_word' id='word_1_87' title='bbox 639 1769 696 1836; x_wconf 90' lang='lat' dir='ltr'><strong>illa</strong></span> <span class='ocrx_word' id='word_1_88' title='bbox 711 1770 901 1836; x_wconf 90' lang='lat' dir='ltr'><strong>omnimodis</strong></span> <span class='ocrx_word' id='word_1_89' title='bbox 924 1769 1176 1836; x_wconf 87' lang='lat' dir='ltr'><strong>adnichilabitur.</strong></span> <span class='ocrx_word' id='word_1_90' title='bbox 1267 1767 1371 1851; x_wconf 86' lang='lat' dir='ltr'><strong>Unde,</strong></span> <span class='ocrx_word' id='word_1_91' title='bbox 1393 1767 1422 1833; x_wconf 90' lang='lat' dir='ltr'><strong>si</strong></span> <span class='ocrx_word' id='word_1_92' title='bbox 1440 1767 1484 1833; x_wconf 80' lang='lat' dir='ltr'><strong>ia·</strong></span> 
     </span>
     <span class='ocr_line' id='line_1_16' title="bbox 317 1882 1484 1971; baseline -0.003 -20"><span class='ocrx_word' id='word_1_93' title='bbox 317 1883 416 1951; x_wconf 88' lang='lat' dir='ltr'><strong>cultas</strong></span> <span class='ocrx_word' id='word_1_94' title='bbox 440 1889 631 1971; x_wconf 78' lang='lat' dir='ltr'><strong>suppeteret,</strong></span> <span class='ocrx_word' id='word_1_95' title='bbox 656 1891 781 1952; x_wconf 87' lang='lat' dir='ltr'><strong>vestrae</strong></span> <span class='ocrx_word' id='word_1_96' title='bbox 803 1886 1011 1952; x_wconf 68' lang='lat' dir='ltr'><strong>iramrnitatis</strong></span> <span class='ocrx_word' id='word_1_97' title='bbox 1033 1885 1247 1970; x_wconf 86' lang='lat' dir='ltr'><strong>praesentiam</strong></span> <span class='ocrx_word' id='word_1_98' title='bbox 1270 1889 1303 1950; x_wconf 93' lang='lat' dir='ltr'><strong>et</strong></span> <span class='ocrx_word' id='word_1_99' title='bbox 1323 1882 1484 1949; x_wconf 87' lang='lat' dir='ltr'><strong>consilium</strong></span> 
     </span>
     <span class='ocr_line' id='line_1_17' title="bbox 316 1997 1485 2088; baseline -0.002 -23"><span class='ocrx_word' id='word_1_100' title='bbox 316 1999 516 2086; x_wconf 91' lang='lat' dir='ltr'><strong>potissimum</strong></span> <span class='ocrx_word' id='word_1_101' title='bbox 552 1999 803 2067; x_wconf 85' lang='lat' dir='ltr'><strong>desideraremus</strong></span> <span class='ocrx_word' id='word_1_102' title='bbox 835 2002 1004 2068; x_wconf 89' lang='lat' dir='ltr'><strong>convenire</strong></span> <span class='ocrx_word' id='word_1_103' title='bbox 1032 2006 1065 2068; x_wconf 89' lang='lat' dir='ltr'><strong>et</strong></span> <span class='ocrx_word' id='word_1_104' title='bbox 1091 2001 1131 2066; x_wconf 90' lang='lat' dir='ltr'><strong>dc</strong></span> <span class='ocrx_word' id='word_1_105' title='bbox 1160 2002 1261 2088; x_wconf 88' lang='lat' dir='ltr'><strong>ipsius</strong></span> <span class='ocrx_word' id='word_1_106' title='bbox 1289 1997 1485 2066; x_wconf 85' lang='lat' dir='ltr'><strong>reformanda</strong></span> 
     </span>
     <span class='ocr_line' id='line_1_18' title="bbox 317 2114 1562 2202; baseline -0.004 -21"><span class='ocrx_word' id='word_1_107' title='bbox 317 2135 394 2202; x_wconf 89' lang='lat' dir='ltr'><strong>pace</strong></span> <span class='ocrx_word' id='word_1_108' title='bbox 417 2121 449 2182; x_wconf 89' lang='lat' dir='ltr'><strong>et</strong></span> <span class='ocrx_word' id='word_1_109' title='bbox 470 2114 632 2200; x_wconf 78' lang='lat' dir='ltr'><strong>religione,</strong></span> <span class='ocrx_word' id='word_1_110' title='bbox 657 2121 809 2201; x_wconf 88' lang='lat' dir='ltr'><strong>quantum</strong></span> <span class='ocrx_word' id='word_1_111' title='bbox 825 2117 933 2182; x_wconf 89' lang='lat' dir='ltr'><strong>divine</strong></span> <span class='ocrx_word' id='word_1_112' title='bbox 953 2117 1172 2184; x_wconf 86' lang='lat' dir='ltr'><strong>misericordia</strong></span> <span class='ocrx_word' id='word_1_113' title='bbox 1185 2115 1381 2198; x_wconf 83' lang='lat' dir='ltr'><strong>concederet,</strong></span> <span class='ocrx_word' id='word_1_114' title='bbox 1405 2114 1485 2181; x_wconf 89' lang='lat' dir='ltr'><strong>solli-</strong></span> <span class='ocrx_word' id='word_1_115' title='bbox 1560 2167 1562 2176; x_wconf 93' lang='lat'><em>.</em></span> 
     </span>
     <span class='ocr_line' id='line_1_19' title="bbox 316 2231 1486 2318; baseline -0.003 -20"><span class='ocrx_word' id='word_1_116' title='bbox 316 2231 413 2298; x_wconf 92' lang='lat' dir='ltr'><strong>cicius</strong></span> <span class='ocrx_word' id='word_1_117' title='bbox 437 2236 640 2316; x_wconf 87' lang='lat' dir='ltr'><strong>pertractare.</strong></span> <span class='ocrx_word' id='word_1_118' title='bbox 677 2231 840 2318; x_wconf 87' lang='lat' dir='ltr'><strong>Siquidem</strong></span> <span class='ocrx_word' id='word_1_119' title='bbox 852 2233 1000 2316; x_wconf 76' lang='lat' dir='ltr'><strong>fratrum,</strong></span> <span class='ocrx_word' id='word_1_120' title='bbox 1024 2232 1078 2317; x_wconf 92' lang='lat' dir='ltr'><strong>qui</strong></span> <span class='ocrx_word' id='word_1_121' title='bbox 1096 2232 1259 2299; x_wconf 91' lang='lat' dir='ltr'><strong>nobiscum</strong></span> <span class='ocrx_word' id='word_1_122' title='bbox 1275 2235 1351 2297; x_wconf 88' lang='lat' dir='ltr'><strong>aunt</strong></span> <span class='ocrx_word' id='word_1_123' title='bbox 1365 2237 1400 2296; x_wconf 91' lang='lat' dir='ltr'><strong>et</strong></span> <span class='ocrx_word' id='word_1_124' title='bbox 1414 2249 1486 2314; x_wconf 86' lang='lat' dir='ltr'><strong>quoa</strong></span> 
     </span>
     <span class='ocr_line' id='line_1_20' title="bbox 316 2344 1487 2435; baseline -0.002 -23"><span class='ocrx_word' id='word_1_125' title='bbox 316 2345 571 2434; x_wconf 85' lang='lat' dir='ltr'><strong>praesentialiter</strong></span> <span class='ocrx_word' id='word_1_126' title='bbox 595 2346 644 2413; x_wconf 89' lang='lat' dir='ltr'><strong>vel</strong></span> <span class='ocrx_word' id='word_1_127' title='bbox 667 2367 723 2435; x_wconf 90' lang='lat' dir='ltr'><strong>per</strong></span> <span class='ocrx_word' id='word_1_128' title='bbox 745 2347 868 2414; x_wconf 89' lang='lat' dir='ltr'><strong>litteras</strong></span> <span class='ocrx_word' id='word_1_129' title='bbox 891 2354 1018 2414; x_wconf 88' lang='lat' dir='ltr'><strong>nostras</strong></span> <span class='ocrx_word' id='word_1_130' title='bbox 1041 2348 1210 2413; x_wconf 89' lang='lat' dir='ltr'><strong>convenire</strong></span> <span class='ocrx_word' id='word_1_131' title='bbox 1233 2346 1406 2433; x_wconf 89' lang='lat' dir='ltr'><strong>potuimus,</strong></span> <span class='ocrx_word' id='word_1_132' title='bbox 1428 2344 1487 2411; x_wconf 88' lang='lat' dir='ltr'><strong>tale</strong></span> 
     </span>
     <span class='ocr_line' id='line_1_21' title="bbox 317 2461 1562 2549; baseline -0.001 -21"><span class='ocrx_word' id='word_1_133' title='bbox 317 2468 365 2529; x_wconf 87' lang='lat' dir='ltr'><strong>ost</strong></span> <span class='ocrx_word' id='word_1_134' title='bbox 387 2461 569 2529; x_wconf 89' lang='lat' dir='ltr'><strong>consilium:</strong></span> <span class='ocrx_word' id='word_1_135' title='bbox 594 2464 742 2548; x_wconf 91' lang='lat' dir='ltr'><strong>quoniam</strong></span> <span class='ocrx_word' id='word_1_136' title='bbox 768 2464 956 2530; x_wconf 88' lang='lat' dir='ltr'><strong>venerabilis</strong></span> <span class='ocrx_word' id='word_1_137' title='bbox 979 2466 1079 2530; x_wconf 82' lang='lat' dir='ltr'><strong>trater</strong></span> <span class='ocrx_word' id='word_1_138' title='bbox 1101 2471 1134 2529; x_wconf 87' lang='lat' dir='ltr'><strong>ot</strong></span> <span class='ocrx_word' id='word_1_139' title='bbox 1156 2464 1361 2549; x_wconf 86' lang='lat' dir='ltr'><strong>coepiscopus</strong></span> <span class='ocrx_word' id='word_1_140' title='bbox 1383 2467 1488 2528; x_wconf 85' lang='lat' dir='ltr'><strong>noster</strong></span> <span class='ocrx_word' id='word_1_141' title='bbox 1560 2516 1562 2547; x_wconf 83' lang='grc'>,</span> 
     </span>
     <span class='ocr_line' id='line_1_22' title="bbox 315 2562 1562 2663; baseline 0.003 -18"><span class='ocrx_word' id='word_1_142' title='bbox 315 2576 474 2663; x_wconf 82' lang='lat' dir='ltr'><strong>Rogerus¹</strong></span> <span class='ocrx_word' id='word_1_143' title='bbox 496 2580 580 2645; x_wconf 89' lang='lat' dir='ltr'><strong>viam</strong></span> <span class='ocrx_word' id='word_1_144' title='bbox 605 2580 772 2647; x_wconf 88' lang='lat' dir='ltr'><strong>universae</strong></span> <span class='ocrx_word' id='word_1_145' title='bbox 794 2580 900 2646; x_wconf 89' lang='lat' dir='ltr'><strong>carnis</strong></span> <span class='ocrx_word' id='word_1_146' title='bbox 926 2581 1087 2663; x_wconf 80' lang='lat' dir='ltr'><strong>ingressus</strong></span> <span class='ocrx_word' id='word_1_147' title='bbox 1110 2584 1176 2661; x_wconf 89' lang='lat' dir='ltr'><strong>cst,</strong></span> <span class='ocrx_word' id='word_1_148' title='bbox 1203 2580 1237 2643; x_wconf 90' lang='lat' dir='ltr'><strong>in</strong></span> <span class='ocrx_word' id='word_1_149' title='bbox 1259 2578 1318 2644; x_wconf 89' lang='lat' dir='ltr'><strong>hoc</strong></span> <span class='ocrx_word' id='word_1_150' title='bbox 1341 2578 1489 2645; x_wconf 86' lang='lat' dir='ltr'><strong>ecclesiae</strong></span> <span class='ocrx_word' id='word_1_151' title='bbox 1560 2562 1562 2649; x_wconf 51' lang='lat'>³</span> 
     </span>
     <span class='ocr_line' id='line_1_23' title="bbox 315 2692 1489 2782; baseline 0.001 -23"><span class='ocrx_word' id='word_1_152' title='bbox 315 2692 362 2760; x_wconf 95' lang='lat' dir='ltr'><strong>illi</strong></span> <span class='ocrx_word' id='word_1_153' title='bbox 394 2696 633 2781; x_wconf 84' lang='lat' dir='ltr'><strong>provideamus,</strong></span> <span class='ocrx_word' id='word_1_154' title='bbox 667 2702 703 2762; x_wconf 92' lang='lat' dir='ltr'><strong>ut</strong></span> <span class='ocrx_word' id='word_1_155' title='bbox 734 2694 948 2782; x_wconf 88' lang='lat' dir='ltr'><strong>promovendo</strong></span> <span class='ocrx_word' id='word_1_156' title='bbox 973 2696 1105 2762; x_wconf 84' lang='lat' dir='ltr'><strong>fratrem</strong></span> <span class='ocrx_word' id='word_1_157' title='bbox 1132 2694 1224 2761; x_wconf 92' lang='lat' dir='ltr'><strong>illum</strong></span> <span class='ocrx_word' id='word_1_158' title='bbox 1253 2692 1489 2761; x_wconf 88' lang='lat' dir='ltr'><strong>Gebehardum·</strong></span> 
     </span>
     <span class='ocr_line' id='line_1_24' title="bbox 316 2809 1562 2898; baseline -0.002 -22"><span class='ocrx_word' id='word_1_159' title='bbox 316 2810 460 2898; x_wconf 88' lang='lat' dir='ltr'><strong>dispersa</strong></span> <span class='ocrx_word' id='word_1_160' title='bbox 482 2810 567 2877; x_wconf 89' lang='lat' dir='ltr'><strong>illius</strong></span> <span class='ocrx_word' id='word_1_161' title='bbox 591 2810 741 2878; x_wconf 88' lang='lat' dir='ltr'><strong>eeclesiae</strong></span> <span class='ocrx_word' id='word_1_162' title='bbox 763 2811 994 2897; x_wconf 85' lang='lat' dir='ltr'><strong>dispensatorie</strong></span> <span class='ocrx_word' id='word_1_163' title='bbox 1017 2813 1122 2898; x_wconf 86' lang='lat' dir='ltr'><strong>potius</strong></span> <span class='ocrx_word' id='word_1_164' title='bbox 1141 2809 1371 2893; x_wconf 83' lang='lat' dir='ltr'><strong>recolligamus,</strong></span> <span class='ocrx_word' id='word_1_165' title='bbox 1397 2828 1490 2894; x_wconf 87' lang='lat' dir='ltr'><strong>quam</strong></span> <span class='ocrx_word' id='word_1_166' title='bbox 1560 2854 1562 2879; x_wconf 87' lang='grc'>,</span> 
     </span>
     <span class='ocr_line' id='line_1_25' title="bbox 316 2926 1491 3013; baseline -0.003 -20"><span class='ocrx_word' id='word_1_167' title='bbox 316 2927 414 2994; x_wconf 91' lang='lat' dir='ltr'><strong>alium</strong></span> <span class='ocrx_word' id='word_1_168' title='bbox 438 2926 725 3013; x_wconf 86' lang='lat' dir='ltr'><strong>superimponenda</strong></span> <span class='ocrx_word' id='word_1_169' title='bbox 747 2927 887 3009; x_wconf 83' lang='lat' dir='ltr'><strong>graviter</strong></span> <span class='ocrx_word' id='word_1_170' title='bbox 908 2928 1035 3012; x_wconf 88' lang='lat' dir='ltr'><strong>quidem</strong></span> <span class='ocrx_word' id='word_1_171' title='bbox 1058 2926 1202 3013; x_wconf 87' lang='lat' dir='ltr'><strong>dispersa</strong></span> <span class='ocrx_word' id='word_1_172' title='bbox 1218 2926 1362 2992; x_wconf 87' lang='lat' dir='ltr'><strong>funditus</strong></span> <span class='ocrx_word' id='word_1_173' title='bbox 1377 2926 1491 2993; x_wconf 80' lang='lat' dir='ltr'><strong>exstir-</strong></span> 
     </span>
     <span class='ocr_line' id='line_1_26' title="bbox 315 3028 1562 3129; baseline -0.002 -20"><span class='ocrx_word' id='word_1_174' title='bbox 315 3042 386 3129; x_wconf 90' lang='lat' dir='ltr'><strong>pari</strong></span> <span class='ocrx_word' id='word_1_175' title='bbox 409 3044 640 3129; x_wconf 82' lang='lat' dir='ltr'><strong>permittamus.</strong></span> <span class='ocrx_word' id='word_1_176' title='bbox 732 3042 886 3122; x_wconf 82' lang='lat' dir='ltr'><strong>Quocirca</strong></span> <span class='ocrx_word' id='word_1_177' title='bbox 906 3044 1049 3110; x_wconf 83' lang='lat' dir='ltr'><strong>fraterna</strong></span> <span class='ocrx_word' id='word_1_178' title='bbox 1070 3064 1126 3109; x_wconf 95' lang='lat' dir='ltr'><strong>vos</strong></span> <span class='ocrx_word' id='word_1_179' title='bbox 1149 3061 1387 3109; x_wconf 86' lang='lat' dir='ltr'><strong>commonemus</strong></span> <span class='ocrx_word' id='word_1_180' title='bbox 1412 3040 1491 3107; x_wconf 87' lang='lat' dir='ltr'><strong>cari·</strong></span> <span class='ocrx_word' id='word_1_181' title='bbox 1560 3028 1562 3051; x_wconf 90' lang='lat'>&#39;</span> 
     </span>
     <span class='ocr_line' id='line_1_27' title="bbox 315 3158 1491 3244; baseline -0.003 -20"><span class='ocrx_word' id='word_1_182' title='bbox 315 3164 397 3224; x_wconf 85' lang='lat' dir='ltr'><strong>tate:</strong></span> <span class='ocrx_word' id='word_1_183' title='bbox 421 3164 457 3224; x_wconf 85' lang='lat' dir='ltr'><strong>ut</strong></span> <span class='ocrx_word' id='word_1_184' title='bbox 478 3159 690 3244; x_wconf 84' lang='lat' dir='ltr'><strong>praesentiam</strong></span> <span class='ocrx_word' id='word_1_185' title='bbox 706 3165 846 3225; x_wconf 88' lang='lat' dir='ltr'><strong>vestram</strong></span> <span class='ocrx_word' id='word_1_186' title='bbox 862 3161 1030 3226; x_wconf 90' lang='lat' dir='ltr'><strong>conventui</strong></span> <span class='ocrx_word' id='word_1_187' title='bbox 1045 3158 1182 3225; x_wconf 82' lang='lat' dir='ltr'><strong>fratrum</strong></span> <span class='ocrx_word' id='word_1_188' title='bbox 1196 3164 1389 3241; x_wconf 87' lang='lat' dir='ltr'><strong>nostrorum,</strong></span> <span class='ocrx_word' id='word_1_189' title='bbox 1414 3174 1491 3242; x_wconf 85' lang='lat' dir='ltr'><strong>quoe</strong></span> 
     </span>
     <span class='ocr_line' id='line_1_28' title="bbox 315 3268 1490 3361; baseline -0.003 -21"><span class='ocrx_word' id='word_1_190' title='bbox 315 3274 531 3361; x_wconf 89' lang='lat' dir='ltr'><strong>inidipsum</strong></span> <span class='ocrx_word' id='word_1_191' title='bbox 556 3275 808 3357; x_wconf 88' lang='lat' dir='ltr'><strong>convocavimus,</strong></span> <span class='ocrx_word' id='word_1_192' title='bbox 830 3275 865 3340; x_wconf 93' lang='lat' dir='ltr'><strong>in</strong></span> <span class='ocrx_word' id='word_1_193' title='bbox 887 3276 1033 3361; x_wconf 82' lang='lat' dir='ltr'><strong>proximo</strong></span> <span class='ocrx_word' id='word_1_194' title='bbox 1055 3275 1137 3340; x_wconf 89' lang='lat' dir='ltr'><strong>festo</strong></span> <span class='ocrx_word' id='word_1_195' title='bbox 1160 3272 1244 3340; x_wconf 88' lang='lat' dir='ltr'><strong>beati</strong></span> <span class='ocrx_word' id='word_1_196' title='bbox 1260 3268 1365 3339; x_wconf 86' lang='lat' dir='ltr'><strong>ane¹</strong></span> <span class='ocrx_word' id='word_1_197' title='bbox 1387 3272 1490 3339; x_wconf 84' lang='lat' dir='ltr'><strong>velitis</strong></span> 
     </span>
     <span class='ocr_line' id='line_1_29' title="bbox 316 3386 1489 3475; baseline -0.001 -20"><span class='ocrx_word' id='word_1_198' title='bbox 316 3390 583 3475; x_wconf 81' lang='lat' dir='ltr'><strong>repracsentare‘3</strong></span> <span class='ocrx_word' id='word_1_199' title='bbox 608 3390 668 3474; x_wconf 90' lang='lat' dir='ltr'><strong>vel,</strong></span> <span class='ocrx_word' id='word_1_200' title='bbox 692 3390 720 3456; x_wconf 92' lang='lat' dir='ltr'><strong>si</strong></span> <span class='ocrx_word' id='word_1_201' title='bbox 742 3391 776 3457; x_wconf 93' lang='lat' dir='ltr'><strong>id</strong></span> <span class='ocrx_word' id='word_1_202' title='bbox 798 3391 929 3457; x_wconf 90' lang='lat' dir='ltr'><strong>minime</strong></span> <span class='ocrx_word' id='word_1_203' title='bbox 951 3390 1114 3457; x_wconf 80' lang='lat' dir='ltr'><strong>valueritis</strong></span> <span class='ocrx_word' id='word_1_204' title='bbox 1138 3387 1322 3474; x_wconf 90' lang='lat' dir='ltr'><strong>adimplere,</strong></span> <span class='ocrx_word' id='word_1_205' title='bbox 1347 3386 1489 3468; x_wconf 85' lang='lat' dir='ltr'><strong>consilio,</strong></span> 
     </span>
     <span class='ocr_line' id='line_1_30' title="bbox 316 3502 1491 3591; baseline -0.003 -21"><span class='ocrx_word' id='word_1_206' title='bbox 316 3506 399 3589; x_wconf 88' lang='lat' dir='ltr'><strong>quod</strong></span> <span class='ocrx_word' id='word_1_207' title='bbox 423 3504 561 3591; x_wconf 85' lang='lat' dir='ltr'><strong>Spiritus</strong></span> <span class='ocrx_word' id='word_1_208' title='bbox 584 3511 711 3571; x_wconf 86' lang='lat' dir='ltr'><strong>sanctus</strong></span> <span class='ocrx_word' id='word_1_209' title='bbox 734 3506 824 3573; x_wconf 89' lang='lat' dir='ltr'><strong>vobis</strong></span> <span class='ocrx_word' id='word_1_210' title='bbox 847 3505 1025 3589; x_wconf 88' lang='lat' dir='ltr'><strong>dictaverit,</strong></span> <span class='ocrx_word' id='word_1_211' title='bbox 1053 3524 1223 3572; x_wconf 86' lang='lat' dir='ltr'><strong>consensus</strong></span> <span class='ocrx_word' id='word_1_212' title='bbox 1245 3504 1346 3571; x_wconf 81' lang='lat' dir='ltr'><strong>vestri</strong></span> <span class='ocrx_word' id='word_1_213' title='bbox 1367 3502 1491 3570; x_wconf 81' lang='lat' dir='ltr'><strong>litteras</strong></span> 
     </span>
     <span class='ocr_line' id='line_1_31' title="bbox 315 3616 1490 3688; baseline -0.001 -2"><span class='ocrx_word' id='word_1_214' title='bbox 315 3641 380 3686; x_wconf 90' lang='lat' dir='ltr'><strong>non</strong></span> <span class='ocrx_word' id='word_1_215' title='bbox 404 3620 555 3687; x_wconf 82' lang='lat' dir='ltr'><strong>differatis</strong></span> <span class='ocrx_word' id='word_1_216' title='bbox 583 3621 809 3687; x_wconf 88' lang='lat' dir='ltr'><strong>transmittere.</strong></span> <span class='ocrx_word' id='word_1_217' title='bbox 899 3620 1011 3688; x_wconf 86' lang='lat' dir='ltr'><strong>Valetc</strong></span> <span class='ocrx_word' id='word_1_218' title='bbox 1038 3626 1071 3687; x_wconf 85' lang='lat' dir='ltr'><strong>et</strong></span> <span class='ocrx_word' id='word_1_219' title='bbox 1098 3621 1132 3685; x_wconf 91' lang='lat' dir='ltr'><strong>in</strong></span> <span class='ocrx_word' id='word_1_220' title='bbox 1155 3619 1352 3686; x_wconf 87' lang='lat' dir='ltr'><strong>orationibus</strong></span> <span class='ocrx_word' id='word_1_221' title='bbox 1375 3616 1490 3686; x_wconf 75' lang='lat' dir='ltr'><strong>resinis</strong></span> 
     </span>
     <span class='ocr_line' id='line_1_32' title="bbox 314 3737 752 3804; baseline -0.007 0"><span class='ocrx_word' id='word_1_222' title='bbox 314 3737 418 3804; x_wconf 91' lang='lat' dir='ltr'><strong>nostri</strong></span> <span class='ocrx_word' id='word_1_223' title='bbox 439 3737 625 3804; x_wconf 89' lang='lat' dir='ltr'><strong>memoriam</strong></span> <span class='ocrx_word' id='word_1_224' title='bbox 648 3737 752 3803; x_wconf 88' lang='lat' dir='ltr'><strong>facite.</strong></span> 
     </span>
    </p>
   </div>
   <div class='ocr_carea' id='block_1_5' title="bbox 315 3873 1493 4020">
    <p class='ocr_par' dir='ltr' id='par_1_6' title="bbox 315 3873 1493 4020">
     <span class='ocr_line' id='line_1_33' title="bbox 385 3873 1492 3939; baseline -0.005 -13"><span class='ocrx_word' id='word_1_225' title='bbox 385 3895 406 3926; x_wconf 82' lang='lat' dir='ltr'><strong>e.</strong></span> <span class='ocrx_word' id='word_1_226' title='bbox 430 3894 459 3926; x_wconf 82' lang='lat' dir='ltr'><strong>ec</strong></span> <span class='ocrx_word' id='word_1_227' title='bbox 475 3880 570 3935; x_wconf 78' lang='lat' dir='ltr'><strong>Vrec,</strong></span> <span class='ocrx_word' id='word_1_228' title='bbox 593 3878 614 3925; x_wconf 86' lang='grc' dir='ltr'><em>Ζ</em></span> <span class='ocrx_word' id='word_1_229' title='bbox 628 3893 654 3939; x_wconf 87' lang='lat' dir='ltr'><strong>p.</strong></span> <span class='ocrx_word' id='word_1_230' title='bbox 666 3878 824 3933; x_wconf 78' lang='lat' dir='ltr'><strong>aea-300,</strong></span> <span class='ocrx_word' id='word_1_231' title='bbox 849 3876 929 3925; x_wconf 78' lang='lat'><strong><em>06⁹4:</em></strong></span> <span class='ocrx_word' id='word_1_232' title='bbox 949 3876 1083 3938; x_wconf 80' lang='lat' dir='ltr'><strong>Epistola</strong></span> <span class='ocrx_word' id='word_1_233' title='bbox 1099 3876 1215 3924; x_wconf 74' lang='lat' dir='ltr'><strong>arberti</strong></span> <span class='ocrx_word' id='word_1_234' title='bbox 1230 3876 1394 3936; x_wconf 77' lang='lat' dir='ltr'><strong>llognntini</strong></span> <span class='ocrx_word' id='word_1_235' title='bbox 1413 3873 1492 3932; x_wconf 68' lang='lat' dir='ltr'><strong>illm·</strong></span> 
     </span>
     <span class='ocr_line' id='line_1_34' title="bbox 315 3955 1493 4020; baseline -0.008 -14"><span class='ocrx_word' id='word_1_236' title='bbox 315 3961 363 4019; x_wconf 74' lang='lat' dir='ltr'><strong>goii</strong></span> <span class='ocrx_word' id='word_1_237' title='bbox 378 3960 399 4006; x_wconf 88' lang='lat' dir='ltr'><em>V</em></span> <span class='ocrx_word' id='word_1_238' title='bbox 412 3973 473 4020; x_wconf 82' lang='lat' dir='ltr'><strong>pre.-</strong></span> <span class='ocrx_word' id='word_1_239' title='bbox 493 3958 581 4004; x_wconf 81' lang='lat' dir='ltr'><strong>Albarti</strong></span> <span class='ocrx_word' id='word_1_240' title='bbox 597 3955 737 4015; x_wconf 75' lang='lat' dir='ltr'><strong>lioguntini)</strong></span> <span class='ocrx_word' id='word_1_241' title='bbox 760 3957 981 4018; x_wconf 87' lang='lat' dir='ltr'><strong>archiepiscopi</strong></span> <span class='ocrx_word' id='word_1_242' title='bbox 1005 3957 1041 4003; x_wconf 77' lang='lat' dir='ltr'><strong>ad</strong></span> <span class='ocrx_word' id='word_1_243' title='bbox 1059 3956 1194 4005; x_wconf 83' lang='lat' dir='ltr'><strong>Ottonam</strong></span> <span class='ocrx_word' id='word_1_244' title='bbox 1213 3958 1493 4014; x_wconf 74' lang='lat' dir='ltr'><strong>Babenbcrgonseu</strong></span> 
     </span>
    </p>
   </div>
   <div class='ocr_carea' id='block_1_6' title="bbox 314 4035 1492 4177">
    <p class='ocr_par' dir='ltr' id='par_1_7' title="bbox 314 4035 1492 4177">
     <span class='ocr_line' id='line_1_35' title="bbox 316 4035 1492 4099; baseline -0.003 -13"><span class='ocrx_word' id='word_1_245' title='bbox 316 4040 483 4099; x_wconf 86' lang='lat' dir='ltr'><strong>episcopum</strong></span> <span class='ocrx_word' id='word_1_246' title='bbox 504 4038 537 4084; x_wconf 88' lang='lat' dir='ltr'><strong>de</strong></span> <span class='ocrx_word' id='word_1_247' title='bbox 558 4035 728 4084; x_wconf 81' lang='lat' dir='ltr'><strong>Gebchardo</strong></span> <span class='ocrx_word' id='word_1_248' title='bbox 749 4036 967 4097; x_wconf 85' lang='lat' dir='ltr'><strong>Herbipolcnai.</strong></span> <span class='ocrx_word' id='word_1_249' title='bbox 1049 4038 1072 4083; x_wconf 89' lang='lat' dir='ltr'><strong>b.</strong></span> <span class='ocrx_word' id='word_1_250' title='bbox 1096 4038 1201 4085; x_wconf 81' lang='lat' dir='ltr'><strong>minister</strong></span> <span class='ocrx_word' id='word_1_251' title='bbox 1219 4037 1244 4087; x_wconf 79' lang='grc'><strong>0.</strong></span> <span class='ocrx_word' id='word_1_252' title='bbox 1327 4052 1348 4084; x_wconf 81' lang='lat' dir='ltr'><strong>c.</strong></span> <span class='ocrx_word' id='word_1_253' title='bbox 1370 4035 1492 4094; x_wconf 66' lang='lat' dir='ltr'><strong>flarpypo</strong></span> 
     </span>
     <span class='ocr_line' id='line_1_36' title="bbox 314 4114 1396 4177; baseline -0.003 -12"><span class='ocrx_word' id='word_1_254' title='bbox 314 4118 386 4165; x_wconf 82' lang='lat' dir='ltr'><strong>lensio</strong></span> <span class='ocrx_word' id='word_1_255' title='bbox 402 4118 425 4165; x_wconf 83' lang='lat' dir='ltr'><strong>V.</strong></span> <span class='ocrx_word' id='word_1_256' title='bbox 519 4118 542 4164; x_wconf 89' lang='lat' dir='ltr'><strong>d.</strong></span> <span class='ocrx_word' id='word_1_257' title='bbox 564 4116 628 4163; x_wconf 86' lang='lat' dir='ltr'><strong>Dens</strong></span> <span class='ocrx_word' id='word_1_258' title='bbox 644 4114 754 4164; x_wconf 76' lang='lat' dir='ltr'><strong>cddVZ.</strong></span> <span class='ocrx_word' id='word_1_259' title='bbox 847 4130 868 4162; x_wconf 89' lang='lat' dir='ltr'><strong>o.</strong></span> <span class='ocrx_word' id='word_1_260' title='bbox 892 4115 1077 4165; x_wconf 81' lang='lat' dir='ltr'><strong>Gebherdan.</strong></span> <span class='ocrx_word' id='word_1_261' title='bbox 1170 4116 1187 4164; x_wconf 76' lang='lat' dir='ltr'><strong>t</strong></span> <span class='ocrx_word' id='word_1_262' title='bbox 1211 4119 1357 4177; x_wconf 70' lang='lat' dir='ltr'><strong>praecentore</strong></span> <span class='ocrx_word' id='word_1_263' title='bbox 1372 4115 1396 4162; x_wconf 83' lang='lat' dir='ltr'><strong>V.</strong></span> 
     </span>
    </p>
   </div>
   <div class='ocr_carea' id='block_1_7' title="bbox 387 4210 1000 4282">
    <p class='ocr_par' dir='ltr' id='par_1_8' title="bbox 387 4210 1000 4282">
     <span class='ocr_line' id='line_1_37' title="bbox 387 4210 1000 4282; baseline -0.003 -15"><span class='ocrx_word' id='word_1_264' title='bbox 387 4214 412 4267; x_wconf 89' lang='lat'><strong>1.</strong></span> <span class='ocrx_word' id='word_1_265' title='bbox 431 4210 672 4282; x_wconf 79' lang='lat' dir='ltr'><strong>wirziburgensis.</strong></span> <span class='ocrx_word' id='word_1_266' title='bbox 833 4212 859 4266; x_wconf 81' lang='lat'><strong>2.</strong></span> <span class='ocrx_word' id='word_1_267' title='bbox 884 4210 943 4266; x_wconf 82' lang='lat' dir='ltr'><strong>Oct</strong></span> <span class='ocrx_word' id='word_1_268' title='bbox 958 4212 1000 4266; x_wconf 83' lang='lat'><strong>18.</strong></span> 
     </span>
    </p>
   </div>
   <div class='ocr_carea' id='block_1_8' title="bbox 799 4372 1012 4382">
    <p class='ocr_par' dir='ltr' id='par_1_9' title="bbox 799 4372 1012 4382">
     <span class='ocr_line' id='line_1_38' title="bbox 799 4372 1012 4382; baseline 0.005 -1"><span class='ocrx_word' id='word_1_269' title='bbox 799 4372 1012 4382; x_wconf 57' lang='grc' dir='ltr'><em>...ω-.-</em></span> 
     </span>
    </p>
   </div>
   <div class='ocr_carea' id='block_1_9' title="bbox 0 0 1584 4850">
    <p class='ocr_par' dir='ltr' id='par_1_10' title="bbox 0 0 1584 4850">
     <span class='ocr_line' id='line_1_39' title="bbox 0 0 1584 4850; baseline 0 0"><span class='ocrx_word' id='word_1_270' title='bbox 0 0 1584 4850; x_wconf 95' lang='lat' dir='ltr'><strong> </strong></span> 
     </span>
    </p>
   </div>
  </div>
 </body>
</html>
