3142 4850
355 314 480 366 ssoms
502 316 582 364 vrrs
605 315 762 364 onrosrs.
798 317 893 364 arar
918 315 959 366 ro.
972 314 1007 365 ao
1200 301 1265 366 609

95 475 194 554 potem
223 470 341 536 iactum
371 473 455 559 apud
478 473 680 558 Hirsaugiam
703 475 917 558 cognovisset,
945 474 1014 541 Deo
1037 475 1157 557 gratias
1184 477 1263 559 egit3
1283 491 1354 548 1112

93 583 238 650 dilectum
267 586 327 652 sibi
351 585 592 655 Wolirsmmum
621 591 685 656 acsi
713 611 731 656 e
759 589 825 656 celo
848 588 1068 654 transmissum
1099 589 1185 654 omui
1207 611 1264 674 pa-

92 703 178 768 temo
200 700 405 783 benignitatis
428 701 541 770 edoctu
564 705 711 790 suscepit
747 704 791 770 Et
812 724 869 790 per
891 702 1028 769 occultos
1053 703 1264 770 internuntios

91 815 191 899 primo
220 817 360 882 seniores
384 817 496 884 deinde
523 839 647 886 omnem
678 819 779 884 sancti
802 817 965 884 Michaelis
989 818 1261 901 congregationem

91 929 266 996 admonuit:
297 936 347 1014 ut,
371 951 427 998 sne
451 933 581 1000 utilitati
604 953 660 1019 per
684 934 790 1000 omnia
813 933 1026 1016 consulentes,
1054 933 1088 998 in
1110 931 1263 999 oleotione

89 1045 256 1112 venerandi
279 1047 379 1131 patris
402 1045 601 1120 Wolfrsmmi
623 1048 816 1114 unanimiter
843 1047 1080 1114 concordarent.
1120 1047 1262 1132 Cumque

88 1159 193 1226 divim
215 1161 418 1245 preveniente
440 1163 544 1244 gratia
565 1163 634 1245 hoc,
664 1169 699 1228 ut
723 1162 933 1245 desiderabat,
963 1162 1162 1245 obtinuisset,
1186 1162 1260 1228 uhe-

87 1275 183 1340 riores
208 1275 247 1359 ei,
271 1295 366 1360 aquo
389 1275 473 1342 bona
494 1283 606 1343 cuncta
629 1278 814 1362 procedunt,
836 1277 945 1343 laudes
960 1277 1111 1358 exsolvit3
1134 1278 1260 1344 statim·

87 1407 144 1472 que
166 1389 200 1456 in
216 1389 325 1473 vigilia
340 1390 528 1476 palmorum,
552 1392 723 1477 assumptis
740 1391 910 1459 maioribus
925 1396 958 1458 et
972 1392 1101 1477 prelatis
1119 1391 1258 1475 ecclesie,
1276 1419 1331 1477 npr.
1342 1419 1372 1464 rs

86 1508 222 1571 montem
257 1507 359 1572 sancti
392 1503 555 1572 Michaelis
593 1525 708 1590 magne
742 1506 916 1592 spiritualis
950 1507 1057 1589 gaudii
1096 1506 1259 1574 alacritate

84 1617 196 1703 plenus
220 1619 369 1688 ascendit.
461 1620 522 1688 Ubi
541 1621 573 1686 in
589 1628 744 1688 conventu
760 1620 885 1707 publico
901 1621 1034 1688 domnus
1051 1619 1257 1707 Gumpoldus,

84 1733 122 1799 ad
145 1734 242 1820 pedes
265 1735 406 1820 episcopi
430 1735 612 1820 procidens,
636 1735 813 1802 ultroneam
836 1755 909 1802 oure
932 1735 1101 1821 pastoralis
1131 1736 1257 1802 abdica-

83 1847 200 1916 tionem
223 1849 307 1932 iecit,
330 1850 395 1916 iam
418 1850 698 1934 seniolonginquo
721 1851 890 1917 refossum
914 1855 946 1916 et
969 1849 1009 1915 ad
1032 1850 1113 1917 hano
1134 1851 1257 1916 miuus·

82 1962 226 2030 idoneam
255 1970 448 2050 protestatus
477 1965 714 2032 inbecillitatem
738 1985 837 2030 suam.
879 1962 995 2031 Beatus
1018 1984 1092 2046 ergo
1115 1964 1257 2050 pontifex

81 2085 241 2164 receptam
270 2078 310 2145 ab
339 2099 375 2146 eo
402 2099 510 2146 curum
540 2079 730 2166 pastoralem
761 2099 835 2144 mox
862 2077 1035 2145 reverendo
1064 2079 1149 2164 patri
1170 2077 1257 2145 Wol-

81 2191 215 2258 frammo
238 2194 420 2276 assignarit.
461 2194 593 2280 Ipseque
616 2193 813 2279 Gnmpoldus
836 2193 869 2258 in
892 2193 1076 2260 electionem
1100 2194 1168 2258 eius
1192 2194 1256 2278 pri-

81 2325 148 2374 mns
171 2307 370 2391 acclamavit,
394 2315 427 2375 et
442 2327 481 2376 ex
506 2309 564 2374 hoo
586 2309 619 2374 in
643 2308 845 2376 remociorem
869 2307 991 2390 cellam,
1015 2308 1175 2393 deputatis
1196 2307 1256 2374 sibi

81 2421 201 2490 duobus
225 2422 378 2492 ministris
402 2430 435 2491 st
458 2424 632 2509 quibusque
655 2424 851 2507 necessariis,
876 2424 1014 2490 secessit
1103 2421 1153 2489 Ita
1175 2422 1255 2490 eleo

79 2538 163 2605 tione
188 2540 339 2605 canonica
368 2544 547 2606 reverenter
576 2539 654 2621 satis
677 2544 710 2605 et
732 2538 922 2605 unanimiter
943 2538 1043 2621 facta,
1075 2538 1145 2623 pius
1169 2537 1254 2622 Otto,

79 2672 165 2721 more
189 2654 359 2739 inpatieus,
382 2654 526 2739 sequenti
549 2654 610 2737 die,
635 2654 668 2719 id
692 2658 740 2719 est
764 2654 804 2717 18
827 2652 898 2719 Kal.
915 2651 1020 2736 Maiil,
1048 2651 1253 2738 solempniter
1270 2669 1324 2729 sps.
1337 2672 1367 2718 14

79 2787 148 2835 oum
173 2775 248 2835 ante
271 2771 538 2837 consecrationem
561 2768 739 2855 palmarum
762 2766 930 2833 ordinavit.

164 2882 210 2948 Et
233 2902 271 2949 ex
290 2904 326 2951 eo
350 2884 390 2951 ad
413 2890 531 2951 statum
554 2884 614 2951 loci
637 2884 722 2949 intus
747 2887 778 2949 et
793 2881 932 2949 exterius
954 2881 1168 2947 renovandum
1193 2881 1252 2947 mi-

78 2996 162 3064 rifice
191 3002 293 3064 totum
317 3019 351 3065 se
375 2999 520 3066 accinxit.
561 2997 775 3082 Primumque,
799 2995 916 3062 abolito
940 3032 979 3043 -
1006 2996 1165 3061 communi
1187 2996 1251 3061 fra-

77 3117 158 3178 trum
190 3132 344 3181 coneensu
368 3150 409 3159 *-
435 3118 557 3181 vetusto
586 3119 618 3179 et
646 3113 777 3180 remisso
806 3112 916 3177 ordine
942 3109 1223 3178 Amerbacensium
1233 3108 1250 3193 ¹,

76 3247 192 3294 norum
224 3235 255 3297 et
283 3228 434 3312 religione
463 3230 591 3315 plenum
620 3228 761 3295 ordinem
793 3226 1066 3309 Hirsangiensium
1102 3225 1249 3293 instituit

75 3340 175 3427 Dein,
199 3346 409 3430 paucitatem⁰
432 3345 564 3411 fratrum
589 3343 656 3410 Deo
680 3343 886 3409 militantium
914 3341 1101 3408 cordetenus
1130 3339 1249 3423 dolens,

74 3462 106 3523 et
139 3458 267 3525 crebros
301 3460 336 3526 in
370 3464 538 3545 conspectu
565 3458 694 3523 Domini
723 3457 971 3543 supplicationes
1004 3476 1062 3542 pro
1090 3455 1150 3521 hoo
1178 3474 1248 3521 oum

75 3571 319 3641 elemosinarum
347 3574 493 3657 largitate
522 3572 731 3659 profundens,
760 3571 924 3655 religiosos
948 3570 1033 3636 viros
1055 3575 1088 3635 et
1112 3575 1176 3635 tam
1201 3568 1249 3635 di-

74 3688 147 3753 vino
170 3709 265 3774 quam
294 3688 428 3756 seculari
458 3688 590 3755 scientia
616 3692 744 3753 ornatos
780 3686 969 3753 omnimodis
997 3685 1050 3753 hio
1077 3703 1249 3767 aggregare

73 3802 203 3871 studuit.
246 3804 311 3871 Nec
338 3806 426 3890 prius
450 3804 488 3870 ab
512 3803 571 3869 hoo
593 3806 684 3887 cepto
707 3802 845 3884 destitit,
869 3820 964 3885 quam
987 3800 1028 3866 de
1053 3800 1166 3883 exiguo
1189 3818 1248 3864 nu·

73 3938 160 3984 mero
190 3918 275 3985 ultra
302 3919 576 4005 septuagenarium
606 3916 832 4002 multiplicatos
855 3915 961 3981 ridere
992 3914 1118 3980 meruit
1158 3912 1247 3989 Quod

71 4030 174 4118 ipsius
197 4033 313 4101 litteris
336 4032 524 4114 declaratur,
547 4051 607 4117 que
630 4031 663 4099 in
686 4030 769 4096 hunc
792 4048 826 4096 se
849 4030 976 4095 modum
1001 4027 1134 4094 babent:

162 4150 206 4214 20
222 4150 300 4229 (21).
326 4147 421 4232 ,orco
438 4146 498 4213 Dei
515 4145 618 4229 gratis
632 4124 902 4227 Bahenbergensis
919 4140 1086 4209 eeclesiae⁴
1102 4139 1246 4205 minister
1263 4160 1415 4216 11111113

143 4312 165 4343 a.
189 4310 270 4346 munus
290 4296 313 4345 C,
391 4294 413 4343 b.
437 4294 523 4357 Aprilis
535 4306 661 4355 perpererit
680 4293 727 4341 OB.
808 4308 827 4341 a
853 4293 968 4353 paucitate
987 4290 1011 4339 C.
1087 4290 1111 4337 d.
1133 4286 1215 4337 otta

144 4370 169 4445 1.
188 4390 300 4447 fratrum
320 4389 445 4447 coenobii
463 4388 675 4444 Amorbaoensis
693 4387 780 4442 dioec.
792 4386 1031 4456 wirziburgensis.

115 4486 195 4539 dani,
210 4491 353 4535 Bibliotheca
363 4490 391 4532 V.
996 4482 1031 4535 39
1123 4478 1132 4490 “
