3142 4850
469 321 634 371 unsssrm
657 323 784 371 oonnx.
820 319 874 372 uss
1192 305 1257 370 431

101 481 189 564 sumi,
217 501 311 566 quem
333 478 497 568 pontificos
519 479 653 548 Romam
677 487 710 549 el
731 480 937 551 moralissimi
959 481 1167 567 imperotores
1190 481 1258 547 Deo
1292 496 1363 551 1130

101 595 241 680 unoquo
254 595 348 662 Petro
371 595 606 679 dedicaverunt,
629 598 663 665 iu
678 597 880 684 lampadibus
894 597 999 663 ourois
1013 596 1164 663 culicibus
1187 597 1259 663 lbu·
1275 569 1342 616 Μ’·
1352 571 1382 616 ¹⁶

98 710 197 777 ribulis
230 710 428 778 candelabris
459 711 650 796 imaginibus
678 713 824 780 crucibus
851 713 985 797 gemmis
1012 711 1146 797 abimus
1175 713 1259 779 rosis

98 827 237 912 preciosis
259 847 318 894 neo
340 837 420 893 non·
443 831 476 895 el
497 827 603 914 palliis
628 833 660 896 ct
674 829 815 896 vestibus
836 829 948 894 sericis
965 847 1042 893 euro
1064 828 1259 912 gemmisque

97 943 241 1009 conexus
270 943 478 1029 direptiones,
507 963 656 1010 necnon
685 947 717 1010 ol
745 945 947 1030 praediorum
975 943 1258 1012 ecclesiasticorum

96 1057 320 1144 pignorationes
349 1064 381 1126 ot
411 1059 647 1145 peregrinorum
676 1060 906 1147 expoliationes
934 1065 1073 1143 quantos
1095 1059 1175 1143 sint,
1204 1060 1259 1144 qui

95 1169 218 1242 Reum
234 1173 284 1240 vol
299 1173 467 1244 lorusodem
489 1179 663 1261 properent
684 1181 796 1244 cuntes
818 1181 851 1244 el
865 1175 1044 1259 redeuntes,
1066 1174 1183 1260 ubique
1198 1175 1259 1242 dlf-

94 1287 217 1358 umens
252 1289 318 1368 Quo
334 1309 408 1358 roro
432 1289 496 1358 ulis
517 1289 624 1376 turpis
645 1291 715 1377 ipse
737 1292 849 1376 suique
871 1290 1041 1377 complices
1062 1297 1185 1374 gerunt,
1209 1311 1258 1358 re

92 1404 208 1488 polibus
232 1406 361 1473 auribus
384 1426 446 1472 non
470 1411 545 1472 sunt
565 1405 739 1474 referende.
1350 1491 1354 1498 .

176 1521 238 1590 Sed
262 1543 319 1609 por
333 1522 394 1590 Dei
417 1524 551 1608 mutium
574 1523 659 1592 infru
681 1523 807 1608 pulerni
828 1523 910 1588 muri
926 1523 1117 1590 ceremiam
1141 1521 1257 1590 lotitul.
1278 1560 1298 1592 ο.
1348 1546 1362 1593 ·.

91 1636 226 1706 Abbutes
250 1639 446 1706 marchiones
469 1639 629 1725 principes
651 1637 767 1724 odiique
782 1637 917 1706 botones
931 1639 965 1704 in
981 1636 1135 1704 auxilium
1151 1637 1258 1704 colbo·

91 1751 165 1822 liceo
191 1760 224 1822 st
247 1755 438 1841 spostolicae
461 1754 611 1822 ecclesius
634 1760 815 1840 properans
862 1753 1039 1820 Orisniulos
1062 1759 1096 1818 et
1116 1752 1259 1820 occiden-

90 1867 166 1936 lules
188 1869 339 1941 ecclcsiae
362 1871 559 1957 praedictum
583 1870 763 1936 invasorem
781 1869 852 1956 puri
869 1875 942 1936 voto
958 1869 1090 1955 porique
1104 1888 1259 1936 consensu

90 2003 210 2069 unoquo
238 1987 354 2072 spiritu
381 1986 580 2054 anathemate
604 1985 853 2071 condempnatum
882 1985 1044 2055 domiuum
1067 2003 1142 2050 uero
1165 1983 1259 2050 Inuo-

89 2101 222 2168 coutium
252 2121 386 2188 popum,
416 2101 621 2170 uculbolicis
650 2100 803 2168 catholico
831 2099 981 2185 eloctum,
1010 2100 1163 2168 catholico
1185 2119 1259 2168 con·

88 2223 261 2302 muratum,
293 2217 375 2286 sicut
406 2216 616 2286 universalem
646 2222 769 2302 putrem
799 2222 833 2284 et
860 2216 946 2284 boeti
972 2215 1059 2285 Petri
1087 2215 1259 2292 ricarium*

88 2332 320 2419 amplectuntur
342 2339 533 2400 venerentur
554 2333 682 2418 suisque
704 2332 824 2398 nuntiis
846 2333 1057 2418 frequentent

173 2450 258 2529 Quid
280 2450 378 2535 igilur
402 2470 497 2536 super
520 2450 568 2515 his
591 2448 744 2519 celsitudo
762 2455 879 2533 vestra,
903 2470 921 2516 o
944 2448 1171 2534 gloriosissime
1191 2470 1258 2535 rex,

86 2584 177 2647 egere
206 2565 336 2650 debent,
366 2565 481 2650 regulis
510 2565 711 2653 providentia
734 2565 857 2652 Spiritu
882 2570 991 2631 suucto
1014 2584 1165 2633 succenso
1186 2586 1260 2652 pro-

85 2679 198 2749 videat„
240 2682 415 2767 Accingere
438 2682 552 2766 igitur,
583 2688 615 2749 et
638 2681 885 2768 archiepiscopio
907 2686 941 2747 ot
962 2680 1134 2767 episcopis,
1163 2679 1260 2747 abbo·

85 2796 176 2865 tibus
189 2798 412 2883 religiosisque
435 2798 511 2865 viris
534 2818 593 2865 noc
615 2816 678 2865 nou
700 2802 732 2865 el
746 2798 836 2881 regui
852 2796 1049 2885 principibus
1063 2796 1157 2863 solito
1173 2816 1260 2862 more

84 2912 115 2979 in
137 2914 295 2981 auxilium
319 2914 472 3001 principis
489 2914 702 3000 apostolorum
718 2918 926 2999 properanter
941 2932 1086 2993 occurre;
1110 2912 1259 2996 quatinus

85 3028 215 3098 ecclesio
244 3030 306 3099 Dei
334 3030 465 3115 letetur,
495 3028 606 3114 religio
634 3029 807 3097 christiano
834 3029 1037 3113 sublimetur,
1065 3028 1259 3095 scismatico-

83 3164 151 3211 rum
180 3144 318 3232 perfidis
346 3146 589 3232 comprimatur,
618 3164 734 3212 corono
761 3146 877 3231 cepitis
906 3146 954 3212 lui
984 3164 1004 3211 n
1030 3164 1105 3227 rege
1130 3142 1260 3211 coelesti

84 3258 297 3329 benedicetur.

168 3376 240 3456 Quo
264 3398 338 3443 uero
365 3376 416 3443 bic
439 3376 567 3461 desunt,
598 3376 789 3444 venerabilis
815 3377 914 3443 freter
936 3381 1043 3443 noster
1066 3380 1099 3440 el
1120 3374 1189 3440 Deo
1212 3373 1259 3439 di·

83 3488 178 3560 lectus
195 3492 411 3575 G(uulterus)⁸
427 3490 619 3560 Ravennatis
641 3493 791 3559 ecclesiae
811 3492 1067 3578 archiepiscopus
1082 3492 1155 3557 rim
1172 3489 1259 3556 robis

82 3627 155 3676 roos
177 3608 377 3677 clorificabit.
419 3608 517 3689 Quom
551 3609 702 3676 attentius
725 3610 888 3677 serenitati
911 3616 1035 3675 vestroe
1058 3604 1259 3673 commcnda-

82 3744 165 3808 mns;
196 3731 231 3793 el
259 3731 294 3793 ut
317 3746 389 3791 eum
412 3744 471 3811 pro
493 3726 671 3793 reverentis
695 3725 777 3793 beuti
800 3723 888 3791 Petri
910 3729 943 3791 et
965 3725 1063 3791 totius
1085 3721 1259 3789 catholicae

83 3841 233 3911 ecclesiae
257 3839 427 3909 honorilice
449 3842 604 3925 crucietis,
628 3860 785 3925 rogemus.

150 4034 171 4066 ι.
194 4034 225 4067 ue
243 4022 271 4067 cir
287 4020 313 4067 Ζ.
444 4018 466 4065 b.
491 4018 568 4064 ricaril
585 4018 611 4065 Ζ.
740 4032 760 4065 c.
785 4018 921 4064 venerabilis
941 4016 1012 4063 inter
1032 4017 1112 4062 nomer
1128 4014 1155 4061 G.
1172 4017 1195 4059 cl
1215 4012 1259 4059 dso

82 4096 176 4147 discus
192 4098 240 4147 Vb

566 4282 776 4292 —————-.
