3142 4850
322 265 367 330 64
686 281 853 329 uniuntur
873 280 1002 328 ooonn
1038 277 1082 328 aa.
1095 277 1131 328 aa

169 459 238 514 1066
256 473 299 511 ex.
322 440 524 506 occurrerint.
564 439 682 517 Quodsi
704 439 763 505 boo
785 439 854 506 tisri
876 439 996 523 nequit,
1022 437 1151 503 saltem·
1175 437 1302 523 scriptis
1325 436 1493 503 beatitudi-

157 530 306 584 -1067ἰιι,
346 557 352 570 ·

321 575 372 620 nis
402 556 469 621 eius
496 559 606 622 nostra
635 554 773 641 synodus
801 554 967 620 roboretur
994 558 1028 618 et
1053 552 1220 619 rebellium
1248 553 1411 618 temeritas
1440 551 1494 616 tali

321 675 448 737 auctore
475 671 711 758 comprimatur.
751 669 926 735 Annitatur
948 688 1023 750 ergo
1052 667 1177 733 dilectio
1201 673 1323 751 resne,
1352 673 1390 733 nt
1418 666 1493 732 boc*

321 785 463 853 obtinere
496 785 601 852 valeat
634 786 749 871 peticio
783 791 901 852 nostra
993 784 1126 850 Divina⁶
1156 784 1311 870 protectio
1344 782 1494 869 stcmperl

321 901 403 984 utos)
426 901 586 983 ttueatur).

325 1111 386 1180 34.
415 1113 592 1199 Siqifrddus
614 1114 638 1178 I
655 1113 910 1202 orcbiepiscopus
935 1114 1142 1198 Mopoot-inss
1165 1112 1351 1176 Alexandro
1373 1112 1418 1176 II
1432 1136 1495 1198 pa-

407 1252 473 1315 pae
495 1231 534 1293 de
549 1229 699 1296 Heinrico
715 1229 739 1293 Ι
742 1228 773 1294 V
789 1251 862 1314 repe
884 1231 1055 1294 divortium
1077 1251 1147 1292 cum
1162 1229 1283 1294 Bertba
1304 1250 1404 1294 acore
1416 1229 1496 1311 fac·

412 1357 482 1410 turo
507 1343 695 1410 commisti
1361 1341 1495 1422 (E125)

235 1493 304 1546 1069
411 1475 548 1544 Domino
571 1476 753 1544 beatissimo
783 1481 816 1542 et
838 1495 911 1542 vere
938 1474 1105 1563 apostolici
1132 1475 1278 1542 culminis
1304 1475 1425 1542 bonore
1447 1497 1497 1542 rc·

247 1565 295 1610 lun.

321 1593 458 1658 verendo
480 1591 689 1674 Assexsndro)
719 1591 930 1675 Stigitridusl·
958 1590 1162 1675 Mogontiaco
1189 1591 1368 1677 speculator
1397 1590 1497 1658 ecclc-

322 1708 386 1777 siae
416 1708 540 1774 debitae
568 1708 772 1775 subiectionis
799 1708 1012 1774 reverentiam
1043 1712 1077 1774 et
1104 1707 1304 1772 omnimodae
1332 1707 1497 1773 servitutis

206 1818 209 1827 '
322 1823 532 1908 obsequelam.

410 1937 500 2005 Licet
522 1937 710 2004 universalis
733 1937 883 2006 ecclesiae
905 1942 1006 2004 status
1028 1938 1217 2021 generaliter
1231 1937 1387 2004 innitetur
1402 1957 1499 2023 snper

320 2053 562 2120 fundamentum
591 2053 806 2139 apostolorum
834 2062 867 2122 et
887 2053 1114 2141 prophetarum
1143 2059 1176 2120 et
1203 2054 1328 2140 inipso
1352 2053 1404 2118 sui
1427 2073 1498 2118 ver·

320 2169 393 2236 ticis
434 2169 569 2236 culmine
610 2169 793 2252 angularem
833 2174 936 2252 gestet
976 2168 1131 2254 lapidem,
1175 2169 1336 2236 dominum
1375 2167 1500 2234 scilicet

321 2284 425 2354 Iesum
448 2283 618 2368 christum,
641 2285 824 2371 spetialiter
845 2289 953 2351 tamen
968 2304 1101 2367 magnus
1116 2285 1170 2351 ille
1183 2283 1296 2352 Petrus
1316 2285 1408 2350 iuxta
1422 2284 1499 2350 soli-

323 2399 486 2467 dissimam
516 2401 565 2469 sni
593 2400 731 2467 nominis
759 2399 941 2469 firmitatem
970 2406 1002 2469 et
1023 2401 1236 2469 firmissimam
1263 2399 1336 2467 fidei
1367 2405 1401 2467 et
1422 2420 1499 2466 con-

320 2516 467 2583 fessionis
491 2536 567 2582 suae
589 2516 780 2583 soliditatem
797 2517 865 2583 eius
879 2521 979 2584 totam
994 2523 1151 2584 sustentat
1169 2517 1337 2597 fabricam3
1361 2518 1403 2582 ad
1424 2516 1499 2583 boo¹

322 2630 450 2717 quidem
464 2632 580 2699 electus
596 2653 616 2698 a
631 2630 778 2716 Domino,
802 2632 857 2699 ubi
872 2632 963 2699 dicit:
989 2634 1095 2720 Sapor
1110 2635 1194 2699 lanc
1203 2648 1331 2720 petram
1346 2634 1498 2716 cds'Jtcobo

321 2749 481 2815 scalatum
495 2772 597 2815 meam
606 2744 622 2813 ¹.
648 2748 724 2815 Inde
738 2746 994 2831 namque'omnis
1006 2748 1251 2834 apostolicorum
1266 2754 1391 2834 patrum
1405 2748 1500 2815 bean

202 2874 207 2897 l
321 2864 476 2931 successio
501 2864 688 2931 auctoritate
716 2863 818 2950 ipsius
841 2863 971 2929 Domini
992 2865 1061 2930 sedi
1083 2865 1167 2947 eins,
1192 2864 1352 2931 Romanae
1374 2864 1501 2931 scilieet

322 2979 481 3062 ecclesiae,
504 2978 586 3044 hanc
608 2978 766 3045 dedicavit
780 2978 1001 3047 excellentiam
1024 2985 1056 3048 et
1069 2980 1105 3047 in
1125 2980 1245 3048 cunctis
1260 2999 1388 3065 semper
1402 2980 1498 3047 huius

321 3093 481 3179 privilegii
509 3094 648 3159 servavit
675 3094 902 3177 reverentiam,
933 3100 968 3160 ut
994 3095 1117 3161 maiora
1138 3095 1289 3163 eeclesiae
1310 3096 1444 3177 negocia
1466 3102 1501 3162 et

322 3207 514 3275 difficiliores
536 3228 700 3282 causarum
726 3210 831 3277 exitus
854 3209 894 3275 ad
915 3210 1019 3295 ipsam
1034 3210 1121 3277 velut
1137 3210 1178 3276 ad
1192 3216 1304 3297 caput⁸
1318 3211 1500 3277 referantur

322 3323 452 3408 eiusque
478 3322 593 3389 indicio
623 3330 736 3393 cuncta
763 3324 932 3393 salubriter
960 3326 1142 3393 examinata
1168 3327 1204 3392 in
1229 3332 1356 3413 portum
1383 3326 1499 3395 salutis

322 3438 508 3524 dirigantur.

411 3554 492 3632 Quia
520 3575 593 3623 vero
623 3555 749 3623 divinae
777 3555 991 3623 miserationis
1021 3558 1125 3640 gratia
1150 3577 1206 3624 vos
1229 3558 1262 3622 in
1284 3556 1367 3625 bano
1388 3560 1497 3625 sedem

322 3670 527 3737 intronizavit
561 3676 593 3737 et
624 3671 692 3739 rice
720 3672 821 3756 ipsius
855 3671 942 3739 Petri
976 3672 1083 3739 robis*¹
1117 3673 1257 3739 omnium
1292 3674 1497 3741 ecclesiarum

322 3784 564 3853 sollicitudinem
588 3786 755 3873 imposuit,
778 3787 991 3854 necessarium
1014 3787 1176 3854 duximus:
1207 3794 1312 3855 vestro
1337 3793 1498 3859 reservari

322 3900 438 3967 iudicio
468 3921 521 3985 ea,
555 3921 635 3987 quaa
668 3902 815 3969 novimus
845 3921 904 3970 nec
931 3922 1025 3989 posse
1053 3922 1112 3970 neo
1140 3903 1255 3971 debere
1289 3906 1357 3971 sine
1390 3913 1501 3974 restra

391 4110 413 4143 ιι.
436 4096 512 4143 saltim
527 4096 553 4142 Z.
615 4096 638 4142 b.
661 4096 720 4143 baec
734 4096 760 4142 Z.
829 4112 849 4145 c.
872 4098 957 4145 Divina
971 4120 995 4129 -
1009 4101 1089 4145 unt„
1104 4113 1147 4145 ons
1158 4098 1244 4147 VZBO.
1308 4099 1330 4145 d.
1354 4114 1384 4147 sc
1398 4101 1498 4147 Ver-

323 4174 1023 4234 5112,Zp.ss-ot,·1331.·1tsmalts;oss—as.
1088 4192 1107 4224 a
1133 4178 1157 4225 S.
1172 4176 1294 4225 osolBO.
1356 4178 1373 4225 t.
1398 4180 1499 4228 bascB.

322 4266 344 4311 g.
369 4254 473 4313 caputV.
555 4254 577 4301 h.
603 4254 668 4303 vobis
684 4253 772 4302 addidi.

396 4376 419 4426 1.
439 4374 534 4429 ldattb
548 4377 590 4443 16,
607 4376 648 4430 18.
