<?xml version="1.0" encoding="UTF-8"?>
<!DOCTYPE html PUBLIC "-//W3C//DTD XHTML 1.0 Transitional//EN"
    "http://www.w3.org/TR/xhtml1/DTD/xhtml1-transitional.dtd">
<html xmlns="http://www.w3.org/1999/xhtml" xml:lang="en" lang="en">
 <head>
  <title>
</title>
<meta http-equiv="Content-Type" content="text/html;charset=utf-8" />
  <meta name='ocr-system' content='tesseract 3.04.00' />
  <meta name='ocr-capabilities' content='ocr_page ocr_carea ocr_par ocr_line ocrx_word'/>
</head>
<body>
  <div class='ocr_page' id='page_1' title='image "./bibliothecareru06jaffgoog_0095.png"; bbox 0 0 3142 4850; ppageno 0'>
   <div class='ocr_carea' id='block_1_1' title="bbox 312 289 1090 356">
    <p class='ocr_par' dir='ltr' id='par_1_1' title="bbox 312 289 1090 356">
     <span class='ocr_line' id='line_1_1' title="bbox 312 289 1090 356; baseline 0 -2"><span class='ocrx_word' id='word_1_1' title='bbox 312 289 355 356; x_wconf 79' lang='grc'><strong>78</strong></span> <span class='ocrx_word' id='word_1_2' title='bbox 703 305 871 356; x_wconf 76' lang='lat' dir='ltr'><strong>untnnror</strong></span> <span class='ocrx_word' id='word_1_3' title='bbox 892 304 1019 354; x_wconf 75' lang='lat' dir='ltr'><strong>oonnx</strong></span> <span class='ocrx_word' id='word_1_4' title='bbox 1053 301 1090 354; x_wconf 84' lang='lat' dir='ltr'><strong>aa</strong></span> 
     </span>
    </p>
   </div>
   <div class='ocr_carea' id='block_1_2' title="bbox 223 460 1490 4023">
    <p class='ocr_par' dir='ltr' id='par_1_2' title="bbox 223 460 1487 551">
     <span class='ocr_line' id='line_1_2' title="bbox 223 460 1487 551; baseline -0.008 -15"><span class='ocrx_word' id='word_1_5' title='bbox 223 481 292 536; x_wconf 71' lang='lat'>1071</span> <span class='ocrx_word' id='word_1_6' title='bbox 309 487 420 534; x_wconf 85' lang='lat' dir='ltr'><strong>versus</strong></span> <span class='ocrx_word' id='word_1_7' title='bbox 443 485 513 534; x_wconf 89' lang='lat' dir='ltr'><strong>eam</strong></span> <span class='ocrx_word' id='word_1_8' title='bbox 523 461 539 531; x_wconf 89' lang='lat'><strong>¹.</strong></span> <span class='ocrx_word' id='word_1_9' title='bbox 574 465 627 532; x_wconf 79' lang='lat' dir='ltr'><strong>Au</strong></span> <span class='ocrx_word' id='word_1_10' title='bbox 648 463 709 531; x_wconf 87' lang='lat' dir='ltr'><strong>boc</strong></span> <span class='ocrx_word' id='word_1_11' title='bbox 730 483 868 549; x_wconf 88' lang='lat' dir='ltr'><strong>namque</strong></span> <span class='ocrx_word' id='word_1_12' title='bbox 889 483 970 551; x_wconf 91' lang='lat' dir='ltr'><strong>opus</strong></span> <span class='ocrx_word' id='word_1_13' title='bbox 985 484 1060 530; x_wconf 87' lang='lat' dir='ltr'><strong>rere</strong></span> <span class='ocrx_word' id='word_1_14' title='bbox 1073 483 1131 530; x_wconf 81' lang='lat' dir='ltr'><strong>ros</strong></span> <span class='ocrx_word' id='word_1_15' title='bbox 1149 482 1187 530; x_wconf 89' lang='lat' dir='ltr'><strong>ea</strong></span> <span class='ocrx_word' id='word_1_16' title='bbox 1203 460 1334 543; x_wconf 82' lang='lat' dir='ltr'><strong>instruit</strong></span> <span class='ocrx_word' id='word_1_17' title='bbox 1354 464 1387 528; x_wconf 89' lang='lat' dir='ltr'><strong>et</strong></span> <span class='ocrx_word' id='word_1_18' title='bbox 1408 479 1487 527; x_wconf 89' lang='lat' dir='ltr'><strong>con-</strong></span> 
     </span>
    </p>

    <p class='ocr_par' dir='ltr' id='par_1_3' title="bbox 226 554 1489 2284">
     <span class='ocr_line' id='line_1_3' title="bbox 226 554 1489 665; baseline -0.006 -16"><span class='ocrx_word' id='word_1_19' title='bbox 226 554 285 612; x_wconf 50' lang='grc' dir='ltr'><strong>Μ’</strong></span> <span class='ocrx_word' id='word_1_20' title='bbox 309 580 417 648; x_wconf 84' lang='lat' dir='ltr'><strong>firmat</strong></span> <span class='ocrx_word' id='word_1_21' title='bbox 435 579 530 665; x_wconf 86' lang='lat' dir='ltr'><strong>fides,</strong></span> <span class='ocrx_word' id='word_1_22' title='bbox 559 599 655 665; x_wconf 88' lang='lat' dir='ltr'><strong>quam</strong></span> <span class='ocrx_word' id='word_1_23' title='bbox 678 579 806 648; x_wconf 86' lang='lat' dir='ltr'><strong>beatum</strong></span> <span class='ocrx_word' id='word_1_24' title='bbox 828 579 959 646; x_wconf 82' lang='lat' dir='ltr'><strong>Petrum</strong></span> <span class='ocrx_word' id='word_1_25' title='bbox 981 598 1055 646; x_wconf 84' lang='lat' dir='ltr'><strong>caro</strong></span> <span class='ocrx_word' id='word_1_26' title='bbox 1081 583 1115 644; x_wconf 90' lang='lat' dir='ltr'><strong>et</strong></span> <span class='ocrx_word' id='word_1_27' title='bbox 1139 577 1268 662; x_wconf 75' lang='lat' dir='ltr'><strong>sangnis</strong></span> <span class='ocrx_word' id='word_1_28' title='bbox 1288 595 1355 643; x_wconf 90' lang='lat' dir='ltr'><strong>non</strong></span> <span class='ocrx_word' id='word_1_29' title='bbox 1375 575 1489 642; x_wconf 86' lang='lat' dir='ltr'><strong>docuit</strong></span> 
     </span>
     <span class='ocr_line' id='line_1_4' title="bbox 311 691 1488 783; baseline -0.004 -20"><span class='ocrx_word' id='word_1_30' title='bbox 311 696 366 764; x_wconf 91' lang='lat' dir='ltr'><strong>sed</strong></span> <span class='ocrx_word' id='word_1_31' title='bbox 388 695 474 764; x_wconf 86' lang='lat' dir='ltr'><strong>Deus</strong></span> <span class='ocrx_word' id='word_1_32' title='bbox 496 700 588 783; x_wconf 87' lang='lat' dir='ltr'><strong>pater</strong></span> <span class='ocrx_word' id='word_1_33' title='bbox 611 695 651 762; x_wconf 89' lang='lat' dir='ltr'><strong>de</strong></span> <span class='ocrx_word' id='word_1_34' title='bbox 672 695 836 779; x_wconf 75' lang='lat' dir='ltr'><strong>unigenito</strong></span> <span class='ocrx_word' id='word_1_35' title='bbox 858 713 917 760; x_wconf 87' lang='lat' dir='ltr'><strong>suo</strong></span> <span class='ocrx_word' id='word_1_36' title='bbox 944 692 1183 780; x_wconf 70' lang='lat' dir='ltr'><strong>perspiritum</strong></span> <span class='ocrx_word' id='word_1_37' title='bbox 1206 697 1350 760; x_wconf 70' lang='lat' dir='ltr'><strong>sancum</strong></span> <span class='ocrx_word' id='word_1_38' title='bbox 1377 691 1407 758; x_wconf 92' lang='lat' dir='ltr'><strong>ei</strong></span> <span class='ocrx_word' id='word_1_39' title='bbox 1432 710 1488 758; x_wconf 88' lang='lat' dir='ltr'><strong>re·</strong></span> 
     </span>
     <span class='ocr_line' id='line_1_5' title="bbox 311 806 1485 896; baseline -0.003 -20"><span class='ocrx_word' id='word_1_40' title='bbox 311 806 460 893; x_wconf 81' lang='lat' dir='ltr'><strong>velarit¹3</strong></span> <span class='ocrx_word' id='word_1_41' title='bbox 484 831 564 896; x_wconf 89' lang='lat' dir='ltr'><strong>quae</strong></span> <span class='ocrx_word' id='word_1_42' title='bbox 586 812 695 896; x_wconf 88' lang='lat' dir='ltr'><strong>ulique</strong></span> <span class='ocrx_word' id='word_1_43' title='bbox 716 809 806 894; x_wconf 88' lang='lat' dir='ltr'><strong>fides,</strong></span> <span class='ocrx_word' id='word_1_44' title='bbox 829 809 912 876; x_wconf 77' lang='lat' dir='ltr'><strong>dont</strong></span> <span class='ocrx_word' id='word_1_45' title='bbox 932 808 1079 876; x_wconf 89' lang='lat' dir='ltr'><strong>dominns</strong></span> <span class='ocrx_word' id='word_1_46' title='bbox 1097 808 1185 876; x_wconf 70' lang='lat' dir='ltr'><strong>lmus</strong></span> <span class='ocrx_word' id='word_1_47' title='bbox 1207 829 1265 894; x_wconf 82' lang='lat' dir='ltr'><strong>pro</strong></span> <span class='ocrx_word' id='word_1_48' title='bbox 1288 828 1325 875; x_wconf 91' lang='lat' dir='ltr'><strong>oo</strong></span> <span class='ocrx_word' id='word_1_49' title='bbox 1348 807 1485 891; x_wconf 75' lang='lat' dir='ltr'><strong>rogavit,</strong></span> 
     </span>
     <span class='ocr_line' id='line_1_6' title="bbox 309 920 1487 1012; baseline -0.004 -19"><span class='ocrx_word' id='word_1_50' title='bbox 309 945 472 1012; x_wconf 90' lang='lat' dir='ltr'><strong>nunquam</strong></span> <span class='ocrx_word' id='word_1_51' title='bbox 499 920 651 1010; x_wconf 83' lang='lat' dir='ltr'><strong>deficiet⁸,</strong></span> <span class='ocrx_word' id='word_1_52' title='bbox 686 925 742 992; x_wconf 86' lang='lat' dir='ltr'><strong>sed</strong></span> <span class='ocrx_word' id='word_1_53' title='bbox 774 945 833 1012; x_wconf 86' lang='lat' dir='ltr'><strong>per</strong></span> <span class='ocrx_word' id='word_1_54' title='bbox 861 924 970 992; x_wconf 83' lang='lat' dir='ltr'><strong>beatas</strong></span> <span class='ocrx_word' id='word_1_55' title='bbox 998 925 1212 992; x_wconf 70' lang='lat' dir='ltr'><strong>successiones</strong></span> <span class='ocrx_word' id='word_1_56' title='bbox 1238 920 1487 1010; x_wconf 89' lang='lat' dir='ltr'><strong>apostolicorum</strong></span> 
     </span>
     <span class='ocr_line' id='line_1_7' title="bbox 310 1034 1486 1128; baseline -0.003 -20"><span class='ocrx_word' id='word_1_57' title='bbox 310 1041 492 1128; x_wconf 90' lang='lat' dir='ltr'><strong>praesulum</strong></span> <span class='ocrx_word' id='word_1_58' title='bbox 526 1042 567 1107; x_wconf 89' lang='lat' dir='ltr'><strong>ad</strong></span> <span class='ocrx_word' id='word_1_59' title='bbox 600 1039 832 1108; x_wconf 82' lang='lat' dir='ltr'><strong>confirmandos</strong></span> <span class='ocrx_word' id='word_1_60' title='bbox 859 1041 974 1107; x_wconf 71' lang='lat' dir='ltr'><strong>trabes</strong></span> <span class='ocrx_word' id='word_1_61' title='bbox 1006 1060 1107 1126; x_wconf 87' lang='lat' dir='ltr'><strong>usqne</strong></span> <span class='ocrx_word' id='word_1_62' title='bbox 1138 1041 1176 1108; x_wconf 93' lang='lat' dir='ltr'><strong>in</strong></span> <span class='ocrx_word' id='word_1_63' title='bbox 1200 1038 1296 1108; x_wconf 83' lang='lat' dir='ltr'><strong>linem</strong></span> <span class='ocrx_word' id='word_1_64' title='bbox 1329 1034 1486 1125; x_wconf 83' lang='lat' dir='ltr'><strong>proficiet</strong></span> 
     </span>
     <span class='ocr_line' id='line_1_8' title="bbox 310 1153 1487 1242; baseline -0.004 -18"><span class='ocrx_word' id='word_1_65' title='bbox 310 1157 412 1224; x_wconf 90' lang='lat' dir='ltr'><strong>Huius</strong></span> <span class='ocrx_word' id='word_1_66' title='bbox 434 1158 542 1242; x_wconf 88' lang='lat' dir='ltr'><strong>itaque</strong></span> <span class='ocrx_word' id='word_1_67' title='bbox 563 1155 637 1224; x_wconf 87' lang='lat' dir='ltr'><strong>fidei</strong></span> <span class='ocrx_word' id='word_1_68' title='bbox 659 1156 819 1224; x_wconf 87' lang='lat' dir='ltr'><strong>soliditate</strong></span> <span class='ocrx_word' id='word_1_69' title='bbox 839 1156 1001 1239; x_wconf 78' lang='lat' dir='ltr'><strong>fundatus,</strong></span> <span class='ocrx_word' id='word_1_70' title='bbox 1024 1156 1135 1224; x_wconf 89' lang='lat' dir='ltr'><strong>beatus</strong></span> <span class='ocrx_word' id='word_1_71' title='bbox 1155 1154 1268 1224; x_wconf 89' lang='lat' dir='ltr'><strong>Petrus</strong></span> <span class='ocrx_word' id='word_1_72' title='bbox 1284 1153 1487 1241; x_wconf 65' lang='lat' dir='ltr'><strong>symonem,</strong></span> 
     </span>
     <span class='ocr_line' id='line_1_9' title="bbox 311 1267 1489 1359; baseline 0 -21"><span class='ocrx_word' id='word_1_73' title='bbox 311 1273 428 1338; x_wconf 88' lang='lat' dir='ltr'><strong>donum</strong></span> <span class='ocrx_word' id='word_1_74' title='bbox 443 1271 581 1359; x_wconf 74' lang='lat' dir='ltr'><strong>Spiritus</strong></span> <span class='ocrx_word' id='word_1_75' title='bbox 604 1273 708 1340; x_wconf 87' lang='lat' dir='ltr'><strong>sancti</strong></span> <span class='ocrx_word' id='word_1_76' title='bbox 728 1292 786 1359; x_wconf 85' lang='lat' dir='ltr'><strong>per</strong></span> <span class='ocrx_word' id='word_1_77' title='bbox 807 1272 1048 1358; x_wconf 67' lang='lat' dir='ltr'><strong>imposicionem</strong></span> <span class='ocrx_word' id='word_1_78' title='bbox 1070 1291 1184 1338; x_wconf 89' lang='lat' dir='ltr'><strong>manus</strong></span> <span class='ocrx_word' id='word_1_79' title='bbox 1205 1269 1312 1358; x_wconf 80' lang='lat' dir='ltr'><strong>precio</strong></span> <span class='ocrx_word' id='word_1_80' title='bbox 1334 1267 1489 1338; x_wconf 67' lang='lat' dir='ltr'><strong>meun-</strong></span> 
     </span>
     <span class='ocr_line' id='line_1_10' title="bbox 310 1385 1488 1473; baseline -0.003 -18"><span class='ocrx_word' id='word_1_81' title='bbox 310 1393 375 1455; x_wconf 88' lang='lat' dir='ltr'><strong>tem</strong></span> <span class='ocrx_word' id='word_1_82' title='bbox 405 1393 437 1455; x_wconf 86' lang='lat' dir='ltr'><strong>et</strong></span> <span class='ocrx_word' id='word_1_83' title='bbox 463 1387 650 1455; x_wconf 79' lang='lat' dir='ltr'><strong>kathedram</strong></span> <span class='ocrx_word' id='word_1_84' title='bbox 679 1387 830 1456; x_wconf 88' lang='lat' dir='ltr'><strong>ecclesiae</strong></span> <span class='ocrx_word' id='word_1_85' title='bbox 850 1387 1033 1456; x_wconf 73' lang='lat' dir='ltr'><strong>venalitatis</strong></span> <span class='ocrx_word' id='word_1_86' title='bbox 1055 1387 1218 1473; x_wconf 84' lang='lat' dir='ltr'><strong>questibus</strong></span> <span class='ocrx_word' id='word_1_87' title='bbox 1240 1385 1410 1453; x_wconf 86' lang='lat' dir='ltr'><strong>obnoxiam</strong></span> <span class='ocrx_word' id='word_1_88' title='bbox 1435 1385 1488 1451; x_wconf 85' lang='lat' dir='ltr'><strong>ta-</strong></span> 
     </span>
     <span class='ocr_line' id='line_1_11' title="bbox 311 1502 1488 1590; baseline -0.003 -19"><span class='ocrx_word' id='word_1_89' title='bbox 311 1504 462 1590; x_wconf 87' lang='lat' dir='ltr'><strong>cientem,</strong></span> <span class='ocrx_word' id='word_1_90' title='bbox 486 1524 507 1570; x_wconf 92' lang='lat' dir='ltr'><strong>a</strong></span> <span class='ocrx_word' id='word_1_91' title='bbox 528 1509 613 1571; x_wconf 86' lang='lat' dir='ltr'><strong>sorte</strong></span> <span class='ocrx_word' id='word_1_92' title='bbox 635 1503 829 1590; x_wconf 72' lang='lat' dir='ltr'><strong>apostoliens</strong></span> <span class='ocrx_word' id='word_1_93' title='bbox 850 1503 1078 1573; x_wconf 82' lang='lat' dir='ltr'><strong>benedictionis</strong></span> <span class='ocrx_word' id='word_1_94' title='bbox 1101 1502 1236 1570; x_wconf 81' lang='lat' dir='ltr'><strong>exclusit</strong></span> <span class='ocrx_word' id='word_1_95' title='bbox 1257 1507 1292 1569; x_wconf 89' lang='lat' dir='ltr'><strong>ct</strong></span> <span class='ocrx_word' id='word_1_96' title='bbox 1311 1505 1488 1588; x_wconf 82' lang='lat' dir='ltr'><strong>perpetuae</strong></span> 
     </span>
     <span class='ocr_line' id='line_1_12' title="bbox 310 1614 1489 1707; baseline -0.005 -19"><span class='ocrx_word' id='word_1_97' title='bbox 310 1619 541 1688; x_wconf 84' lang='lat' dir='ltr'><strong>maledictionis</strong></span> <span class='ocrx_word' id='word_1_98' title='bbox 562 1618 749 1707; x_wconf 87' lang='lat' dir='ltr'><strong>inexpiabili</strong></span> <span class='ocrx_word' id='word_1_99' title='bbox 771 1640 856 1706; x_wconf 90' lang='lat' dir='ltr'><strong>pena</strong></span> <span class='ocrx_word' id='word_1_100' title='bbox 877 1614 1089 1706; x_wconf 83' lang='lat' dir='ltr'><strong>dampnarit⁴.</strong></span> <span class='ocrx_word' id='word_1_101' title='bbox 1124 1618 1176 1685; x_wconf 87' lang='lat' dir='ltr'><strong>Ex</strong></span> <span class='ocrx_word' id='word_1_102' title='bbox 1191 1616 1246 1684; x_wconf 88' lang='lat' dir='ltr'><strong>illo</strong></span> <span class='ocrx_word' id='word_1_103' title='bbox 1262 1616 1412 1702; x_wconf 91' lang='lat' dir='ltr'><strong>usquein</strong></span> <span class='ocrx_word' id='word_1_104' title='bbox 1428 1615 1489 1683; x_wconf 89' lang='lat' dir='ltr'><strong>bo·</strong></span> 
     </span>
     <span class='ocr_line' id='line_1_13' title="bbox 311 1731 1487 1822; baseline -0.007 -18"><span class='ocrx_word' id='word_1_105' title='bbox 311 1735 456 1804; x_wconf 83' lang='lat' dir='ltr'><strong>diemum</strong></span> <span class='ocrx_word' id='word_1_106' title='bbox 478 1735 573 1821; x_wconf 90' lang='lat' dir='ltr'><strong>diem,</strong></span> <span class='ocrx_word' id='word_1_107' title='bbox 596 1737 679 1803; x_wconf 71' lang='lat' dir='ltr'><strong>deut</strong></span> <span class='ocrx_word' id='word_1_108' title='bbox 700 1741 777 1803; x_wconf 90' lang='lat' dir='ltr'><strong>tunc</strong></span> <span class='ocrx_word' id='word_1_109' title='bbox 799 1735 974 1822; x_wconf 85' lang='lat' dir='ltr'><strong>apostolica</strong></span> <span class='ocrx_word' id='word_1_110' title='bbox 993 1734 1080 1802; x_wconf 80' lang='lat' dir='ltr'><strong>Petri</strong></span> <span class='ocrx_word' id='word_1_111' title='bbox 1100 1733 1190 1818; x_wconf 85' lang='lat' dir='ltr'><strong>fides,</strong></span> <span class='ocrx_word' id='word_1_112' title='bbox 1212 1734 1260 1800; x_wconf 86' lang='lat' dir='ltr'><strong>ita</strong></span> <span class='ocrx_word' id='word_1_113' title='bbox 1280 1731 1395 1800; x_wconf 88' lang='lat' dir='ltr'><strong>deinde</strong></span> <span class='ocrx_word' id='word_1_114' title='bbox 1417 1731 1487 1798; x_wconf 87' lang='lat' dir='ltr'><strong>eins</strong></span> 
     </span>
     <span class='ocr_line' id='line_1_14' title="bbox 311 1845 1488 1938; baseline -0.006 -19"><span class='ocrx_word' id='word_1_115' title='bbox 311 1849 485 1938; x_wconf 81' lang='lat' dir='ltr'><strong>apostolica</strong></span> <span class='ocrx_word' id='word_1_116' title='bbox 506 1851 595 1919; x_wconf 86' lang='lat' dir='ltr'><strong>sedes</strong></span> <span class='ocrx_word' id='word_1_117' title='bbox 611 1851 772 1919; x_wconf 89' lang='lat' dir='ltr'><strong>diabolum</strong></span> <span class='ocrx_word' id='word_1_118' title='bbox 795 1851 925 1936; x_wconf 86' lang='lat' dir='ltr'><strong>eiusque</strong></span> <span class='ocrx_word' id='word_1_119' title='bbox 947 1849 1149 1918; x_wconf 76' lang='lat' dir='ltr'><strong>antichristos</strong></span> <span class='ocrx_word' id='word_1_120' title='bbox 1172 1848 1312 1918; x_wconf 83' lang='lat' dir='ltr'><strong>eiusdem</strong></span> <span class='ocrx_word' id='word_1_121' title='bbox 1334 1846 1408 1914; x_wconf 85' lang='lat' dir='ltr'><strong>fidei</strong></span> <span class='ocrx_word' id='word_1_122' title='bbox 1430 1845 1488 1912; x_wconf 87' lang='lat' dir='ltr'><strong>fir-</strong></span> 
     </span>
     <span class='ocr_line' id='line_1_15' title="bbox 311 1961 1489 2053; baseline -0.005 -19"><span class='ocrx_word' id='word_1_123' title='bbox 311 1967 423 2034; x_wconf 88' lang='lat' dir='ltr'><strong>mitate</strong></span> <span class='ocrx_word' id='word_1_124' title='bbox 445 1966 634 2053; x_wconf 87' lang='lat' dir='ltr'><strong>perdomuit,</strong></span> <span class='ocrx_word' id='word_1_125' title='bbox 658 1986 767 2034; x_wconf 88' lang='lat' dir='ltr'><strong>omnes</strong></span> <span class='ocrx_word' id='word_1_126' title='bbox 782 1987 907 2052; x_wconf 88' lang='lat' dir='ltr'><strong>quoque</strong></span> <span class='ocrx_word' id='word_1_127' title='bbox 920 1966 1016 2034; x_wconf 82' lang='lat' dir='ltr'><strong>interi</strong></span> <span class='ocrx_word' id='word_1_128' title='bbox 1033 1972 1151 2052; x_wconf 89' lang='lat' dir='ltr'><strong>portas,</strong></span> <span class='ocrx_word' id='word_1_129' title='bbox 1173 1961 1408 2033; x_wconf 70' lang='lat' dir='ltr'><strong>hermiarolras&#39;</strong></span> <span class='ocrx_word' id='word_1_130' title='bbox 1423 1963 1489 2030; x_wconf 86' lang='lat' dir='ltr'><strong>sci-</strong></span> 
     </span>
     <span class='ocr_line' id='line_1_16' title="bbox 310 2077 1489 2169; baseline -0.001 -20"><span class='ocrx_word' id='word_1_131' title='bbox 310 2081 386 2150; x_wconf 87' lang='lat' dir='ltr'><strong>licet</strong></span> <span class='ocrx_word' id='word_1_132' title='bbox 408 2101 480 2148; x_wconf 89' lang='lat' dir='ltr'><strong>eum</strong></span> <span class='ocrx_word' id='word_1_133' title='bbox 503 2083 702 2167; x_wconf 68' lang='lat' dir='ltr'><strong>dogmatibus</strong></span> <span class='ocrx_word' id='word_1_134' title='bbox 726 2087 758 2150; x_wconf 87' lang='lat' dir='ltr'><strong>et</strong></span> <span class='ocrx_word' id='word_1_135' title='bbox 778 2082 966 2169; x_wconf 85' lang='lat' dir='ltr'><strong>sequacibus</strong></span> <span class='ocrx_word' id='word_1_136' title='bbox 988 2083 1065 2167; x_wconf 83' lang='lat' dir='ltr'><strong>anis,</strong></span> <span class='ocrx_word' id='word_1_137' title='bbox 1089 2101 1155 2148; x_wconf 92' lang='lat' dir='ltr'><strong>non</strong></span> <span class='ocrx_word' id='word_1_138' title='bbox 1175 2080 1302 2167; x_wconf 77' lang='lat' dir='ltr'><strong>qnidam</strong></span> <span class='ocrx_word' id='word_1_139' title='bbox 1325 2077 1489 2148; x_wconf 81' lang='lat' dir='ltr'><strong>obstruxit</strong></span> 
     </span>
     <span class='ocr_line' id='line_1_17' title="bbox 312 2197 706 2284; baseline 0.003 -20"><span class='ocrx_word' id='word_1_140' title='bbox 312 2197 369 2264; x_wconf 88' lang='lat' dir='ltr'><strong>sed</strong></span> <span class='ocrx_word' id='word_1_141' title='bbox 390 2198 516 2284; x_wconf 88' lang='lat' dir='ltr'><strong>penitus</strong></span> <span class='ocrx_word' id='word_1_142' title='bbox 539 2198 706 2266; x_wconf 83' lang='lat' dir='ltr'><strong>destruxit.</strong></span> 
     </span>
    </p>

    <p class='ocr_par' dir='ltr' id='par_1_4' title="bbox 311 2309 1489 3193">
     <span class='ocr_line' id='line_1_18' title="bbox 401 2309 1489 2399; baseline -0.002 -21"><span class='ocrx_word' id='word_1_143' title='bbox 401 2311 477 2380; x_wconf 91' lang='lat' dir='ltr'><strong>Inde</strong></span> <span class='ocrx_word' id='word_1_144' title='bbox 500 2320 558 2399; x_wconf 74' lang='lat' dir='ltr'><strong>est,</strong></span> <span class='ocrx_word' id='word_1_145' title='bbox 581 2313 676 2399; x_wconf 84' lang='lat' dir='ltr'><strong>quod,</strong></span> <span class='ocrx_word' id='word_1_146' title='bbox 700 2333 771 2381; x_wconf 85' lang='lat' dir='ltr'><strong>cunr</strong></span> <span class='ocrx_word' id='word_1_147' title='bbox 793 2332 852 2380; x_wconf 92' lang='lat' dir='ltr'><strong>nos</strong></span> <span class='ocrx_word' id='word_1_148' title='bbox 873 2311 984 2380; x_wconf 87' lang='lat' dir='ltr'><strong>multia</strong></span> <span class='ocrx_word' id='word_1_149' title='bbox 1000 2313 1065 2379; x_wconf 91' lang='lat' dir='ltr'><strong>iam</strong></span> <span class='ocrx_word' id='word_1_150' title='bbox 1080 2313 1192 2380; x_wconf 85' lang='lat' dir='ltr'><strong>diebus</strong></span> <span class='ocrx_word' id='word_1_151' title='bbox 1206 2309 1379 2398; x_wconf 85' lang='lat' dir='ltr'><strong>expetisset</strong></span> <span class='ocrx_word' id='word_1_152' title='bbox 1399 2313 1489 2377; x_wconf 87' lang='lat' dir='ltr'><strong>sata·</strong></span> 
     </span>
     <span class='ocr_line' id='line_1_19' title="bbox 311 2426 1489 2513; baseline -0.002 -16"><span class='ocrx_word' id='word_1_153' title='bbox 311 2440 399 2513; x_wconf 81' lang='lat' dir='ltr'><strong>nas‘,</strong></span> <span class='ocrx_word' id='word_1_154' title='bbox 426 2434 463 2496; x_wconf 89' lang='lat' dir='ltr'><strong>ut</strong></span> <span class='ocrx_word' id='word_1_155' title='bbox 484 2428 638 2499; x_wconf 79' lang='lat' dir='ltr'><strong>cribraret</strong></span> <span class='ocrx_word' id='word_1_156' title='bbox 659 2450 718 2497; x_wconf 91' lang='lat' dir='ltr'><strong>nos</strong></span> <span class='ocrx_word' id='word_1_157' title='bbox 747 2428 830 2497; x_wconf 89' lang='lat' dir='ltr'><strong>sicut</strong></span> <span class='ocrx_word' id='word_1_158' title='bbox 854 2426 1013 2497; x_wconf 81' lang='lat' dir='ltr'><strong>triticum‘</strong></span> <span class='ocrx_word' id='word_1_159' title='bbox 1038 2436 1071 2497; x_wconf 92' lang='lat' dir='ltr'><strong>et</strong></span> <span class='ocrx_word' id='word_1_160' title='bbox 1095 2450 1154 2497; x_wconf 91' lang='lat' dir='ltr'><strong>nos</strong></span> <span class='ocrx_word' id='word_1_161' title='bbox 1182 2428 1224 2495; x_wconf 88' lang='lat' dir='ltr'><strong>ad</strong></span> <span class='ocrx_word' id='word_1_162' title='bbox 1245 2432 1402 2510; x_wconf 69' lang='lat' dir='ltr'><strong>veebum,</strong></span> <span class='ocrx_word' id='word_1_163' title='bbox 1434 2426 1489 2495; x_wconf 84' lang='lat' dir='ltr'><strong>cui</strong></span> 
     </span>
     <span class='ocr_line' id='line_1_20' title="bbox 312 2542 1489 2629; baseline -0.003 -16"><span class='ocrx_word' id='word_1_164' title='bbox 312 2544 457 2613; x_wconf 78' lang='lat' dir='ltr'><strong>(lbrlstus</strong></span> <span class='ocrx_word' id='word_1_165' title='bbox 479 2545 583 2614; x_wconf 85' lang='lat' dir='ltr'><strong>clares</strong></span> <span class='ocrx_word' id='word_1_166' title='bbox 606 2546 685 2613; x_wconf 87' lang='lat' dir='ltr'><strong>caeli</strong></span> <span class='ocrx_word' id='word_1_167' title='bbox 708 2551 741 2613; x_wconf 89' lang='lat' dir='ltr'><strong>et</strong></span> <span class='ocrx_word' id='word_1_168' title='bbox 762 2546 865 2613; x_wconf 84' lang='lat' dir='ltr'><strong>ricem</strong></span> <span class='ocrx_word' id='word_1_169' title='bbox 880 2544 968 2613; x_wconf 89' lang='lat' dir='ltr'><strong>Petri</strong></span> <span class='ocrx_word' id='word_1_170' title='bbox 989 2546 1024 2612; x_wconf 92' lang='lat' dir='ltr'><strong>in</strong></span> <span class='ocrx_word' id='word_1_171' title='bbox 1045 2564 1159 2612; x_wconf 85' lang='lat' dir='ltr'><strong>manus</strong></span> <span class='ocrx_word' id='word_1_172' title='bbox 1180 2544 1277 2629; x_wconf 79' lang='lat' dir='ltr'><strong>dedit,</strong></span> <span class='ocrx_word' id='word_1_173' title='bbox 1301 2542 1489 2626; x_wconf 74' lang='lat' dir='ltr'><strong>confugere-</strong></span> 
     </span>
     <span class='ocr_line' id='line_1_21' title="bbox 313 2658 1489 2749; baseline -0.003 -21"><span class='ocrx_word' id='word_1_174' title='bbox 313 2681 383 2729; x_wconf 89' lang='lat' dir='ltr'><strong>mus</strong></span> <span class='ocrx_word' id='word_1_175' title='bbox 405 2662 632 2749; x_wconf 88' lang='lat' dir='ltr'><strong>patrocinium,</strong></span> <span class='ocrx_word' id='word_1_176' title='bbox 656 2662 702 2729; x_wconf 87' lang='lat' dir='ltr'><strong>ita</strong></span> <span class='ocrx_word' id='word_1_177' title='bbox 724 2668 831 2730; x_wconf 83' lang='lat' dir='ltr'><strong>vestra</strong></span> <span class='ocrx_word' id='word_1_178' title='bbox 851 2683 961 2729; x_wconf 85' lang='lat' dir='ltr'><strong>snmus</strong></span> <span class='ocrx_word' id='word_1_179' title='bbox 983 2661 1171 2729; x_wconf 86' lang='lat' dir='ltr'><strong>auctoritate</strong></span> <span class='ocrx_word' id='word_1_180' title='bbox 1192 2658 1326 2743; x_wconf 84' lang='lat' dir='ltr'><strong>firmati,</strong></span> <span class='ocrx_word' id='word_1_181' title='bbox 1349 2663 1386 2725; x_wconf 88' lang='lat' dir='ltr'><strong>ut</strong></span> <span class='ocrx_word' id='word_1_182' title='bbox 1407 2678 1489 2745; x_wconf 88' lang='lat' dir='ltr'><strong>apo-</strong></span> 
     </span>
     <span class='ocr_line' id='line_1_22' title="bbox 312 2772 1488 2866; baseline -0.003 -21"><span class='ocrx_word' id='word_1_183' title='bbox 312 2777 428 2845; x_wconf 89' lang='lat' dir='ltr'><strong>stolum</strong></span> <span class='ocrx_word' id='word_1_184' title='bbox 444 2776 602 2863; x_wconf 80' lang='lat' dir='ltr'><strong>satanae⁴,</strong></span> <span class='ocrx_word' id='word_1_185' title='bbox 625 2778 751 2864; x_wconf 89' lang='lat' dir='ltr'><strong>quinos</strong></span> <span class='ocrx_word' id='word_1_186' title='bbox 768 2779 975 2866; x_wconf 71' lang='lat' dir='ltr'><strong>inpugnabat</strong></span> <span class='ocrx_word' id='word_1_187' title='bbox 999 2796 1252 2866; x_wconf 74' lang='lat' dir='ltr'><strong>expugnaremus</strong></span> <span class='ocrx_word' id='word_1_188' title='bbox 1275 2774 1380 2859; x_wconf 78' lang='lat' dir='ltr'><strong>gladio</strong></span> <span class='ocrx_word' id='word_1_189' title='bbox 1395 2772 1488 2841; x_wconf 86' lang='lat' dir='ltr'><strong>verbi</strong></span> 
     </span>
     <span class='ocr_line' id='line_1_23' title="bbox 311 2891 1487 2981; baseline -0.007 -18"><span class='ocrx_word' id='word_1_190' title='bbox 311 2893 374 2963; x_wconf 93' lang='lat' dir='ltr'><strong>Dei</strong></span> <span class='ocrx_word' id='word_1_191' title='bbox 395 2899 438 2979; x_wconf 89' lang='lat' dir='ltr'><strong>et,</strong></span> <span class='ocrx_word' id='word_1_192' title='bbox 460 2912 532 2961; x_wconf 86' lang='lat' dir='ltr'><strong>cum</strong></span> <span class='ocrx_word' id='word_1_193' title='bbox 555 2894 698 2981; x_wconf 78' lang='lat' dir='ltr'><strong>pestiferi</strong></span> <span class='ocrx_word' id='word_1_194' title='bbox 714 2892 861 2981; x_wconf 84' lang='lat' dir='ltr'><strong>Symonis</strong></span> <span class='ocrx_word' id='word_1_195' title='bbox 877 2894 1035 2961; x_wconf 85' lang='lat' dir='ltr'><strong>virulenta</strong></span> <span class='ocrx_word' id='word_1_196' title='bbox 1056 2895 1138 2961; x_wconf 90' lang='lat' dir='ltr'><strong>satio</strong></span> <span class='ocrx_word' id='word_1_197' title='bbox 1159 2894 1194 2959; x_wconf 91' lang='lat' dir='ltr'><strong>in</strong></span> <span class='ocrx_word' id='word_1_198' title='bbox 1210 2891 1487 2959; x_wconf 81' lang='lat' dir='ltr'><strong>Constantiensem</strong></span> 
     </span>
     <span class='ocr_line' id='line_1_24' title="bbox 313 3005 1487 3095; baseline -0.004 -18"><span class='ocrx_word' id='word_1_199' title='bbox 313 3010 477 3077; x_wconf 88' lang='lat' dir='ltr'><strong>ecclesiam</strong></span> <span class='ocrx_word' id='word_1_200' title='bbox 501 3008 618 3077; x_wconf 90' lang='lat' dir='ltr'><strong>malam</strong></span> <span class='ocrx_word' id='word_1_201' title='bbox 642 3011 835 3078; x_wconf 86' lang='lat' dir='ltr'><strong>extendisset</strong></span> <span class='ocrx_word' id='word_1_202' title='bbox 862 3010 1017 3095; x_wconf 88' lang='lat' dir='ltr'><strong>radicem,</strong></span> <span class='ocrx_word' id='word_1_203' title='bbox 1046 3028 1105 3077; x_wconf 89' lang='lat' dir='ltr'><strong>nos</strong></span> <span class='ocrx_word' id='word_1_204' title='bbox 1134 3008 1163 3077; x_wconf 91' lang='lat' dir='ltr'><strong>ei</strong></span> <span class='ocrx_word' id='word_1_205' title='bbox 1192 3007 1233 3075; x_wconf 91' lang='lat' dir='ltr'><strong>ad</strong></span> <span class='ocrx_word' id='word_1_206' title='bbox 1261 3005 1487 3074; x_wconf 86' lang='lat' dir='ltr'><strong>succidendum</strong></span> 
     </span>
     <span class='ocr_line' id='line_1_25' title="bbox 314 3124 846 3193; baseline 0 -2"><span class='ocrx_word' id='word_1_207' title='bbox 314 3124 534 3193; x_wconf 86' lang='lat' dir='ltr'><strong>adhiberemus</strong></span> <span class='ocrx_word' id='word_1_208' title='bbox 556 3124 700 3192; x_wconf 84' lang='lat' dir='ltr'><strong>iusticias</strong></span> <span class='ocrx_word' id='word_1_209' title='bbox 722 3125 846 3193; x_wconf 82' lang='lat' dir='ltr'><strong>falcem.</strong></span> 
     </span>
    </p>

    <p class='ocr_par' dir='ltr' id='par_1_5' title="bbox 314 3236 1490 4023">
     <span class='ocr_line' id='line_1_26' title="bbox 403 3236 1488 3327; baseline -0.001 -21"><span class='ocrx_word' id='word_1_210' title='bbox 403 3238 484 3306; x_wconf 88' lang='lat' dir='ltr'><strong>Nam</strong></span> <span class='ocrx_word' id='word_1_211' title='bbox 507 3258 577 3307; x_wconf 92' lang='lat' dir='ltr'><strong>oum</strong></span> <span class='ocrx_word' id='word_1_212' title='bbox 601 3240 689 3325; x_wconf 75' lang='lat' dir='ltr'><strong>regia</strong></span> <span class='ocrx_word' id='word_1_213' title='bbox 711 3247 851 3327; x_wconf 89' lang='lat' dir='ltr'><strong>potestas</strong></span> <span class='ocrx_word' id='word_1_214' title='bbox 873 3262 931 3309; x_wconf 90' lang='lat' dir='ltr'><strong>noe</strong></span> <span class='ocrx_word' id='word_1_215' title='bbox 953 3248 1089 3325; x_wconf 79' lang='lat' dir='ltr'><strong>urgeret,</strong></span> <span class='ocrx_word' id='word_1_216' title='bbox 1112 3236 1287 3326; x_wconf 81' lang='lat' dir='ltr'><strong>quendam⁸</strong></span> <span class='ocrx_word' id='word_1_217' title='bbox 1302 3238 1342 3305; x_wconf 87' lang='lat' dir='ltr'><strong>de</strong></span> <span class='ocrx_word' id='word_1_218' title='bbox 1356 3255 1488 3306; x_wconf 73' lang='lat' dir='ltr'><strong>esacra-</strong></span> 
     </span>
     <span class='ocr_line' id='line_1_27' title="bbox 314 3354 1489 3442; baseline -0.003 -19"><span class='ocrx_word' id='word_1_219' title='bbox 314 3354 371 3423; x_wconf 87' lang='lat' dir='ltr'><strong>bili</strong></span> <span class='ocrx_word' id='word_1_220' title='bbox 399 3354 621 3442; x_wconf 86' lang='lat' dir='ltr'><strong>perditissimi·</strong></span> <span class='ocrx_word' id='word_1_221' title='bbox 644 3354 798 3426; x_wconf 81' lang='lat' dir='ltr'><strong>Simonis‘</strong></span> <span class='ocrx_word' id='word_1_222' title='bbox 823 3357 909 3425; x_wconf 85' lang='lat' dir='ltr'><strong>scola</strong></span> <span class='ocrx_word' id='word_1_223' title='bbox 935 3358 1037 3425; x_wconf 89' lang='lat' dir='ltr'><strong>eidem</strong></span> <span class='ocrx_word' id='word_1_224' title='bbox 1067 3357 1217 3425; x_wconf 73' lang='lat' dir='ltr'><strong>ecclesim</strong></span> <span class='ocrx_word' id='word_1_225' title='bbox 1245 3355 1392 3423; x_wconf 89' lang='lat' dir='ltr'><strong>ordinare</strong></span> <span class='ocrx_word' id='word_1_226' title='bbox 1418 3355 1489 3442; x_wconf 88' lang='lat' dir='ltr'><strong>epi—</strong></span> 
     </span>
     <span class='ocr_line' id='line_1_28' title="bbox 315 3463 1488 3559; baseline 0 -21"><span class='ocrx_word' id='word_1_227' title='bbox 315 3490 462 3559; x_wconf 84' lang='lat' dir='ltr'><strong>scopum3</strong></span> <span class='ocrx_word' id='word_1_228' title='bbox 496 3490 553 3537; x_wconf 90' lang='lat' dir='ltr'><strong>nos</strong></span> <span class='ocrx_word' id='word_1_229' title='bbox 584 3491 658 3539; x_wconf 81' lang='lat' dir='ltr'><strong>uero</strong></span> <span class='ocrx_word' id='word_1_230' title='bbox 686 3472 877 3558; x_wconf 88' lang='lat' dir='ltr'><strong>diceremus,</strong></span> <span class='ocrx_word' id='word_1_231' title='bbox 911 3463 989 3559; x_wconf 83' lang='lat' dir='ltr'><strong>quia</strong></span> <span class='ocrx_word' id='word_1_232' title='bbox 1012 3475 1112 3541; x_wconf 87' lang='lat' dir='ltr'><strong>sacris</strong></span> <span class='ocrx_word' id='word_1_233' title='bbox 1140 3472 1312 3542; x_wconf 87' lang='lat' dir='ltr'><strong>canonibus</strong></span> <span class='ocrx_word' id='word_1_234' title='bbox 1339 3471 1488 3539; x_wconf 84' lang='lat' dir='ltr'><strong>omnibus</strong></span> 
     </span>
     <span class='ocr_line' id='line_1_29' title="bbox 314 3586 1489 3675; baseline 0.002 -22"><span class='ocrx_word' id='word_1_235' title='bbox 314 3586 416 3654; x_wconf 87' lang='lat' dir='ltr'><strong>modis</strong></span> <span class='ocrx_word' id='word_1_236' title='bbox 432 3593 558 3655; x_wconf 86' lang='lat' dir='ltr'><strong>cautum</strong></span> <span class='ocrx_word' id='word_1_237' title='bbox 575 3593 668 3674; x_wconf 86' lang='lat' dir='ltr'><strong>esset,</strong></span> <span class='ocrx_word' id='word_1_238' title='bbox 690 3588 750 3657; x_wconf 88' lang='lat' dir='ltr'><strong>hoo</strong></span> <span class='ocrx_word' id='word_1_239' title='bbox 771 3589 806 3655; x_wconf 94' lang='lat' dir='ltr'><strong>in</strong></span> <span class='ocrx_word' id='word_1_240' title='bbox 820 3595 965 3656; x_wconf 89' lang='lat' dir='ltr'><strong>nostrum</strong></span> <span class='ocrx_word' id='word_1_241' title='bbox 987 3609 1045 3656; x_wconf 92' lang='lat' dir='ltr'><strong>nos</strong></span> <span class='ocrx_word' id='word_1_242' title='bbox 1066 3590 1170 3657; x_wconf 83' lang='lat' dir='ltr'><strong>facere</strong></span> <span class='ocrx_word' id='word_1_243' title='bbox 1191 3608 1255 3656; x_wconf 93' lang='lat' dir='ltr'><strong>non</strong></span> <span class='ocrx_word' id='word_1_244' title='bbox 1276 3607 1371 3675; x_wconf 89' lang='lat' dir='ltr'><strong>posse</strong></span> <span class='ocrx_word' id='word_1_245' title='bbox 1392 3607 1489 3675; x_wconf 91' lang='lat' dir='ltr'><strong>prae-</strong></span> 
     </span>
     <span class='ocr_line' id='line_1_30' title="bbox 314 3694 1488 3792; baseline 0.002 -23"><span class='ocrx_word' id='word_1_246' title='bbox 314 3702 480 3785; x_wconf 84' lang='lat' dir='ltr'><strong>iudicium3</strong></span> <span class='ocrx_word' id='word_1_247' title='bbox 505 3721 640 3789; x_wconf 88' lang='lat' dir='ltr'><strong>cumque</strong></span> <span class='ocrx_word' id='word_1_248' title='bbox 662 3700 736 3771; x_wconf 79' lang='lat' dir='ltr'><strong>rex²</strong></span> <span class='ocrx_word' id='word_1_249' title='bbox 759 3694 875 3788; x_wconf 78' lang='lat' dir='ltr'><strong>iugiter</strong></span> <span class='ocrx_word' id='word_1_250' title='bbox 896 3706 1046 3789; x_wconf 84' lang='lat' dir='ltr'><strong>instaret,</strong></span> <span class='ocrx_word' id='word_1_251' title='bbox 1072 3725 1133 3773; x_wconf 90' lang='lat' dir='ltr'><strong>nos</strong></span> <span class='ocrx_word' id='word_1_252' title='bbox 1155 3705 1388 3792; x_wconf 80' lang='lat' dir='ltr'><strong>superlucere</strong></span> <span class='ocrx_word' id='word_1_253' title='bbox 1411 3724 1488 3771; x_wconf 88' lang='lat' dir='ltr'><strong>con-</strong></span> 
     </span>
     <span class='ocr_line' id='line_1_31' title="bbox 314 3817 1489 3907; baseline 0.003 -23"><span class='ocrx_word' id='word_1_254' title='bbox 314 3817 433 3885; x_wconf 86' lang='lat' dir='ltr'><strong>sentire</strong></span> <span class='ocrx_word' id='word_1_255' title='bbox 456 3818 497 3885; x_wconf 93' lang='lat' dir='ltr'><strong>ad</strong></span> <span class='ocrx_word' id='word_1_256' title='bbox 518 3822 630 3886; x_wconf 90' lang='lat' dir='ltr'><strong>nutum</strong></span> <span class='ocrx_word' id='word_1_257' title='bbox 652 3821 816 3907; x_wconf 89' lang='lat' dir='ltr'><strong>praecepti</strong></span> <span class='ocrx_word' id='word_1_258' title='bbox 837 3820 897 3905; x_wconf 91' lang='lat' dir='ltr'><strong>sui,</strong></span> <span class='ocrx_word' id='word_1_259' title='bbox 920 3826 954 3887; x_wconf 90' lang='lat' dir='ltr'><strong>et</strong></span> <span class='ocrx_word' id='word_1_260' title='bbox 967 3841 1026 3888; x_wconf 89' lang='lat' dir='ltr'><strong>nos</strong></span> <span class='ocrx_word' id='word_1_261' title='bbox 1040 3822 1235 3889; x_wconf 89' lang='lat' dir='ltr'><strong>obiceremus</strong></span> <span class='ocrx_word' id='word_1_262' title='bbox 1252 3821 1292 3904; x_wconf 90' lang='lat' dir='ltr'><strong>ei,</strong></span> <span class='ocrx_word' id='word_1_263' title='bbox 1313 3819 1393 3887; x_wconf 80' lang='lat' dir='ltr'><strong>hoe·</strong></span> <span class='ocrx_word' id='word_1_264' title='bbox 1409 3838 1489 3907; x_wconf 93' lang='lat' dir='ltr'><strong>apo-</strong></span> 
     </span>
     <span class='ocr_line' id='line_1_32' title="bbox 314 3929 1490 4023; baseline 0.001 -22"><span class='ocrx_word' id='word_1_265' title='bbox 314 3933 428 4003; x_wconf 86' lang='lat' dir='ltr'><strong>stoliea</strong></span> <span class='ocrx_word' id='word_1_266' title='bbox 441 3935 629 4003; x_wconf 89' lang='lat' dir='ltr'><strong>auctoritate</strong></span> <span class='ocrx_word' id='word_1_267' title='bbox 643 3929 821 4022; x_wconf 61' lang='lat' dir='ltr'><strong>probiberij</strong></span> <span class='ocrx_word' id='word_1_268' title='bbox 842 3936 970 4003; x_wconf 85' lang='lat' dir='ltr'><strong>tandem</strong></span> <span class='ocrx_word' id='word_1_269' title='bbox 985 3936 1060 4004; x_wconf 87' lang='lat' dir='ltr'><strong>huic</strong></span> <span class='ocrx_word' id='word_1_270' title='bbox 1073 3936 1215 4004; x_wconf 84' lang='lat' dir='ltr'><strong>scismati</strong></span> <span class='ocrx_word' id='word_1_271' title='bbox 1230 3935 1381 4023; x_wconf 87' lang='lat' dir='ltr'><strong>sopiendo</strong></span> <span class='ocrx_word' id='word_1_272' title='bbox 1395 3954 1490 4003; x_wconf 87' lang='lat' dir='ltr'><strong>sanc·</strong></span> 
     </span>
    </p>
   </div>
   <div class='ocr_carea' id='block_1_3' title="bbox 316 4082 1568 4259">
    <p class='ocr_par' dir='ltr' id='par_1_6' title="bbox 316 4082 1568 4259">
     <span class='ocr_line' id='line_1_33' title="bbox 385 4082 1568 4181; baseline 0.003 -14"><span class='ocrx_word' id='word_1_273' title='bbox 385 4133 406 4167; x_wconf 92' lang='lat' dir='ltr'><strong>a.</strong></span> <span class='ocrx_word' id='word_1_274' title='bbox 430 4120 544 4167; x_wconf 80' lang='lat' dir='ltr'><strong>Simonem</strong></span> <span class='ocrx_word' id='word_1_275' title='bbox 561 4120 587 4167; x_wconf 85' lang='grc' dir='ltr'><strong>Ζ.</strong></span> <span class='ocrx_word' id='word_1_276' title='bbox 679 4122 702 4168; x_wconf 89' lang='lat' dir='ltr'><strong>b.</strong></span> <span class='ocrx_word' id='word_1_277' title='bbox 726 4120 926 4181; x_wconf 83' lang='lat' dir='ltr'><strong>horesyarchaaV.</strong></span> <span class='ocrx_word' id='word_1_278' title='bbox 1020 4136 1040 4170; x_wconf 78' lang='lat' dir='ltr'><strong>c</strong></span> <span class='ocrx_word' id='word_1_279' title='bbox 1064 4122 1208 4170; x_wconf 78' lang='lat' dir='ltr'><strong>sathnan.</strong></span> <span class='ocrx_word' id='word_1_280' title='bbox 1294 4121 1318 4167; x_wconf 88' lang='lat' dir='ltr'><strong>d.</strong></span> <span class='ocrx_word' id='word_1_281' title='bbox 1341 4121 1488 4170; x_wconf 74' lang='lat' dir='ltr'><strong>sathmaeV.</strong></span> <span class='ocrx_word' id='word_1_282' title='bbox 1566 4082 1568 4093; x_wconf 43' lang='grc' dir='ltr'>Ι</span> 
     </span>
     <span class='ocr_line' id='line_1_34' title="bbox 316 4198 1035 4259; baseline 0.004 -14"><span class='ocrx_word' id='word_1_283' title='bbox 316 4210 336 4245; x_wconf 88' lang='lat' dir='ltr'><strong>e.</strong></span> <span class='ocrx_word' id='word_1_284' title='bbox 359 4198 551 4259; x_wconf 83' lang='lat' dir='ltr'><strong>pardidlaalle.</strong></span> <span class='ocrx_word' id='word_1_285' title='bbox 628 4198 645 4245; x_wconf 84' lang='lat' dir='ltr'><strong>t.</strong></span> <span class='ocrx_word' id='word_1_286' title='bbox 669 4199 774 4259; x_wconf 83' lang='lat' dir='ltr'><strong>Symonis</strong></span> <span class='ocrx_word' id='word_1_287' title='bbox 789 4201 813 4247; x_wconf 85' lang='lat' dir='ltr'><strong>V.</strong></span> <span class='ocrx_word' id='word_1_288' title='bbox 891 4213 913 4259; x_wconf 66' lang='lat' dir='ltr'><strong>g.</strong></span> <span class='ocrx_word' id='word_1_289' title='bbox 935 4200 993 4248; x_wconf 83' lang='lat' dir='ltr'><strong>baec</strong></span> <span class='ocrx_word' id='word_1_290' title='bbox 1009 4201 1035 4248; x_wconf 76' lang='grc' dir='ltr'><strong>Ζ.</strong></span> 
     </span>
    </p>
   </div>
   <div class='ocr_carea' id='block_1_4' title="bbox 316 4275 1489 4479">
    <p class='ocr_par' dir='ltr' id='par_1_7' title="bbox 316 4275 1489 4479">
     <span class='ocr_line' id='line_1_35' title="bbox 388 4275 1489 4394; baseline 0.005 -21"><span class='ocrx_word' id='word_1_291' title='bbox 388 4320 413 4374; x_wconf 91' lang='lat'><strong>1.</strong></span> <span class='ocrx_word' id='word_1_292' title='bbox 431 4320 637 4389; x_wconf 68' lang='lat' dir='ltr'><strong>nectareis.</strong></span> <span class='ocrx_word' id='word_1_293' title='bbox 710 4322 735 4375; x_wconf 79' lang='lat' dir='ltr'><strong>a.</strong></span> <span class='ocrx_word' id='word_1_294' title='bbox 754 4320 956 4390; x_wconf 63' lang='lat' dir='ltr'><strong>naeniam</strong></span> <span class='ocrx_word' id='word_1_295' title='bbox 1027 4323 1054 4377; x_wconf 86' lang='lat' dir='ltr'><strong>a.</strong></span> <span class='ocrx_word' id='word_1_296' title='bbox 1072 4275 1249 4391; x_wconf 63' lang='lat' dir='ltr'><strong>cumea.</strong></span> <span class='ocrx_word' id='word_1_297' title='bbox 1319 4322 1347 4377; x_wconf 74' lang='lat' dir='ltr'><strong>a</strong></span> <span class='ocrx_word' id='word_1_298' title='bbox 1365 4320 1489 4394; x_wconf 56' lang='lat' dir='ltr'><strong>aeae</strong></span> 
     </span>
     <span class='ocr_line' id='line_1_36' title="bbox 316 4406 1345 4479; baseline 0.005 -19"><span class='ocrx_word' id='word_1_299' title='bbox 316 4406 470 4475; x_wconf 83' lang='lat' dir='ltr'><strong>s‚1s-so.</strong></span> <span class='ocrx_word' id='word_1_300' title='bbox 540 4408 566 4463; x_wconf 83' lang='lat' dir='ltr'><strong>e.</strong></span> <span class='ocrx_word' id='word_1_301' title='bbox 585 4408 765 4479; x_wconf 67' lang='lat' dir='ltr'><strong>neeman.</strong></span> <span class='ocrx_word' id='word_1_302' title='bbox 837 4411 864 4465; x_wconf 87' lang='lat' dir='ltr'><strong>a.</strong></span> <span class='ocrx_word' id='word_1_303' title='bbox 882 4410 1024 4466; x_wconf 71' lang='lat' dir='ltr'><strong>xmus.</strong></span> <span class='ocrx_word' id='word_1_304' title='bbox 1096 4410 1122 4466; x_wconf 86' lang='lat' dir='ltr'><strong>u.</strong></span> <span class='ocrx_word' id='word_1_305' title='bbox 1140 4408 1345 4467; x_wconf 66' lang='lat' dir='ltr'><strong>summit.</strong></span> 
     </span>
    </p>
   </div>
   <div class='ocr_carea' id='block_1_5' title="bbox 0 0 1580 4850">
    <p class='ocr_par' dir='ltr' id='par_1_8' title="bbox 0 0 1580 4850">
     <span class='ocr_line' id='line_1_37' title="bbox 0 0 1580 4850; baseline 0 0"><span class='ocrx_word' id='word_1_306' title='bbox 0 0 1580 4850; x_wconf 95' lang='lat' dir='ltr'><strong> </strong></span> 
     </span>
    </p>
   </div>
  </div>
 </body>
</html>
