3142 4850
305 336 370 401 756
598 352 778 401 nnanonnr
800 351 981 400 omcocus
1017 353 1082 399 nra.
1100 352 1125 397 rr
1150 350 1182 399 14

216 527 286 584 1124
305 514 457 579 dilutione
485 516 686 593 ooatrmteta'a,
715 535 755 576 ne
771 512 862 596 forte
885 526 912 577 et
935 513 1044 577 domui
1065 514 1157 575 daces
1180 534 1212 575 ee
1234 510 1361 575 doleant
1382 532 1472 595 super

228 603 277 649 Μ’
304 630 362 695 too
387 630 565 694 iniura'otoe.
662 628 706 693 m
728 641 772 692 eet
795 626 943 713 inquiunt
965 640 1029 692 tom
1056 626 1177 713 prope?
1267 623 1401 707 QuibuS,
1430 624 1473 689 ita

304 764 383 828 esse,
407 741 683 829 respondentibus:
707 744 752 809 Et
774 746 881 808 omnia
904 742 1050 827 inquiunt
1073 734 1333 808 coneilia'noetra
1348 754 1473 827 raptum

305 874 386 926 eunt.
424 860 584 941 Quoniam
606 882 679 945 erpo
702 882 808 924 rerum
831 862 1044 925 conuenientia
1067 862 1114 923 eie
1135 858 1290 945 portabat,
1310 857 1474 941 sambrum

304 989 414 1063 sponte
436 989 465 1042 et
487 976 617 1057 ulcerea,
643 978 729 1061 quod
740 976 871 1060 surturi
891 998 1007 1040 sarnus.
1043 974 1130 1039 Nam
1152 987 1181 1040 et
1201 974 1372 1039 altissimae
1388 973 1473 1037 Deva

304 1115 363 1157 eac
386 1114 443 1156 noe
468 1095 579 1157 virtute
601 1094 824 1157 circumuentos
848 1092 987 1176 undique
1003 1091 1125 1155 traha-e
1142 1092 1271 1156 videto-r.
1305 1089 1474 1153 Declinare

304 1230 368 1272 noa
389 1229 565 1293 poseamus,
593 1228 763 1292 aequamur
778 1228 851 1292 erpo
867 1207 1037 1271 trahentem
1052 1210 1096 1271 ad
1111 1210 1224 1284 citam
1246 1228 1295 1285 ne,
1319 1205 1473 1270 reluctan-

305 1336 349 1389 tee
372 1322 506 1388 boaetcti
527 1324 603 1403 eiua,
625 1325 850 1409 praecipitemur·
871 1325 905 1386 a'a
928 1337 1067 1387 moutarn.
1103 1323 1165 1387 Da·
1183 1324 1293 1400 nostri,
1317 1324 1398 1385 aieret
1416 1344 1472 1405 ap·

300 1451 405 1525 paret,
429 1440 479 1502 dii
498 1461 562 1504 aon
583 1451 672 1514 eunt5
695 1451 805 1503 contro
827 1460 896 1503 eum
914 1460 971 1502 uos
986 1441 1096 1503 iuvare
1111 1460 1173 1503 aon
1187 1450 1329 1523 possunt.
1361 1436 1473 1501 Melius

305 1576 378 1639 erqo
402 1566 456 1634 eet,
482 1567 525 1634 ut,
549 1554 665 1619 relictae
689 1554 908 1633 desertoribus,
933 1554 976 1618 ad
999 1575 1105 1619 oerum
1119 1554 1234 1633 Deum,
1260 1554 1319 1639 qui
1336 1574 1399 1617 non
1422 1552 1472 1615 de·

305 1671 380 1734 emit
406 1682 566 1755 operantes
595 1672 630 1733 in
658 1692 691 1734 ee
699 1663 718 1750 ¹,
750 1692 788 1734 ea
816 1683 878 1735 toto
911 1672 1003 1735 cordo
1032 1683 1236 1736 trarmeomaa.
1276 1666 1393 1733 Verum
1423 1665 1472 1731 ubi

306 1804 375 1851 eam
398 1785 585 1851 sententiam
609 1788 674 1850 tam
699 1784 814 1850 bonam
838 1791 964 1870 tamque
985 1784 1141 1851 salubrem
1158 1782 1300 1867 diligenti
1325 1787 1473 1850 retraeta-

304 1901 391 1967 tione
413 1899 624 1987 probaverant
640 1937 682 1945 —
700 1900 802 1986 primo
827 1900 951 1985 quidem
975 1901 1059 1987 apud
1082 1920 1117 1966 sa
1140 1900 1171 1965 in
1188 1898 1340 1982 conclavi,
1364 1898 1473 1965 deinde

305 2036 380 2082 vero
404 2035 473 2082 curn
498 2014 611 2099 legatis
635 2021 668 2082 et
682 2014 821 2081 Paulicio
845 2016 884 2082 ad
907 2015 1036 2103 plenum
1061 2017 1199 2099 vigorem
1215 2014 1330 2081 laxiori
1345 2013 1473 2080 consilio

304 2129 509 2197 firmaverant
532 2152 662 2198 —cum
688 2131 805 2199 eisdem
830 2131 870 2198 ad
893 2131 1044 2219 populum
1070 2131 1202 2215 egressi,
1233 2131 1302 2214 qui,
1332 2131 1415 2196 sicut
1437 2128 1473 2195 ad

304 2247 420 2312 festum
432 2244 635 2331 confluxerat,
648 2253 759 2313 contra
769 2267 887 2314 morem
905 2248 1099 2333 indispersus
1112 2247 1171 2313 Dei
1186 2251 1263 2311 nutu
1279 2246 1312 2311 in
1325 2244 1395 2311 locu
1409 2264 1474 2311 ma·

306 2361 400 2429 nebat
422 2382 480 2429 nec
495 2362 528 2428 in
544 2383 599 2429 rus
614 2362 811 2448 discesserat,
835 2362 985 2430 luculenti
1010 2364 1163 2431 sermonis
1179 2360 1352 2446 dulcedine,
1377 2360 1473 2428 multo

245 2476 249 2480 ⁸
306 2478 514 2546 benivolentia
544 2484 638 2566 captu
667 2501 720 2547 eos
749 2481 788 2547 de
817 2481 876 2548 boc
903 2480 998 2547 verbo
1028 2480 1155 2547 allocuti
1184 2484 1265 2546 sunt.
1311 2477 1375 2545 Sed
1403 2477 1474 2562 quid

305 2594 426 2661 multa?
460 2593 574 2661 blisum
598 2595 684 2662 dictu
707 2615 801 2680 quam
825 2597 946 2681 subito,
972 2617 1063 2682 quam
1087 2596 1173 2664 facili
1197 2615 1352 2663 consensu
1375 2594 1475 2660 omnis

216 2704 221 2716 ’
306 2710 361 2776 illa
383 2710 550 2776 multitudo
572 2710 693 2797 populi,
723 2711 839 2778 auditis
862 2713 1032 2798 primatum
1059 2711 1172 2796 verbis,
1196 2713 1229 2777 in
1253 2711 1386 2778 eandem
1409 2731 1475 2777 sese

306 2826 556 2894 convenientiam
580 2826 789 2896 inclinaverit.
825 2827 867 2895 Et
890 2829 966 2913 quia
988 2829 1049 2895 diei
1073 2829 1214 2910 audiunt,
1238 2828 1422 2914 episcopum
1445 2827 1476 2892 in

306 2943 452 3028 proximo
476 2962 554 3027 ease,
579 2943 662 3009 far-to
684 2944 805 3027 ingenti
828 2944 976 3030 clamore,
1005 2950 1042 3011 ut
1064 2943 1245 3028 advocetur,
1268 2951 1392 3028 rogant,
1417 2963 1476 3030 quo

306 3057 394 3123 illum
419 3057 526 3124 videre
550 3063 666 3143 queant
689 3063 722 3126 et
744 3060 868 3144 audire,
894 3067 1060 3146 antequam
1085 3059 1188 3126 soluto
1211 3065 1281 3126 cetu
1305 3058 1423 3144 singuli
1445 3060 1476 3125 in

307 3172 377 3240 loca
404 3193 461 3239 sua
490 3174 662 3241 discedant.
760 3175 974 3244 Redeuntibus
1001 3177 1108 3261 itaque
1130 3175 1270 3242 Paulicio
1300 3180 1331 3242 et
1354 3175 1477 3260 legatis,

308 3289 453 3356 abierunt
475 3290 602 3374 quidam
626 3291 665 3358 de
687 3291 866 3358 castellanis
890 3311 961 3358 cum
985 3293 1030 3359 eis
1054 3291 1094 3358 ad
1118 3291 1316 3378 episcopum,
1346 3291 1399 3376 qui
1426 3291 1479 3358 ob-

307 3405 384 3470 nixa
411 3405 613 3472 veneratione
640 3408 679 3473 ad
709 3428 745 3473 so
773 3407 864 3473 illum
891 3407 1078 3491 invitarent,
1112 3406 1284 3474 salutatum
1314 3427 1354 3474 ex
1389 3413 1479 3494 parte

307 3519 461 3586 nobilium
485 3519 648 3608 plebisque
670 3522 832 3607 universe,
862 3523 979 3608 quique
1001 3523 1093 3590 fidem
1117 3523 1271 3590 facerent:
1301 3523 1370 3589 sine
1394 3523 1479 3590 omni

308 3634 448 3722 periculo
471 3635 522 3702 vel
549 3637 663 3704 iniuria
685 3644 772 3704 metu
796 3659 866 3706 eum
891 3640 1059 3706 ascendere
1086 3631 1196 3724 posse,
1226 3639 1425 3724 quinetiam
1447 3640 1479 3706 iu

308 3751 453 3818 omuibus
469 3750 499 3818 ei
514 3751 717 3820 obaudituros
733 3774 767 3821 se
783 3775 822 3820 ex
838 3755 953 3821 animo.
987 3753 1164 3842 Episcopus
1179 3775 1265 3839 vero,
1289 3758 1357 3821 tam
1372 3755 1480 3840 quieto

308 3887 454 3934 successu
477 3868 570 3934 rebus
593 3889 628 3934 se
642 3870 910 3955 promoventibus,
934 3873 1053 3954 gratias
1070 3891 1165 3955 agens
1181 3870 1259 3954 Deo,
1283 3869 1323 3936 ad
1339 3876 1479 3938 castmn

308 4003 343 4049 se
369 3981 504 4049 levabat.
602 3981 665 4051 Sed
693 3992 765 4053 ecce
795 3986 846 4052 ubi
877 3987 1045 4072 quadrigas
1073 3985 1217 4054 vehicula
1245 3991 1276 4054 et
1304 3988 1480 4069 sagmarios

297 4104 433 4185 ,nostros
463 4098 611 4166 victualia
639 4105 817 4186 portantes,
847 4103 988 4169 iumenta
1016 4122 1139 4188 qnoque
1168 4106 1201 4169 et
1226 4101 1395 4188 populum,
1425 4101 1480 4186 qni

308 4213 471 4281 nobiscum
500 4216 661 4300 veniebat,
691 4218 813 4283 eminus
841 4217 948 4284 videre
976 4222 1142 4304 ceperunt,
1171 4219 1261 4302 quasi
1290 4223 1478 4303 apparatum

309 4328 382 4396 belli
413 4333 625 4418 suspicantes,
655 4332 812 4399 modicum
842 4333 959 4399 turbati
989 4338 1071 4400 sunt.
1110 4333 1156 4399 lle
1179 4337 1282 4399 autem
1307 4333 1388 4398 sient
1410 4337 1480 4398 erat

381 4462 406 4515 1.
424 4459 516 4515 lauru
536 4462 577 4531 13,
597 4463 639 4517 rr.
