3142 4850
307 269 488 328 mannent
509 280 691 329 muscosus.
727 282 793 328 nra
810 282 833 328 1.
866 280 1074 329 Pnoonumm
1210 264 1273 328 707

104 438 204 504 tribus
227 438 340 522 uiginti
362 445 496 523 quatuor
518 440 623 506 tenuis
644 440 706 506 fnit
728 447 761 506 et
782 444 926 523 angusta.
970 440 1058 505 ltane
1081 445 1144 522 est,
1167 444 1203 505 nt
1226 460 1276 505 as-
1305 454 1374 509 1158
1423 482 1429 489 ·

105 554 193 619 sero?
223 552 326 636 Certe,
350 554 470 638 siquid
492 574 573 637 erro,
597 555 636 621 ad
653 575 707 623 eos
722 554 847 642 culpam
864 555 1041 641 depositum
1058 574 1105 638 eo,
1129 554 1275 639 aquibus
1293 526 1342 573 ¹⁰¹¹·
1353 526 1383 573 ⁸⁰

106 689 142 734 ea
163 668 260 735 didici
282 670 473 735 auctoribus.
565 670 647 737 Nam
671 690 728 753 ego
752 670 875 737 advena
892 691 963 736 sum
987 670 1069 756 apud
1087 690 1142 735 vos
1166 676 1199 735 et
1220 690 1276 755 pe-

105 780 278 867 regrinns¹3
307 790 381 850 anto
409 805 508 851 annos
537 791 661 851 mnium
684 786 809 853 bisenos
834 790 866 851 et
888 782 1003 851 unum¹
1027 785 1085 851 Dei
1117 791 1149 851 et
1170 791 1276 851 vestra

104 899 319 965 misericordia
347 901 381 965 in
403 901 599 966 consorcium
622 906 727 967 vestre
747 901 957 967 fraternitatis
982 901 1167 985 adoptatus,
1201 920 1275 966 con·
1387 959 1392 971 ι

105 1015 187 1080 scius
210 1021 242 1081 et
257 1016 476 1102 comparticeps
493 1015 621 1083 effectus
637 1016 890 1083 somolacionnm
907 1023 939 1082 et
954 1014 1107 1083 meorum
1123 1016 1274 1098 omnium,

104 1150 160 1215 per
187 1151 258 1196 eum
288 1130 377 1197 robis
405 1130 599 1197 collatorum.
647 1132 753 1217 Ipsum
783 1137 888 1197 antem
917 1132 949 1197 in
979 1150 1073 1197 carne
1100 1152 1162 1197 non
1193 1130 1274 1212 ridi3

104 1266 140 1311 en
161 1246 246 1330 qnod
272 1252 346 1311 ante
375 1246 434 1311 hoo
461 1247 697 1313 tredecennium
723 1248 872 1313 introitus
901 1247 963 1313 mei
993 1247 1112 1313 advos
1142 1267 1198 1313 sex
1220 1246 1275 1313 ille

103 1380 202 1427 anuos
225 1362 288 1427 iam
311 1361 448 1428 habebat
471 1362 505 1427 in
528 1357 676 1428 tumulo⁸.

191 1477 312 1556 Timo:
347 1475 478 1544 Minime
507 1478 638 1561 inquit
666 1478 826 1561 ambigas,
862 1478 937 1563 quin
966 1478 1012 1543 ita
1042 1498 1111 1545 sese
1139 1478 1276 1545 habeant

102 1592 218 1676 omnia,
242 1613 303 1676 que
325 1598 357 1658 to
380 1592 514 1658 anobis
536 1566 703 1678 accepisse·
716 1592 837 1659 fateris.
879 1592 995 1658 Verum
1021 1612 1058 1659 aa
1080 1613 1180 1678 parva
1202 1598 1276 1659 sunt

101 1726 138 1772 oe
159 1728 242 1793 pene
264 1707 353 1774 nulla
367 1709 597 1793 conparacione
619 1707 756 1790 illorum,
779 1728 840 1792 que
859 1708 960 1775 adhuc
975 1708 1014 1774 de
1034 1708 1089 1773 illo
1110 1708 1274 1775 auditurus

102 1842 150 1903 es3
174 1824 204 1889 si
226 1830 332 1902 tam-en
356 1823 466 1889 andire
487 1822 625 1889 libuerit.
715 1823 833 1901 Quanti
853 1824 1138 1908 prooemiorum,
1161 1823 1274 1908 inquo

100 1938 280 2022 requiescit,
303 1938 469 2005 locellum?
503 1937 607 2004 Niobil
627 1934 674 2003 ei*
695 1944 779 2005 certe
796 1938 835 2004 de
851 1938 938 2004 mille
954 1938 1142 2005 talentorum
1167 1940 1273 2023 precio

54 2083 57 2086 ·
101 2052 238 2120 arbitror
260 2054 472 2119 imminutum.
512 2052 611 2137 Atqui
633 2054 733 2135 gratis
756 2053 839 2119 hunc
862 2053 977 2121 habere
1000 2058 1139 2139 poterat3
1170 2054 1199 2119 si
1222 2074 1275 2120 vo·

98 2167 221 2235 luisset.
267 2169 346 2252 Sed,
370 2159 571 2235 'occasionem
599 2168 824 2235 benolieoncio·
853 2175 885 2235 et
912 2169 1197 2235 conmuninaciouis
1220 2190 1275 2235 ex·

97 2284 226 2367 qnirere
248 2284 370 2368 solitus,
400 2284 483 2369 apud
508 2304 577 2366 nos,
606 2304 684 2368 quos
707 2284 739 2350 in
764 2284 890 2350 Christo
913 2284 1074 2367 diligebat,
1104 2286 1273 2367 gratuitam

96 2398 295 2484 sepulturam
319 2399 436 2467 babere
457 2398 618 2480 nolebnt';
648 2405 684 2465 ut
706 2406 738 2466 et
759 2400 820 2466 sibi
845 2405 877 2465 et
899 2400 989 2466 nobis
1019 2420 1080 2466 uno
1104 2400 1275 2484 eodemque

95 2515 267 2600 prodesset
293 2516 490 2582 commercio.
599 2514 652 2582 Sic
681 2535 788 2581 munros
815 2514 863 2580 vel
889 2515 1030 2581 officinas
1059 2521 1200 2598 nostras,
1230 2516 1276 2580 sic

95 2629 195 2696 fontis
220 2651 351 2714 renam,
380 2630 536 2716 plumbeis
564 2630 678 2696 tistulis
708 2631 747 2696 ab
771 2637 842 2696 ortu
867 2651 924 2696 suo
947 2629 1132 2710 deductam,
1162 2639 1274 2714 qunm⁰

94 2746 182 2813 labio
200 2747 348 2832 plumbeo
371 2746 475 2812 cernis
490 2752 713 2830 emergentem,
736 2747 819 2812 sicut
838 2751 983 2812 construo
998 2749 1154 2831 poterant,
1179 2764 1274 2812 censu

94 2857 336 2948 appreciavit⁸3
379 2867 487 2928 eterne
520 2861 737 2929 retributionis
771 2861 972 2928 avidissimus
1007 2861 1205 2944 negociator,
1240 2865 1276 2926 ut

94 2977 207 3042 omnia
229 2996 336 3042 coram
360 2977 428 3042 Deo
450 2975 511 3043 sibi
536 2977 794 3043 conscriberentur.
885 2977 1040 3054 Quantam
1064 2981 1157 3062 putas
1180 2995 1274 3061 pecu·

92 3093 225 3158 uiarum
249 3112 406 3158 summam
430 3093 585 3158 indecem
609 3099 642 3159 et
656 3099 726 3160 octo
749 3092 950 3158 monasteriis
973 3092 1089 3177 partim
1112 3091 1146 3156 in
1162 3091 1275 3159 melius

92 3206 287 3294 reparandis
312 3207 428 3292 partim
444 3208 542 3274 eciam
563 3207 635 3274 rudi
651 3208 840 3274 fundacione
854 3207 1072 3274 construendis
1088 3207 1274 3293 insumpsit3

91 3323 171 3409 qnid
195 3323 232 3387 in
256 3323 435 3388 coemendis
459 3323 578 3409 prediis
605 3328 639 3388 et
660 3323 911 3408 possessionibus
940 3322 979 3388 ad
1009 3324 1274 3390 sustentacionem

89 3438 173 3505 inibi
198 3437 270 3504 Deo
294 3438 498 3504 militantium
521 3438 692 3524 expendit?
731 3439 858 3505 Nullum
884 3437 1009 3524 quidem
1035 3459 1090 3504 rue
1106 3438 1274 3525 dyocesoos

89 3553 326 3620 monasterium
344 3553 394 3619 vel
417 3554 598 3619 canonicam
623 3573 679 3620 sue
701 3553 922 3621 beneficiandis
937 3554 1066 3638 reliquit
1079 3554 1272 3636 exsortem⁶3

88 3670 147 3736 sed
171 3667 352 3735 melioratis
375 3672 470 3752 atque
485 3668 686 3753 amplificatis
702 3669 858 3752 omnibus,
883 3689 960 3754 quas
983 3669 1104 3754 pridem
1122 3669 1275 3736 habuerat

89 3783 362 3868 congregaciones
385 3783 563 3867 quindecim
587 3785 783 3870 episcopatui
809 3821 849 3830 -
867 3805 946 3870 quas
969 3805 1030 3851 non
1056 3784 1208 3850 habuerat
1231 3819 1272 3830 -

88 3899 249 3987 apposuit
271 3903 304 3966 et
325 3897 421 3966 cellas
444 3899 592 3984 quinque.

164 4039 188 4071 ι
214 4021 408 4068 benifloensieN.
470 4022 492 4068 b.
512 4023 605 4070 nolebat
614 4037 677 4070 corr.
688 4022 714 4069 in
724 4023 816 4070 nolebat
825 4024 855 4070 N.
909 4037 928 4070 o.
950 4035 995 4082 que
1006 4023 1036 4069 N.
1090 4021 1113 4070 d.
1133 4025 1233 4070 exortem
1243 4023 1273 4070 N.

88 4109 308 4178 (lus-1160),
326 4121 409 4175 quem
427 4109 530 4162 scimus
548 4123 619 4163 anno
634 4110 703 4162 1160
716 4113 845 4178 „propter
856 4109 1002 4176 languores
1019 4112 1048 4162 et
1060 4107 1202 4163 diuturnas
1215 4123 1273 4164 eor·

87 4199 166 4269 poris
185 4195 378 4266 egritudines“
398 4209 429 4249 se
446 4195 560 4250 abbatia
577 4195 759 4250 abdicarissa.
785 4196 820 4250 V.
839 4211 923 4266 snpra
940 4212 968 4264 p.
981 4197 1042 4251 694.

163 4289 190 4341 1.
212 4283 285 4339 Gen.
296 4285 340 4352 23,
352 4285 384 4338 4:
404 4284 539 4354 „Aduena
552 4300 612 4340 sum
630 4288 660 4340 et
676 4283 838 4354 peregrinus
855 4285 929 4353 apud
941 4284 1019 4340 vos“.
1091 4286 1117 4340 2.
1136 4285 1189 4340 ie.
1201 4299 1273 4341 anno

88 4375 171 4432 1145.
287 4373 314 4426 3.
333 4371 397 4428 indo
414 4389 433 4426 a
449 4372 599 4428 d.301un.
615 4373 692 4428 1139.
801 4374 826 4428 4.
846 4374 902 4428 clu!
1010 4374 1036 4428 5.
1056 4373 1131 4428 emit.

1001 4470 1061 4524 45*
