<?xml version="1.0" encoding="UTF-8"?>
<!DOCTYPE html PUBLIC "-//W3C//DTD XHTML 1.0 Transitional//EN"
    "http://www.w3.org/TR/xhtml1/DTD/xhtml1-transitional.dtd">
<html xmlns="http://www.w3.org/1999/xhtml" xml:lang="en" lang="en">
 <head>
  <title>
</title>
<meta http-equiv="Content-Type" content="text/html;charset=utf-8" />
  <meta name='ocr-system' content='tesseract 3.04.00' />
  <meta name='ocr-capabilities' content='ocr_page ocr_carea ocr_par ocr_line ocrx_word'/>
</head>
<body>
  <div class='ocr_page' id='page_1' title='image "./bibliothecareru06jaffgoog_0675.png"; bbox 0 0 3142 4850; ppageno 0'>
   <div class='ocr_carea' id='block_1_1' title="bbox 321 313 1234 379">
    <p class='ocr_par' dir='ltr' id='par_1_1' title="bbox 321 313 1234 379">
     <span class='ocr_line' id='line_1_1' title="bbox 321 313 1234 379; baseline -0.001 0"><span class='ocrx_word' id='word_1_1' title='bbox 321 313 388 379; x_wconf 81' lang='lat' dir='ltr'><strong>deo</strong></span> <span class='ocrx_word' id='word_1_2' title='bbox 592 330 716 379; x_wconf 80' lang='lat' dir='ltr'><strong>unorus</strong></span> <span class='ocrx_word' id='word_1_3' title='bbox 738 328 819 378; x_wconf 76' lang='lat' dir='ltr'><strong>vrrs</strong></span> <span class='ocrx_word' id='word_1_4' title='bbox 842 329 1001 378; x_wconf 77' lang='lat' dir='ltr'><strong>omasus.</strong></span> <span class='ocrx_word' id='word_1_5' title='bbox 1034 331 1100 376; x_wconf 82' lang='lat' dir='ltr'><strong>um.</strong></span> <span class='ocrx_word' id='word_1_6' title='bbox 1117 331 1157 376; x_wconf 89' lang='lat' dir='ltr'><strong>m</strong></span> <span class='ocrx_word' id='word_1_7' title='bbox 1178 326 1234 378; x_wconf 80' lang='lat' dir='ltr'><strong>er</strong></span> 
     </span>
    </p>
   </div>
   <div class='ocr_carea' id='block_1_2' title="bbox 157 489 1567 4288">
    <p class='ocr_par' dir='ltr' id='par_1_2' title="bbox 157 489 1567 4288">
     <span class='ocr_line' id='line_1_2' title="bbox 224 489 1488 574; baseline -0.006 -15"><span class='ocrx_word' id='word_1_8' title='bbox 224 505 293 560; x_wconf 79' lang='grc'><strong>1127</strong></span> <span class='ocrx_word' id='word_1_9' title='bbox 322 505 351 558; x_wconf 80' lang='lat' dir='ltr'><strong>et</strong></span> <span class='ocrx_word' id='word_1_10' title='bbox 373 505 490 558; x_wconf 71' lang='lat' dir='ltr'><strong>raram</strong></span> <span class='ocrx_word' id='word_1_11' title='bbox 510 504 654 557; x_wconf 70' lang='lat' dir='ltr'><strong>cosmam.</strong></span> <span class='ocrx_word' id='word_1_12' title='bbox 690 492 766 556; x_wconf 81' lang='lat' dir='ltr'><strong>Noa</strong></span> <span class='ocrx_word' id='word_1_13' title='bbox 789 505 835 556; x_wconf 83' lang='lat' dir='ltr'><strong>eet</strong></span> <span class='ocrx_word' id='word_1_14' title='bbox 854 513 966 572; x_wconf 83' lang='lat' dir='ltr'><strong>meam,</strong></span> <span class='ocrx_word' id='word_1_15' title='bbox 990 492 1036 555; x_wconf 83' lang='lat' dir='ltr'><strong>ad</strong></span> <span class='ocrx_word' id='word_1_16' title='bbox 1055 491 1137 554; x_wconf 78' lang='lat' dir='ltr'><strong>baso</strong></span> <span class='ocrx_word' id='word_1_17' title='bbox 1158 511 1213 555; x_wconf 84' lang='lat' dir='ltr'><strong>vos</strong></span> <span class='ocrx_word' id='word_1_18' title='bbox 1234 489 1418 574; x_wconf 56' lang='lat' dir='ltr'><strong>religionem</strong></span> <span class='ocrx_word' id='word_1_19' title='bbox 1438 509 1488 553; x_wconf 86' lang='lat' dir='ltr'><strong>oo·</strong></span> 
     </span>
     <span class='ocr_line' id='line_1_3' title="bbox 209 577 1489 694; baseline -0.004 -21"><span class='ocrx_word' id='word_1_20' title='bbox 209 577 263 625; x_wconf 49' lang='lat'><strong>⁸⁸¹³</strong></span> <span class='ocrx_word' id='word_1_21' title='bbox 274 579 304 626; x_wconf 55' lang='grc' dir='ltr'><em>ῃ</em></span> <span class='ocrx_word' id='word_1_22' title='bbox 319 629 409 694; x_wconf 77' lang='lat' dir='ltr'><strong>pm,-</strong></span> <span class='ocrx_word' id='word_1_23' title='bbox 433 611 520 694; x_wconf 72' lang='lat' dir='ltr'><strong>quob,</strong></span> <span class='ocrx_word' id='word_1_24' title='bbox 545 621 580 673; x_wconf 82' lang='lat' dir='ltr'><strong>ct</strong></span> <span class='ocrx_word' id='word_1_25' title='bbox 595 631 633 672; x_wconf 77' lang='lat' dir='ltr'><strong>es</strong></span> <span class='ocrx_word' id='word_1_26' title='bbox 649 629 702 672; x_wconf 85' lang='lat' dir='ltr'><strong>ore</strong></span> <span class='ocrx_word' id='word_1_27' title='bbox 717 609 841 673; x_wconf 66' lang='lat' dir='ltr'><strong>domat</strong></span> <span class='ocrx_word' id='word_1_28' title='bbox 860 610 924 672; x_wconf 81' lang='lat' dir='ltr'><strong>mci</strong></span> <span class='ocrx_word' id='word_1_29' title='bbox 943 609 1086 692; x_wconf 77' lang='lat' dir='ltr'><strong>episcopi</strong></span> <span class='ocrx_word' id='word_1_30' title='bbox 1101 607 1222 684; x_wconf 81' lang='lat' dir='ltr'><strong>audivi,</strong></span> <span class='ocrx_word' id='word_1_31' title='bbox 1244 627 1309 670; x_wconf 76' lang='lat' dir='ltr'><strong>sorr</strong></span> <span class='ocrx_word' id='word_1_32' title='bbox 1324 604 1489 669; x_wconf 74' lang='lat' dir='ltr'><strong>wltDrsr</strong></span> 
     </span>
     <span class='ocr_line' id='line_1_4' title="bbox 321 720 1489 810; baseline -0.004 -22"><span class='ocrx_word' id='word_1_33' title='bbox 321 737 429 790; x_wconf 81' lang='lat' dir='ltr'><strong>coacta</strong></span> <span class='ocrx_word' id='word_1_34' title='bbox 445 726 578 789; x_wconf 64' lang='lat' dir='ltr'><strong>ramea</strong></span> <span class='ocrx_word' id='word_1_35' title='bbox 593 725 648 788; x_wconf 84' lang='lat' dir='ltr'><strong>aed</strong></span> <span class='ocrx_word' id='word_1_36' title='bbox 662 724 854 788; x_wconf 60' lang='lat' dir='ltr'><strong>noluntaria.</strong></span> <span class='ocrx_word' id='word_1_37' title='bbox 891 723 1104 810; x_wconf 74' lang='lat' dir='ltr'><strong><em>Quapropter,</em></strong></span> <span class='ocrx_word' id='word_1_38' title='bbox 1126 724 1275 787; x_wconf 74' lang='lat' dir='ltr'><strong>unanimi</strong></span> <span class='ocrx_word' id='word_1_39' title='bbox 1294 720 1426 785; x_wconf 69' lang='lat' dir='ltr'><strong>consilio</strong></span> <span class='ocrx_word' id='word_1_40' title='bbox 1441 722 1489 784; x_wconf 77' lang='lat' dir='ltr'><strong>is·</strong></span> 
     </span>
     <span class='ocr_line' id='line_1_5' title="bbox 322 834 1492 922; baseline -0.006 -16"><span class='ocrx_word' id='word_1_41' title='bbox 322 853 368 906; x_wconf 80' lang='lat' dir='ltr'><strong>ter</strong></span> <span class='ocrx_word' id='word_1_42' title='bbox 382 863 436 905; x_wconf 84' lang='lat' dir='ltr'><strong>uos</strong></span> <span class='ocrx_word' id='word_1_43' title='bbox 453 853 568 906; x_wconf 75' lang='lat' dir='ltr'><strong>sacrem</strong></span> <span class='ocrx_word' id='word_1_44' title='bbox 583 841 807 920; x_wconf 79' lang='lat' dir='ltr'><strong>convenientes,</strong></span> <span class='ocrx_word' id='word_1_45' title='bbox 832 840 945 905; x_wconf 81' lang='lat' dir='ltr'><strong>salatr&#39;e</strong></span> <span class='ocrx_word' id='word_1_46' title='bbox 966 851 1065 904; x_wconf 68' lang='lat' dir='ltr'><strong>outre</strong></span> <span class='ocrx_word' id='word_1_47' title='bbox 1086 859 1215 903; x_wconf 80' lang='lat' dir='ltr'><strong>cessam</strong></span> <span class='ocrx_word' id='word_1_48' title='bbox 1237 839 1320 922; x_wconf 73' lang='lat' dir='ltr'><strong>opita</strong></span> <span class='ocrx_word' id='word_1_49' title='bbox 1342 848 1380 914; x_wconf 80' lang='lat' dir='ltr'><strong>et,</strong></span> <span class='ocrx_word' id='word_1_50' title='bbox 1404 834 1492 920; x_wconf 75' lang='lat' dir='ltr'><strong>quali</strong></span> 
     </span>
     <span class='ocr_line' id='line_1_6' title="bbox 322 955 1491 1038; baseline -0.005 -17"><span class='ocrx_word' id='word_1_51' title='bbox 322 957 483 1021; x_wconf 79' lang='lat' dir='ltr'><strong>devotione</strong></span> <span class='ocrx_word' id='word_1_52' title='bbox 506 955 588 1020; x_wconf 79' lang='lat' dir='ltr'><strong>bunc</strong></span> <span class='ocrx_word' id='word_1_53' title='bbox 609 957 890 1021; x_wconf 75' lang='lat' dir='ltr'><strong>reomentrbsimam</strong></span> <span class='ocrx_word' id='word_1_54' title='bbox 911 956 979 1020; x_wconf 84' lang='lat' dir='ltr'><strong>Dei</strong></span> <span class='ocrx_word' id='word_1_55' title='bbox 1004 977 1127 1020; x_wconf 70' lang='lat' dir='ltr'><strong>aarum</strong></span> <span class='ocrx_word' id='word_1_56' title='bbox 1148 966 1344 1038; x_wconf 78' lang='lat' dir='ltr'><strong>osstmmque</strong></span> <span class='ocrx_word' id='word_1_57' title='bbox 1365 963 1491 1037; x_wconf 85' lang='lat' dir='ltr'><strong>oporto-</strong></span> 
     </span>
     <span class='ocr_line' id='line_1_7' title="bbox 322 1066 1493 1158; baseline -0.003 -23"><span class='ocrx_word' id='word_1_58' title='bbox 322 1071 387 1137; x_wconf 82' lang='lat' dir='ltr'><strong>iam</strong></span> <span class='ocrx_word' id='word_1_59' title='bbox 408 1073 601 1158; x_wconf 70' lang='lat' dir='ltr'><strong>uscipiatis,</strong></span> <span class='ocrx_word' id='word_1_60' title='bbox 625 1074 660 1136; x_wconf 79' lang='lat' dir='ltr'><strong>ia</strong></span> <span class='ocrx_word' id='word_1_61' title='bbox 676 1093 836 1137; x_wconf 78' lang='lat' dir='ltr'><strong>commone</strong></span> <span class='ocrx_word' id='word_1_62' title='bbox 851 1073 1012 1136; x_wconf 70' lang='lat' dir='ltr'><strong>docmate.</strong></span> <span class='ocrx_word' id='word_1_63' title='bbox 1103 1067 1162 1134; x_wconf 92' lang='lat' dir='ltr'><strong>His</strong></span> <span class='ocrx_word' id='word_1_64' title='bbox 1185 1067 1311 1150; x_wconf 84' lang='lat' dir='ltr'><strong>auditis,</strong></span> <span class='ocrx_word' id='word_1_65' title='bbox 1334 1066 1493 1152; x_wconf 88' lang='lat' dir='ltr'><strong>principes</strong></span> 
     </span>
     <span class='ocr_line' id='line_1_8' title="bbox 194 1177 1493 1272; baseline -0.005 -19"><span class='ocrx_word' id='word_1_66' title='bbox 194 1177 196 1182; x_wconf 71' lang='grc'><strong>’</strong></span> <span class='ocrx_word' id='word_1_67' title='bbox 322 1191 354 1252; x_wconf 90' lang='lat' dir='ltr'><strong>et</strong></span> <span class='ocrx_word' id='word_1_68' title='bbox 376 1191 454 1252; x_wconf 85' lang='lat' dir='ltr'><strong>natu</strong></span> <span class='ocrx_word' id='word_1_69' title='bbox 476 1185 621 1270; x_wconf 83' lang='lat' dir='ltr'><strong>maiores,</strong></span> <span class='ocrx_word' id='word_1_70' title='bbox 650 1192 842 1272; x_wconf 86' lang='lat' dir='ltr'><strong>oportunum</strong></span> <span class='ocrx_word' id='word_1_71' title='bbox 864 1185 938 1251; x_wconf 90' lang='lat' dir='ltr'><strong>hnic</strong></span> <span class='ocrx_word' id='word_1_72' title='bbox 958 1185 1113 1269; x_wconf 87' lang='lat' dir='ltr'><strong>colloquio</strong></span> <span class='ocrx_word' id='word_1_73' title='bbox 1135 1184 1240 1250; x_wconf 91' lang='lat' dir='ltr'><strong>locum</strong></span> <span class='ocrx_word' id='word_1_74' title='bbox 1262 1187 1418 1270; x_wconf 75' lang='lat' dir='ltr'><strong>patrantes,</strong></span> <span class='ocrx_word' id='word_1_75' title='bbox 1442 1182 1493 1247; x_wconf 88' lang='lat' dir='ltr'><strong>diu</strong></span> 
     </span>
     <span class='ocr_line' id='line_1_9' title="bbox 322 1299 1493 1388; baseline -0.003 -21"><span class='ocrx_word' id='word_1_76' title='bbox 322 1301 519 1388; x_wconf 87' lang='lat' dir='ltr'><strong>multumque</strong></span> <span class='ocrx_word' id='word_1_77' title='bbox 548 1301 680 1386; x_wconf 87' lang='lat' dir='ltr'><strong>ancipiti</strong></span> <span class='ocrx_word' id='word_1_78' title='bbox 709 1303 866 1368; x_wconf 86' lang='lat' dir='ltr'><strong>sententia</strong></span> <span class='ocrx_word' id='word_1_79' title='bbox 892 1301 1085 1368; x_wconf 85' lang='lat' dir='ltr'><strong>nutabundi·</strong></span> <span class='ocrx_word' id='word_1_80' title='bbox 1113 1299 1317 1382; x_wconf 84' lang='lat' dir='ltr'><strong>oberrabant,</strong></span> <span class='ocrx_word' id='word_1_81' title='bbox 1345 1299 1493 1386; x_wconf 88' lang='lat' dir='ltr'><strong>precipue</strong></span> 
     </span>
     <span class='ocr_line' id='line_1_10' title="bbox 323 1413 1493 1504; baseline -0.003 -20"><span class='ocrx_word' id='word_1_82' title='bbox 323 1417 537 1484; x_wconf 85' lang='lat' dir='ltr'><strong>sacerdotibus</strong></span> <span class='ocrx_word' id='word_1_83' title='bbox 561 1417 726 1504; x_wconf 85' lang='lat' dir='ltr'>ydolorum</span> <span class='ocrx_word' id='word_1_84' title='bbox 752 1423 882 1502; x_wconf 87' lang='lat' dir='ltr'><strong>questus</strong></span> <span class='ocrx_word' id='word_1_85' title='bbox 904 1418 953 1483; x_wconf 91' lang='lat' dir='ltr'><strong>sui</strong></span> <span class='ocrx_word' id='word_1_86' title='bbox 976 1418 1080 1501; x_wconf 79' lang='lat' dir='ltr'><strong>gratia</strong></span> <span class='ocrx_word' id='word_1_87' title='bbox 1100 1415 1399 1484; x_wconf 74' lang='lat' dir='ltr'><strong>contradicentibus.</strong></span> <span class='ocrx_word' id='word_1_88' title='bbox 1435 1413 1493 1480; x_wconf 86' lang='lat' dir='ltr'><strong>Sed</strong></span> 
     </span>
     <span class='ocr_line' id='line_1_11' title="bbox 321 1531 1492 1621; baseline -0.003 -21"><span class='ocrx_word' id='word_1_89' title='bbox 321 1553 397 1621; x_wconf 85' lang='lat' dir='ltr'><strong>pars</strong></span> <span class='ocrx_word' id='word_1_90' title='bbox 413 1534 549 1600; x_wconf 85' lang='lat' dir='ltr'><strong>sanioris</strong></span> <span class='ocrx_word' id='word_1_91' title='bbox 565 1533 688 1599; x_wconf 86' lang='lat' dir='ltr'><strong>consilii</strong></span> <span class='ocrx_word' id='word_1_92' title='bbox 704 1532 897 1600; x_wconf 80' lang='lat' dir='ltr'><strong>affirmabatt</strong></span> <span class='ocrx_word' id='word_1_93' title='bbox 921 1533 1043 1599; x_wconf 88' lang='lat' dir='ltr'><strong>infinite</strong></span> <span class='ocrx_word' id='word_1_94' title='bbox 1056 1533 1152 1598; x_wconf 85' lang='lat' dir='ltr'><strong>nimis</strong></span> <span class='ocrx_word' id='word_1_95' title='bbox 1167 1552 1236 1598; x_wconf 89' lang='lat' dir='ltr'><strong>esse</strong></span> <span class='ocrx_word' id='word_1_96' title='bbox 1257 1531 1443 1617; x_wconf 78' lang='lat' dir='ltr'><strong>insipientie</strong></span> <span class='ocrx_word' id='word_1_97' title='bbox 1454 1566 1492 1577; x_wconf 96' lang='lat'>-</span> 
     </span>
     <span class='ocr_line' id='line_1_12' title="bbox 322 1646 1494 1735; baseline -0.003 -19"><span class='ocrx_word' id='word_1_98' title='bbox 322 1669 393 1716; x_wconf 89' lang='lat' dir='ltr'><strong>oum</strong></span> <span class='ocrx_word' id='word_1_99' title='bbox 410 1667 518 1721; x_wconf 88' lang='lat' dir='ltr'><strong>omnes</strong></span> <span class='ocrx_word' id='word_1_100' title='bbox 537 1650 827 1716; x_wconf 86' lang='lat' dir='ltr'><strong>circumiacentium</strong></span> <span class='ocrx_word' id='word_1_101' title='bbox 850 1652 1012 1716; x_wconf 85' lang='lat' dir='ltr'><strong>nationum</strong></span> <span class='ocrx_word' id='word_1_102' title='bbox 1036 1648 1198 1735; x_wconf 80' lang='lat' dir='ltr'><strong>provincie</strong></span> <span class='ocrx_word' id='word_1_103' title='bbox 1220 1653 1368 1732; x_wconf 86' lang='lat' dir='ltr'><strong>totusque</strong></span> <span class='ocrx_word' id='word_1_104' title='bbox 1381 1646 1494 1712; x_wconf 81' lang='lat' dir='ltr'><strong>Roma·</strong></span> 
     </span>
     <span class='ocr_line' id='line_1_13' title="bbox 322 1762 1493 1850; baseline -0.004 -18"><span class='ocrx_word' id='word_1_105' title='bbox 322 1785 382 1832; x_wconf 92' lang='lat' dir='ltr'><strong>nus</strong></span> <span class='ocrx_word' id='word_1_106' title='bbox 406 1763 491 1834; x_wconf 91' lang='lat' dir='ltr'><strong>orbis</strong></span> <span class='ocrx_word' id='word_1_107' title='bbox 514 1765 684 1832; x_wconf 87' lang='lat' dir='ltr'><strong>christiane</strong></span> <span class='ocrx_word' id='word_1_108' title='bbox 711 1765 784 1832; x_wconf 90' lang='lat' dir='ltr'><strong>fidei</strong></span> <span class='ocrx_word' id='word_1_109' title='bbox 812 1767 920 1850; x_wconf 82' lang='lat' dir='ltr'><strong>iugum</strong></span> <span class='ocrx_word' id='word_1_110' title='bbox 951 1764 1143 1831; x_wconf 89' lang='lat' dir='ltr'><strong>subierit-</strong></span> <span class='ocrx_word' id='word_1_111' title='bbox 1166 1783 1200 1830; x_wconf 91' lang='lat' dir='ltr'><strong>se</strong></span> <span class='ocrx_word' id='word_1_112' title='bbox 1222 1762 1310 1828; x_wconf 86' lang='lat' dir='ltr'><strong>velut</strong></span> <span class='ocrx_word' id='word_1_113' title='bbox 1335 1763 1493 1829; x_wconf 84' lang='lat' dir='ltr'><strong>abortivas</strong></span> 
     </span>
     <span class='ocr_line' id='line_1_14' title="bbox 323 1878 1494 1966; baseline -0.003 -19"><span class='ocrx_word' id='word_1_114' title='bbox 323 1883 442 1966; x_wconf 78' lang='lat' dir='ltr'><strong>gremio</strong></span> <span class='ocrx_word' id='word_1_115' title='bbox 466 1887 574 1948; x_wconf 87' lang='lat' dir='ltr'><strong>sancte</strong></span> <span class='ocrx_word' id='word_1_116' title='bbox 597 1883 708 1948; x_wconf 85' lang='lat' dir='ltr'><strong>matris</strong></span> <span class='ocrx_word' id='word_1_117' title='bbox 732 1879 864 1948; x_wconf 87' lang='lat' dir='ltr'><strong>ecclesie</strong></span> <span class='ocrx_word' id='word_1_118' title='bbox 886 1881 1075 1961; x_wconf 83' lang='lat' dir='ltr'><strong>abalienari3</strong></span> <span class='ocrx_word' id='word_1_119' title='bbox 1105 1880 1280 1963; x_wconf 85' lang='lat' dir='ltr'><strong>meritoque</strong></span> <span class='ocrx_word' id='word_1_120' title='bbox 1301 1878 1494 1962; x_wconf 79' lang='lat' dir='ltr'><strong>diligendum</strong></span> 
     </span>
     <span class='ocr_line' id='line_1_15' title="bbox 323 1995 1495 2083; baseline -0.003 -19"><span class='ocrx_word' id='word_1_121' title='bbox 323 1997 566 2064; x_wconf 87' lang='lat' dir='ltr'><strong>christianorum</strong></span> <span class='ocrx_word' id='word_1_122' title='bbox 584 1997 697 2081; x_wconf 83' lang='lat' dir='ltr'><strong>Deum,</strong></span> <span class='ocrx_word' id='word_1_123' title='bbox 722 1997 776 2081; x_wconf 91' lang='lat' dir='ltr'><strong>qui</strong></span> <span class='ocrx_word' id='word_1_124' title='bbox 801 2018 857 2083; x_wconf 90' lang='lat' dir='ltr'><strong>per</strong></span> <span class='ocrx_word' id='word_1_125' title='bbox 871 2001 919 2062; x_wconf 89' lang='lat' dir='ltr'><strong>tot</strong></span> <span class='ocrx_word' id='word_1_126' title='bbox 933 2016 1087 2063; x_wconf 87' lang='lat' dir='ltr'><strong>annorum</strong></span> <span class='ocrx_word' id='word_1_127' title='bbox 1109 1995 1265 2062; x_wconf 86' lang='lat' dir='ltr'><strong>curricula</strong></span> <span class='ocrx_word' id='word_1_128' title='bbox 1286 2015 1342 2061; x_wconf 91' lang='lat' dir='ltr'><strong>eos</strong></span> <span class='ocrx_word' id='word_1_129' title='bbox 1364 1995 1428 2061; x_wconf 90' lang='lat' dir='ltr'><strong>sibi</strong></span> <span class='ocrx_word' id='word_1_130' title='bbox 1448 2013 1495 2060; x_wconf 86' lang='lat' dir='ltr'><strong>re·</strong></span> 
     </span>
     <span class='ocr_line' id='line_1_16' title="bbox 324 2109 1495 2199; baseline -0.003 -21"><span class='ocrx_word' id='word_1_131' title='bbox 324 2112 421 2179; x_wconf 87' lang='lat' dir='ltr'><strong>belles</strong></span> <span class='ocrx_word' id='word_1_132' title='bbox 444 2113 621 2198; x_wconf 86' lang='lat' dir='ltr'><strong>pertulerit,</strong></span> <span class='ocrx_word' id='word_1_133' title='bbox 645 2113 809 2198; x_wconf 73' lang='lat' dir='ltr'><strong>pacienter</strong></span> <span class='ocrx_word' id='word_1_134' title='bbox 831 2118 1018 2199; x_wconf 72' lang='lat' dir='ltr'><strong>exspectem</strong></span> <span class='ocrx_word' id='word_1_135' title='bbox 1040 2113 1275 2178; x_wconf 79' lang='lat' dir='ltr'><strong>conversionem</strong></span> <span class='ocrx_word' id='word_1_136' title='bbox 1299 2130 1428 2191; x_wconf 82' lang='lat' dir='ltr'><strong>eorum3</strong></span> <span class='ocrx_word' id='word_1_137' title='bbox 1449 2109 1495 2175; x_wconf 90' lang='lat' dir='ltr'><strong>ni·</strong></span> 
     </span>
     <span class='ocr_line' id='line_1_17' title="bbox 324 2225 1494 2316; baseline -0.002 -22"><span class='ocrx_word' id='word_1_138' title='bbox 324 2227 447 2313; x_wconf 89' lang='lat' dir='ltr'><strong>misque</strong></span> <span class='ocrx_word' id='word_1_139' title='bbox 464 2228 646 2313; x_wconf 81' lang='lat' dir='ltr'><strong>verendum,</strong></span> <span class='ocrx_word' id='word_1_140' title='bbox 671 2229 698 2295; x_wconf 91' lang='lat' dir='ltr'><strong>si</strong></span> <span class='ocrx_word' id='word_1_141' title='bbox 722 2229 858 2316; x_wconf 88' lang='lat' dir='ltr'><strong>amplius</strong></span> <span class='ocrx_word' id='word_1_142' title='bbox 881 2230 988 2312; x_wconf 84' lang='lat' dir='ltr'><strong>iugum</strong></span> <span class='ocrx_word' id='word_1_143' title='bbox 1011 2229 1079 2294; x_wconf 88' lang='lat' dir='ltr'><strong>eius</strong></span> <span class='ocrx_word' id='word_1_144' title='bbox 1094 2226 1350 2308; x_wconf 66' lang='lat' dir='ltr'><strong>detrectaverint,</strong></span> <span class='ocrx_word' id='word_1_145' title='bbox 1372 2225 1494 2292; x_wconf 78' lang='lat' dir='ltr'><strong>celestis</strong></span> 
     </span>
     <span class='ocr_line' id='line_1_18' title="bbox 324 2341 1495 2430; baseline -0.003 -20"><span class='ocrx_word' id='word_1_146' title='bbox 324 2344 371 2410; x_wconf 90' lang='lat' dir='ltr'><strong>ire</strong></span> <span class='ocrx_word' id='word_1_147' title='bbox 394 2343 627 2430; x_wconf 84' lang='lat' dir='ltr'><strong>importabilem</strong></span> <span class='ocrx_word' id='word_1_148' title='bbox 645 2363 714 2411; x_wconf 88' lang='lat' dir='ltr'><strong>sese</strong></span> <span class='ocrx_word' id='word_1_149' title='bbox 730 2344 900 2411; x_wconf 86' lang='lat' dir='ltr'><strong>vindictam</strong></span> <span class='ocrx_word' id='word_1_150' title='bbox 916 2345 1085 2411; x_wconf 87' lang='lat' dir='ltr'><strong>incurrere.</strong></span> <span class='ocrx_word' id='word_1_151' title='bbox 1120 2343 1271 2426; x_wconf 77' lang='lat' dir='ltr'><strong>Tandem,</strong></span> <span class='ocrx_word' id='word_1_152' title='bbox 1294 2341 1407 2407; x_wconf 86' lang='lat' dir='ltr'><strong>divina</strong></span> <span class='ocrx_word' id='word_1_153' title='bbox 1430 2361 1495 2427; x_wconf 76' lang='lat' dir='ltr'><strong>pre</strong></span> 
     </span>
     <span class='ocr_line' id='line_1_19' title="bbox 326 2458 1495 2547; baseline -0.001 -21"><span class='ocrx_word' id='word_1_154' title='bbox 326 2462 472 2528; x_wconf 82' lang='lat' dir='ltr'><strong>veniente</strong></span> <span class='ocrx_word' id='word_1_155' title='bbox 495 2460 679 2544; x_wconf 85' lang='lat' dir='ltr'><strong>clementia,</strong></span> <span class='ocrx_word' id='word_1_156' title='bbox 704 2461 896 2527; x_wconf 86' lang='lat' dir='ltr'><strong>unanimiter</strong></span> <span class='ocrx_word' id='word_1_157' title='bbox 917 2460 1036 2527; x_wconf 89' lang='lat' dir='ltr'><strong>cultum</strong></span> <span class='ocrx_word' id='word_1_158' title='bbox 1058 2460 1221 2547; x_wconf 86' lang='lat' dir='ltr'><strong>ydolorum</strong></span> <span class='ocrx_word' id='word_1_159' title='bbox 1246 2458 1438 2525; x_wconf 75' lang='lat' dir='ltr'><strong>abdicarunt</strong></span> <span class='ocrx_word' id='word_1_160' title='bbox 1458 2463 1495 2540; x_wconf 69' lang='lat' dir='ltr'><strong>et</strong></span> 
     </span>
     <span class='ocr_line' id='line_1_20' title="bbox 324 2574 1494 2662; baseline -0.001 -21"><span class='ocrx_word' id='word_1_161' title='bbox 324 2575 399 2643; x_wconf 88' lang='lat' dir='ltr'><strong>fidei</strong></span> <span class='ocrx_word' id='word_1_162' title='bbox 413 2577 487 2661; x_wconf 78' lang='lat' dir='ltr'><strong>iugo</strong></span> <span class='ocrx_word' id='word_1_163' title='bbox 503 2576 584 2643; x_wconf 83' lang='lat' dir='ltr'><strong>colle</strong></span> <span class='ocrx_word' id='word_1_164' title='bbox 600 2576 830 2660; x_wconf 81' lang='lat' dir='ltr'><strong>submittentes,</strong></span> <span class='ocrx_word' id='word_1_165' title='bbox 855 2576 1005 2662; x_wconf 88' lang='lat' dir='ltr'><strong>baptismi</strong></span> <span class='ocrx_word' id='word_1_166' title='bbox 1027 2578 1162 2659; x_wconf 76' lang='lat' dir='ltr'><strong>gratiam</strong></span> <span class='ocrx_word' id='word_1_167' title='bbox 1177 2574 1320 2659; x_wconf 75' lang='lat' dir='ltr'><strong>flagitare</strong></span> <span class='ocrx_word' id='word_1_168' title='bbox 1335 2578 1494 2661; x_wconf 76' lang='lat' dir='ltr'><strong>ceperunt</strong></span> 
     </span>
     <span class='ocr_line' id='line_1_21' title="bbox 325 2691 1497 2780; baseline -0.001 -23"><span class='ocrx_word' id='word_1_169' title='bbox 325 2692 393 2770; x_wconf 82' lang='lat' dir='ltr'><strong>Quo</strong></span> <span class='ocrx_word' id='word_1_170' title='bbox 409 2692 526 2777; x_wconf 87' lang='lat' dir='ltr'><strong>audito,</strong></span> <span class='ocrx_word' id='word_1_171' title='bbox 551 2700 660 2779; x_wconf 87' lang='lat' dir='ltr'><strong>pastor</strong></span> <span class='ocrx_word' id='word_1_172' title='bbox 675 2692 837 2780; x_wconf 90' lang='lat' dir='ltr'><strong>piissimus</strong></span> <span class='ocrx_word' id='word_1_173' title='bbox 852 2691 932 2758; x_wconf 89' lang='lat' dir='ltr'><strong>flens</strong></span> <span class='ocrx_word' id='word_1_174' title='bbox 953 2712 1010 2778; x_wconf 92' lang='lat' dir='ltr'><strong>pre</strong></span> <span class='ocrx_word' id='word_1_175' title='bbox 1032 2692 1148 2775; x_wconf 84' lang='lat' dir='ltr'><strong>gaudio</strong></span> <span class='ocrx_word' id='word_1_176' title='bbox 1169 2692 1345 2778; x_wconf 87' lang='lat' dir='ltr'><strong>positisque</strong></span> <span class='ocrx_word' id='word_1_177' title='bbox 1366 2691 1497 2775; x_wconf 86' lang='lat' dir='ltr'><strong>genibus</strong></span> 
     </span>
     <span class='ocr_line' id='line_1_22' title="bbox 325 2808 1071 2893; baseline 0.001 -20"><span class='ocrx_word' id='word_1_178' title='bbox 325 2808 454 2874; x_wconf 87' lang='lat' dir='ltr'><strong>intimas</strong></span> <span class='ocrx_word' id='word_1_179' title='bbox 478 2808 545 2875; x_wconf 91' lang='lat' dir='ltr'><strong>Deo</strong></span> <span class='ocrx_word' id='word_1_180' title='bbox 568 2810 741 2893; x_wconf 83' lang='lat' dir='ltr'><strong>gratiarum</strong></span> <span class='ocrx_word' id='word_1_181' title='bbox 766 2809 905 2875; x_wconf 88' lang='lat' dir='ltr'><strong>actiones</strong></span> <span class='ocrx_word' id='word_1_182' title='bbox 928 2808 1071 2874; x_wconf 80' lang='lat' dir='ltr'><strong>exsolvit</strong></span> 
     </span>
     <span class='ocr_line' id='line_1_23' title="bbox 157 2922 1497 3015; baseline -0.001 -26"><span class='ocrx_word' id='word_1_183' title='bbox 157 2952 309 3015; x_wconf 65' lang='lat' dir='ltr'><strong>postumae</strong></span> <span class='ocrx_word' id='word_1_184' title='bbox 417 2922 447 2989; x_wconf 78' lang='lat'><strong>7.</strong></span> <span class='ocrx_word' id='word_1_185' title='bbox 483 2922 558 2989; x_wconf 83' lang='lat' dir='ltr'><strong>Mox</strong></span> <span class='ocrx_word' id='word_1_186' title='bbox 580 2924 677 3008; x_wconf 79' lang='lat' dir='ltr'><strong>igitur</strong></span> <span class='ocrx_word' id='word_1_187' title='bbox 692 2926 725 2990; x_wconf 94' lang='lat' dir='ltr'><strong>in</strong></span> <span class='ocrx_word' id='word_1_188' title='bbox 742 2925 849 2991; x_wconf 87' lang='lat' dir='ltr'><strong>eadem</strong></span> <span class='ocrx_word' id='word_1_189' title='bbox 868 2925 996 2991; x_wconf 87' lang='lat' dir='ltr'><strong>civitate</strong></span> <span class='ocrx_word' id='word_1_190' title='bbox 1016 2924 1187 3010; x_wconf 89' lang='lat' dir='ltr'><strong>baptizatis</strong></span> <span class='ocrx_word' id='word_1_191' title='bbox 1210 2923 1408 3009; x_wconf 88' lang='lat' dir='ltr'><strong>principibus</strong></span> <span class='ocrx_word' id='word_1_192' title='bbox 1430 2922 1497 2987; x_wconf 87' lang='lat' dir='ltr'><strong>uni·</strong></span> 
     </span>
     <span class='ocr_line' id='line_1_24' title="bbox 326 3038 1498 3126; baseline -0.001 -21"><span class='ocrx_word' id='word_1_193' title='bbox 326 3041 442 3123; x_wconf 82' lang='lat' dir='ltr'><strong>versis,</strong></span> <span class='ocrx_word' id='word_1_194' title='bbox 471 3038 562 3105; x_wconf 91' lang='lat' dir='ltr'><strong>binos</strong></span> <span class='ocrx_word' id='word_1_195' title='bbox 586 3046 618 3105; x_wconf 88' lang='lat' dir='ltr'><strong>et</strong></span> <span class='ocrx_word' id='word_1_196' title='bbox 641 3039 730 3106; x_wconf 87' lang='lat' dir='ltr'><strong>binos</strong></span> <span class='ocrx_word' id='word_1_197' title='bbox 754 3061 771 3106; x_wconf 91' lang='lat' dir='ltr'><strong>e</strong></span> <span class='ocrx_word' id='word_1_198' title='bbox 795 3038 979 3126; x_wconf 84' lang='lat' dir='ltr'><strong>presbiteris</strong></span> <span class='ocrx_word' id='word_1_199' title='bbox 1008 3040 1071 3106; x_wconf 92' lang='lat' dir='ltr'><strong>sibi</strong></span> <span class='ocrx_word' id='word_1_200' title='bbox 1100 3038 1322 3105; x_wconf 82' lang='lat' dir='ltr'><strong>adherentibus</strong></span> <span class='ocrx_word' id='word_1_201' title='bbox 1351 3038 1394 3104; x_wconf 85' lang='lat' dir='ltr'><strong>sd</strong></span> <span class='ocrx_word' id='word_1_202' title='bbox 1422 3038 1498 3104; x_wconf 75' lang='lat' dir='ltr'><strong>alias</strong></span> 
     </span>
     <span class='ocr_line' id='line_1_25' title="bbox 327 3154 1498 3242; baseline -0.001 -21"><span class='ocrx_word' id='word_1_203' title='bbox 327 3154 420 3221; x_wconf 87' lang='lat' dir='ltr'><strong>urbes</strong></span> <span class='ocrx_word' id='word_1_204' title='bbox 444 3159 518 3221; x_wconf 86' lang='lat' dir='ltr'><strong>autc</strong></span> <span class='ocrx_word' id='word_1_205' title='bbox 539 3155 653 3221; x_wconf 86' lang='lat' dir='ltr'><strong>faciem</strong></span> <span class='ocrx_word' id='word_1_206' title='bbox 671 3175 759 3221; x_wconf 90' lang='lat' dir='ltr'><strong>suam</strong></span> <span class='ocrx_word' id='word_1_207' title='bbox 784 3154 938 3241; x_wconf 76' lang='lat' dir='ltr'><strong>premisit,</strong></span> <span class='ocrx_word' id='word_1_208' title='bbox 962 3159 998 3221; x_wconf 88' lang='lat' dir='ltr'><strong>ut</strong></span> <span class='ocrx_word' id='word_1_209' title='bbox 1020 3155 1137 3242; x_wconf 91' lang='lat' dir='ltr'><strong>populo</strong></span> <span class='ocrx_word' id='word_1_210' title='bbox 1153 3155 1391 3222; x_wconf 79' lang='lat' dir='ltr'><strong>conversionem</strong></span> <span class='ocrx_word' id='word_1_211' title='bbox 1414 3154 1498 3241; x_wconf 86' lang='lat' dir='ltr'><strong>prin·</strong></span> 
     </span>
     <span class='ocr_line' id='line_1_26' title="bbox 328 3270 1500 3357; baseline 0 -21"><span class='ocrx_word' id='word_1_212' title='bbox 328 3270 433 3357; x_wconf 84' lang='lat' dir='ltr'><strong>tipum</strong></span> <span class='ocrx_word' id='word_1_213' title='bbox 458 3290 611 3355; x_wconf 88' lang='lat' dir='ltr'><strong>suumque</strong></span> <span class='ocrx_word' id='word_1_214' title='bbox 635 3270 804 3337; x_wconf 86' lang='lat' dir='ltr'><strong>adventum</strong></span> <span class='ocrx_word' id='word_1_215' title='bbox 820 3270 1050 3337; x_wconf 89' lang='lat' dir='ltr'><strong>denuntiarent.</strong></span> <span class='ocrx_word' id='word_1_216' title='bbox 1141 3271 1280 3349; x_wconf 83' lang='lat' dir='ltr'><strong>Quorum</strong></span> <span class='ocrx_word' id='word_1_217' title='bbox 1300 3270 1374 3354; x_wconf 83' lang='lat' dir='ltr'><strong>duo,</strong></span> <span class='ocrx_word' id='word_1_218' title='bbox 1398 3270 1500 3336; x_wconf 86' lang='lat' dir='ltr'><strong>idest</strong></span> 
     </span>
     <span class='ocr_line' id='line_1_27' title="bbox 328 3384 1500 3472; baseline 0.002 -22"><span class='ocrx_word' id='word_1_219' title='bbox 328 3384 493 3452; x_wconf 87' lang='lat' dir='ltr'><strong>Udalricus</strong></span> <span class='ocrx_word' id='word_1_220' title='bbox 516 3386 682 3470; x_wconf 83' lang='lat' dir='ltr'><strong>religiosus</strong></span> <span class='ocrx_word' id='word_1_221' title='bbox 706 3386 861 3471; x_wconf 89' lang='lat' dir='ltr'><strong>presbiter</strong></span> <span class='ocrx_word' id='word_1_222' title='bbox 876 3384 985 3453; x_wconf 86' lang='lat' dir='ltr'><strong>Sancti</strong></span> <span class='ocrx_word' id='word_1_223' title='bbox 999 3387 1106 3471; x_wconf 77' lang='lat' dir='ltr'><strong>Egidii</strong></span> <span class='ocrx_word' id='word_1_224' title='bbox 1129 3392 1162 3453; x_wconf 90' lang='lat' dir='ltr'><strong>et</strong></span> <span class='ocrx_word' id='word_1_225' title='bbox 1183 3406 1282 3472; x_wconf 89' lang='lat' dir='ltr'><strong>supra</strong></span> <span class='ocrx_word' id='word_1_226' title='bbox 1303 3385 1409 3452; x_wconf 89' lang='lat' dir='ltr'><strong>dictus</strong></span> <span class='ocrx_word' id='word_1_227' title='bbox 1423 3386 1500 3452; x_wconf 81' lang='lat' dir='ltr'><strong>Alb</strong></span> 
     </span>
     <span class='ocr_line' id='line_1_28' title="bbox 327 3496 1501 3588; baseline 0 -21"><span class='ocrx_word' id='word_1_228' title='bbox 327 3500 444 3585; x_wconf 82' lang='lat' dir='ltr'><strong>winus,</strong></span> <span class='ocrx_word' id='word_1_229' title='bbox 475 3502 632 3588; x_wconf 87' lang='lat' dir='ltr'><strong>interpres</strong></span> <span class='ocrx_word' id='word_1_230' title='bbox 658 3502 718 3568; x_wconf 87' lang='lat' dir='ltr'><strong>viri</strong></span> <span class='ocrx_word' id='word_1_231' title='bbox 742 3501 818 3585; x_wconf 84' lang='lat' dir='ltr'><strong>Dei,</strong></span> <span class='ocrx_word' id='word_1_232' title='bbox 847 3501 1120 3588; x_wconf 86' lang='lat' dir='ltr'><strong>opulentissimam</strong></span> <span class='ocrx_word' id='word_1_233' title='bbox 1147 3502 1307 3568; x_wconf 81' lang='lat' dir='ltr'><strong>civitatem</strong></span> <span class='ocrx_word' id='word_1_234' title='bbox 1331 3496 1501 3586; x_wconf 77' lang='lat' dir='ltr'><strong>Hologosi¹</strong></span> 
     </span>
     <span class='ocr_line' id='line_1_29' title="bbox 329 3616 1500 3705; baseline 0.002 -22"><span class='ocrx_word' id='word_1_235' title='bbox 329 3616 446 3684; x_wconf 82' lang='lat' dir='ltr'><strong>dietam</strong></span> <span class='ocrx_word' id='word_1_236' title='bbox 469 3618 623 3684; x_wconf 83' lang='lat' dir='ltr'><strong>adierunt</strong></span> <span class='ocrx_word' id='word_1_237' title='bbox 663 3616 724 3683; x_wconf 90' lang='lat' dir='ltr'><strong>Ubi</strong></span> <span class='ocrx_word' id='word_1_238' title='bbox 748 3617 1068 3701; x_wconf 71' lang='lat' dir='ltr'><strong>matrefamilias,</strong></span> <span class='ocrx_word' id='word_1_239' title='bbox 1098 3637 1196 3683; x_wconf 83' lang='lat' dir='ltr'><strong>uxore</strong></span> <span class='ocrx_word' id='word_1_240' title='bbox 1221 3617 1342 3684; x_wconf 88' lang='lat' dir='ltr'><strong>scilicet</strong></span> <span class='ocrx_word' id='word_1_241' title='bbox 1369 3617 1500 3705; x_wconf 82' lang='lat' dir='ltr'><strong>prefsob&#39;</strong></span> 
     </span>
     <span class='ocr_line' id='line_1_30' title="bbox 328 3732 1501 3819; baseline 0.003 -22"><span class='ocrx_word' id='word_1_242' title='bbox 328 3732 428 3816; x_wconf 86' lang='lat' dir='ltr'><strong>urbis,</strong></span> <span class='ocrx_word' id='word_1_243' title='bbox 451 3732 621 3799; x_wconf 87' lang='lat' dir='ltr'><strong>honorilice</strong></span> <span class='ocrx_word' id='word_1_244' title='bbox 643 3733 782 3818; x_wconf 85' lang='lat' dir='ltr'><strong>suscepti</strong></span> <span class='ocrx_word' id='word_1_245' title='bbox 804 3738 892 3814; x_wconf 85' lang='lat' dir='ltr'><strong>sunt3</strong></span> <span class='ocrx_word' id='word_1_246' title='bbox 921 3733 969 3799; x_wconf 89' lang='lat' dir='ltr'><strong>ita</strong></span> <span class='ocrx_word' id='word_1_247' title='bbox 989 3738 1027 3798; x_wconf 92' lang='lat' dir='ltr'><strong>ut</strong></span> <span class='ocrx_word' id='word_1_248' title='bbox 1047 3732 1144 3819; x_wconf 89' lang='lat' dir='ltr'><strong>pedes</strong></span> <span class='ocrx_word' id='word_1_249' title='bbox 1167 3752 1274 3799; x_wconf 90' lang='lat' dir='ltr'><strong>eorum</strong></span> <span class='ocrx_word' id='word_1_250' title='bbox 1297 3753 1424 3800; x_wconf 84' lang='lat' dir='ltr'><strong>summa</strong></span> <span class='ocrx_word' id='word_1_251' title='bbox 1445 3734 1501 3800; x_wconf 91' lang='lat' dir='ltr'><strong>bu·</strong></span> 
     </span>
     <span class='ocr_line' id='line_1_31' title="bbox 329 3846 1501 3937; baseline 0.001 -23"><span class='ocrx_word' id='word_1_252' title='bbox 329 3847 474 3915; x_wconf 86' lang='lat' dir='ltr'><strong>militatis</strong></span> <span class='ocrx_word' id='word_1_253' title='bbox 498 3846 666 3914; x_wconf 84' lang='lat' dir='ltr'><strong>devocione</strong></span> <span class='ocrx_word' id='word_1_254' title='bbox 688 3847 812 3914; x_wconf 81' lang='lat' dir='ltr'><strong>lavaret</strong></span> <span class='ocrx_word' id='word_1_255' title='bbox 833 3848 1013 3932; x_wconf 85' lang='lat' dir='ltr'><strong>statimque,</strong></span> <span class='ocrx_word' id='word_1_256' title='bbox 1038 3868 1150 3915; x_wconf 87' lang='lat' dir='ltr'><strong>mensa</strong></span> <span class='ocrx_word' id='word_1_257' title='bbox 1171 3850 1327 3934; x_wconf 73' lang='lat' dir='ltr'><strong>apposita,</strong></span> <span class='ocrx_word' id='word_1_258' title='bbox 1351 3850 1501 3937; x_wconf 86' lang='lat' dir='ltr'><strong>copiosis·</strong></span> 
     </span>
     <span class='ocr_line' id='line_1_32' title="bbox 330 3962 1501 4051; baseline 0.002 -22"><span class='ocrx_word' id='word_1_259' title='bbox 330 3962 420 4029; x_wconf 88' lang='lat' dir='ltr'><strong>simis</strong></span> <span class='ocrx_word' id='word_1_260' title='bbox 442 3983 496 4029; x_wconf 89' lang='lat' dir='ltr'><strong>eos</strong></span> <span class='ocrx_word' id='word_1_261' title='bbox 519 3963 654 4049; x_wconf 88' lang='lat' dir='ltr'><strong>dapibus</strong></span> <span class='ocrx_word' id='word_1_262' title='bbox 676 3962 835 4044; x_wconf 82' lang='lat' dir='ltr'><strong>reficeret3</strong></span> <span class='ocrx_word' id='word_1_263' title='bbox 858 3962 1048 4029; x_wconf 88' lang='lat' dir='ltr'><strong>mirantibus</strong></span> <span class='ocrx_word' id='word_1_264' title='bbox 1071 3964 1117 4028; x_wconf 89' lang='lat' dir='ltr'><strong>eis</strong></span> <span class='ocrx_word' id='word_1_265' title='bbox 1139 3968 1172 4029; x_wconf 90' lang='lat' dir='ltr'><strong>et</strong></span> <span class='ocrx_word' id='word_1_266' title='bbox 1189 3962 1357 4029; x_wconf 86' lang='lat' dir='ltr'><strong>admodum</strong></span> <span class='ocrx_word' id='word_1_267' title='bbox 1373 3970 1501 4051; x_wconf 67' lang='lat' dir='ltr'><strong>stupu·</strong></span> 
     </span>
     <span class='ocr_line' id='line_1_33' title="bbox 329 4077 1501 4167; baseline 0.004 -24"><span class='ocrx_word' id='word_1_268' title='bbox 329 4077 430 4162; x_wconf 88' lang='lat' dir='ltr'><strong>tibus,</strong></span> <span class='ocrx_word' id='word_1_269' title='bbox 461 4078 545 4164; x_wconf 91' lang='lat' dir='ltr'><strong>quod</strong></span> <span class='ocrx_word' id='word_1_270' title='bbox 573 4077 669 4145; x_wconf 83' lang='lat' dir='ltr'><strong>talem</strong></span> <span class='ocrx_word' id='word_1_271' title='bbox 695 4078 728 4145; x_wconf 92' lang='lat' dir='ltr'><strong>in</strong></span> <span class='ocrx_word' id='word_1_272' title='bbox 751 4098 849 4161; x_wconf 81' lang='lat' dir='ltr'><strong>regno</strong></span> <span class='ocrx_word' id='word_1_273' title='bbox 872 4077 989 4145; x_wconf 83' lang='lat' dir='ltr'><strong>diaboli</strong></span> <span class='ocrx_word' id='word_1_274' title='bbox 1011 4077 1199 4145; x_wconf 80' lang='lat' dir='ltr'><strong>humilitatis</strong></span> <span class='ocrx_word' id='word_1_275' title='bbox 1222 4084 1255 4146; x_wconf 92' lang='lat' dir='ltr'><strong>et</strong></span> <span class='ocrx_word' id='word_1_276' title='bbox 1276 4078 1501 4167; x_wconf 72' lang='lat' dir='ltr'><strong>hospitalitatis</strong></span> 
     </span>
     <span class='ocr_line' id='line_1_34' title="bbox 330 4191 1567 4288; baseline 0.003 -29"><span class='ocrx_word' id='word_1_277' title='bbox 330 4194 465 4275; x_wconf 71' lang='lat' dir='ltr'><strong>gratiam</strong></span> <span class='ocrx_word' id='word_1_278' title='bbox 488 4194 691 4259; x_wconf 87' lang='lat' dir='ltr'><strong>invenissent.</strong></span> <span class='ocrx_word' id='word_1_279' title='bbox 783 4192 925 4259; x_wconf 81' lang='lat' dir='ltr'><strong>Tandem</strong></span> <span class='ocrx_word' id='word_1_280' title='bbox 947 4191 1038 4260; x_wconf 86' lang='lat' dir='ltr'><strong>finita</strong></span> <span class='ocrx_word' id='word_1_281' title='bbox 1058 4194 1239 4278; x_wconf 84' lang='lat' dir='ltr'><strong>relectione,</strong></span> <span class='ocrx_word' id='word_1_282' title='bbox 1265 4194 1402 4263; x_wconf 91' lang='lat' dir='ltr'><strong>domnus</strong></span> <span class='ocrx_word' id='word_1_283' title='bbox 1422 4195 1500 4262; x_wconf 80' lang='lat' dir='ltr'><strong>Alb-</strong></span> <span class='ocrx_word' id='word_1_284' title='bbox 1566 4267 1567 4288; x_wconf 13' lang='grc' dir='ltr'>χ</span> 
     </span>
    </p>
   </div>
   <div class='ocr_carea' id='block_1_3' title="bbox 330 4303 1567 4509">
    <p class='ocr_par' dir='ltr' id='par_1_3' title="bbox 330 4303 1567 4509">
     <span class='ocr_line' id='line_1_35' title="bbox 330 4303 1567 4393; baseline 0.005 -20"><span class='ocrx_word' id='word_1_285' title='bbox 330 4307 433 4374; x_wconf 80' lang='lat' dir='ltr'><strong>winus</strong></span> <span class='ocrx_word' id='word_1_286' title='bbox 456 4306 748 4374; x_wconf 84' lang='lat' dir='ltr'><strong>matremfamilias</strong></span> <span class='ocrx_word' id='word_1_287' title='bbox 771 4308 928 4375; x_wconf 89' lang='lat' dir='ltr'><strong>secrecius</strong></span> <span class='ocrx_word' id='word_1_288' title='bbox 950 4307 1123 4393; x_wconf 87' lang='lat' dir='ltr'><strong>alloquens,</strong></span> <span class='ocrx_word' id='word_1_289' title='bbox 1149 4309 1303 4377; x_wconf 72' lang='lat' dir='ltr'><strong>indimvit</strong></span> <span class='ocrx_word' id='word_1_290' title='bbox 1324 4312 1355 4378; x_wconf 86' lang='lat' dir='ltr'><strong>ei</strong></span> <span class='ocrx_word' id='word_1_291' title='bbox 1375 4330 1499 4378; x_wconf 77' lang='lat' dir='ltr'><strong>caum</strong></span> <span class='ocrx_word' id='word_1_292' title='bbox 1566 4303 1567 4342; x_wconf 63' lang='lat'>³</span> 
     </span>
     <span class='ocr_line' id='line_1_36' title="bbox 401 4437 1048 4509; baseline 0.002 -16"><span class='ocrx_word' id='word_1_293' title='bbox 401 4460 422 4493; x_wconf 70' lang='lat' dir='ltr'><strong>a</strong></span> <span class='ocrx_word' id='word_1_294' title='bbox 446 4446 621 4495; x_wconf 70' lang='lat' dir='ltr'><strong>numantia</strong></span> <span class='ocrx_word' id='word_1_295' title='bbox 867 4440 893 4494; x_wconf 92' lang='lat'><strong>1.</strong></span> <span class='ocrx_word' id='word_1_296' title='bbox 912 4437 1048 4509; x_wconf 75' lang='lat' dir='ltr'><strong>Wolgsst</strong></span> 
     </span>
    </p>
   </div>
   <div class='ocr_carea' id='block_1_4' title="bbox 0 0 1590 4850">
    <p class='ocr_par' dir='ltr' id='par_1_4' title="bbox 0 0 1590 4850">
     <span class='ocr_line' id='line_1_37' title="bbox 0 0 1590 4850; baseline 0 0"><span class='ocrx_word' id='word_1_297' title='bbox 0 0 1590 4850; x_wconf 95' lang='lat' dir='ltr'><strong> </strong></span> 
     </span>
    </p>
   </div>
  </div>
 </body>
</html>
