3142 4850
370 334 551 382 amnuens
572 334 755 383 mucosus.
790 337 856 383 urs.
874 338 886 383 1
909 333 1014 385 sousa
1216 319 1279 385 727

109 516 275 582 epenooarm
297 507 327 559 et
345 516 525 581 pauperum
542 494 667 576 ebrae,
690 500 726 561 ira
745 498 984 563 sublevationem
1001 499 1169 561 viduorum
1185 508 1214 562 et
1228 521 1280 561 or-
1297 512 1450 567 1112-1123

107 611 301 697 phortemm-
315 610 439 694 facere,
455 614 536 676 siem
542 612 644 697 focis,
664 615 708 677 orl
722 615 967 677 concamaranda
983 624 1071 698 cepto
1087 625 1141 678 tvo
1156 616 1191 676 in
1207 636 1280 699 ope-

108 727 196 792 nbua
211 726 317 801 donin
341 739 370 790 et
383 739 419 790 at
433 726 557 792 breuius
573 730 687 810 dicam,
703 729 816 814 facere
832 730 917 814 qnod
926 728 1027 813 facis,
1054 732 1182 814 operari
1196 731 1282 814 quod
1314 746 1316 749 ·

109 844 251 927 operarie
267 820 338 931 pro
367 854 472 906 ecem
499 845 565 908 nita
589 856 618 908 et
641 845 786 930 coempto
796 840 812 908 ¹.
851 843 929 924 Quis
953 848 1035 907 enim
1057 846 1281 910 monasterum

109 970 193 1023 trote
212 957 414 1043 perfectionis
429 972 484 1037 eet,
507 972 544 1023 ut
565 962 631 1023 eirea
653 963 765 1025 merita
779 961 829 1024 oel
850 974 1068 1046 paupertatem
1083 963 1144 1025 tuis
1160 962 1279 1025 divitiis

109 1072 318 1157 adequemue?
407 1071 507 1155 Igitur
529 1079 601 1159 post
630 1073 687 1139 hee
710 1080 855 1160 tempora
877 1075 1078 1161 episcopatus
1101 1072 1279 1140 Babenber-

108 1187 215 1270 gensis
235 1191 321 1252 totus
343 1188 377 1252 in
400 1186 603 1272 elemosinas,
628 1194 713 1255 totus
735 1191 768 1255 in
793 1189 1025 1276 hospitalitates
1049 1210 1224 1275 pauperum
1249 1196 1280 1259 et

108 1302 344 1387 peregrinorum
359 1322 470 1369 versus
492 1309 549 1370 est.
586 1304 741 1390 Quicquid
761 1306 990 1371 frumentorum
1015 1311 1070 1371 aut
1085 1305 1279 1389 victualium,

109 1418 257 1502 quicquid
280 1420 349 1484 auri
373 1417 422 1485 vel
451 1421 574 1502 argenti
603 1440 737 1505 usquam
762 1420 811 1485 vel
834 1441 971 1506 unquam
1000 1421 1134 1487 inveniri
1165 1422 1278 1506 potuit,

108 1553 164 1620 per
188 1534 347 1617 agentium
370 1554 482 1600 manus
507 1535 538 1601 in
561 1536 726 1603 thesauros
749 1536 807 1602 celi
830 1538 1051 1603 transmissum
1076 1542 1132 1603 est.

196 1651 250 1715 31.
274 1649 322 1715 Eo
336 1654 480 1737 tempore
495 1651 656 1717 orientalis
670 1651 804 1718 Francia
820 1651 986 1718 sterilitate
999 1672 1152 1717 annorum
1165 1672 1279 1733 magna
1299 1666 1368 1720 1125

107 1764 199 1850 panis
221 1765 330 1851 iuopia
351 1763 543 1833 laborabat¹.
584 1767 649 1854 lpsi
672 1788 808 1852 namque
831 1766 1044 1853 opulentiores
1066 1767 1160 1833 tamis
1183 1766 1278 1833 etiam

106 1886 250 1947 extrema
271 1882 458 1948 necessitate
479 1883 679 1968 squalebant,
710 1885 820 1970 inopes
852 1890 883 1949 et
911 1884 1046 1949 mendici
1074 1884 1191 1968 passim
1221 1902 1279 1967 per

106 1997 229 2083 plateas
253 2002 284 2063 et
307 2017 399 2081 agros
423 2000 538 2065 mortui
561 1998 715 2083 iacebant,
739 2000 785 2065 ita
801 2006 836 2065 ut
850 2019 907 2085 pre
923 1997 1124 2065 multitudine
1140 1999 1172 2064 in
1189 1999 1278 2063 cimi-

106 2112 195 2180 teriis
224 2112 347 2180 humari
377 2133 440 2179 non
469 2120 608 2201 possent.
650 2116 713 2181 Sed
740 2116 789 2179 vir
817 2114 876 2181 Dei
911 2114 1127 2180 misericordia
1155 2113 1277 2200 plenas,

105 2248 228 2295 memor
245 2224 370 2314 Tohie',
394 2229 488 2295 modo
512 2250 569 2315 per
591 2251 626 2296 se
647 2230 741 2296 modo
764 2250 821 2317 per
844 2230 922 2296 alios
946 2228 1118 2315 sepeliendi
1141 2226 1277 2295 officium

105 2344 274 2431 conplevit.
314 2344 374 2412 Ubi
398 2352 504 2411 autem
527 2346 714 2413 cadaverum
743 2346 911 2413 multitudo
936 2344 1129 2432 sepulturam
1153 2344 1278 2411 ordina·

104 2467 171 2528 tarn
193 2460 263 2528 lieri
285 2481 349 2528 uon
371 2462 505 2546 sinebat,
528 2463 670 2545 ingentes
694 2463 795 2529 fossas
816 2464 1008 2549 preparavit,
1033 2468 1064 2528 et
1079 2468 1226 2528 centenos
1243 2479 1279 2527 ac

105 2577 251 2644 millenos
273 2578 368 2644 sinum
392 2564 578 2663 quandoque
599 2586 683 2644 terra
698 2578 879 2662 mandabat,
903 2580 1008 2663 precio
1030 2567 1206 2644 conducens
1222 2577 1277 2642 ho-

104 2694 218 2776 mines,
242 2695 296 2778 qui
318 2692 434 2760 talibus
458 2692 569 2759 officiis
592 2694 707 2777 iugiter
729 2694 928 2760 inservirent.
965 2694 1035 2779 lpse
1052 2682 1154 2762 autem
1171 2711 1228 2777 per
1243 2711 1277 2757 sa

9 2837 15 2846 ·
105 2812 212 2876 omnia
225 2809 391 2894 lustrabat,
407 2809 492 2875 vicos
507 2809 630 2894 plateas
646 2829 682 2875 aa
698 2809 807 2874 domos
823 2808 1026 2895 pupillorum,
1039 2824 1171 2893 vespere
1184 2827 1277 2874 mane

105 2931 137 2992 ot
157 2925 291 2992 meridie
313 2944 372 2992 neo
392 2943 457 2992 non
480 2925 575 2990 edam
599 2931 751 2991 nocturno
770 2929 914 3011 tempore
929 2925 1085 2991 visitando
1102 2915 1203 3008 egros,
1226 2943 1276 2990 re-

104 3041 238 3108 ticiendo
252 3041 425 3124 famelicos,
441 3040 589 3125 omniqua
603 3018 730 3124 iugenio
746 3041 826 3107 bene
840 3039 992 3126 operandi
1004 3041 1070 3106 vias
1087 3038 1274 3124 inquirebat.

194 3159 248 3223 32.
284 3156 410 3224 Accidit
431 3175 506 3238 ergo
529 3155 580 3221 die
603 3156 738 3239 quadam
758 3162 827 3223 estu
843 3157 1027 3239 meridiano,
1051 3155 1175 3241 quando
1190 3157 1275 3222 intus

103 3275 135 3340 in
151 3272 345 3340 umbraculis
360 3279 393 3339 et
406 3273 614 3357 refrigidariis
635 3272 701 3338 suis
717 3278 906 3358 soporantur
921 3273 1073 3355 homines,
1097 3271 1274 3358 episcopus,

103 3391 204 3456 accito
228 3387 420 3456 cubiculario
444 3409 533 3455 more
556 3408 628 3472 suo,
659 3388 699 3454 ad
727 3389 882 3473 hospitale
911 3409 1084 3475 pauperum
1113 3388 1272 3474 pergebat.

102 3505 187 3572 Dum
211 3510 316 3571 autem
340 3505 412 3588 irat,
434 3505 517 3570 fetor
539 3503 694 3570 inhumati
714 3505 856 3590 corporis
872 3525 934 3570 uon
951 3504 1061 3590 procul
1077 3523 1095 3570 a
1110 3505 1162 3570 via
1177 3503 1274 3570 desub
1346 3562 1350 3570 ,

102 3622 213 3688 urticis
237 3639 329 3686 nares
352 3620 421 3686 eius
442 3620 557 3703 tetigit.
595 3619 743 3685 Substitit
759 3639 832 3702 ergo
849 3627 881 3686 et
896 3619 1087 3686 cubiculario
1103 3640 1159 3685 suo
1176 3620 1273 3703 digito

101 3737 205 3804 locum
228 3735 466 3804 demonstrans:
492 3737 600 3803 Sentio
625 3736 670 3800 ait
692 3749 853 3822 tamquam
876 3739 943 3802 illie
966 3759 1080 3822 eorpus
1103 3739 1274 3802 lismensem

101 3857 212 3920 iaceat.
248 3851 402 3935 Pergente
424 3871 539 3937 puero,
568 3853 710 3936 sequitur
738 3852 919 3937 episcopus;
950 3852 1116 3936 diligenter
1139 3857 1275 3935 querunt

101 3987 140 4036 ac
167 3969 297 4036 tandem
326 3969 410 4034 iuter
439 3967 551 4034 herbas
580 3973 613 4034 et
640 3966 752 4033 silvam
776 3965 889 4032 stantis
914 3969 1012 4034 urtice
1035 3968 1210 4054 proiectum
1233 3967 1273 4032 ad

101 4105 209 4172 sepem
226 4084 360 4152 cadaver
375 4085 541 4151 inveniunt
554 4083 706 4167 mulieris,
730 4083 834 4149 lacero
851 4084 938 4151 vultu
960 4089 991 4149 et
1007 4083 1045 4150 ab
1063 4081 1173 4148 avibus
1189 4101 1273 4147 com·

103 4207 179 4268 esto.
218 4199 411 4287 Episcopus,
435 4206 602 4287 conspecta
624 4201 768 4284 miseria,
793 4200 866 4266 ferit
892 4204 1016 4286 pectus,
1041 4204 1157 4266 sortem
1181 4198 1273 4265 deflet

174 4361 198 4412 l.
216 4357 313 4412 Mettis.
328 4357 370 4427 19,
389 4358 433 4412 29.
525 4359 551 4413 2.
575 4355 617 4412 Gt.
637 4355 797 4412 Ekkahardi
816 4357 908 4412 chron.
925 4357 1007 4424 1125,
1032 4355 1103 4411 tlon.
1118 4355 1209 4410 Germ.
1223 4354 1271 4410 SS.

104 4443 143 4501 Vl
161 4445 222 4502 264.
235 4447 296 4502 265.
403 4445 430 4501 3.
448 4444 518 4501 Tob.
531 4446 558 4515 2,
575 4445 601 4499 3.
614 4445 641 4500 4.
883 4479 884 4482 =
