3142 4850
296 312 475 361 sessurus
497 313 679 363 numetis.
712 314 778 362 urs.
795 314 816 361 r.
852 314 1059 364 rnoonsrrunr
1197 298 1263 365 too

465 531 632 599 LIBER
671 533 888 601 PRIMUS.

540 682 814 751 Prooemium

179 814 262 879 Eooe
290 834 347 901 pre
368 816 513 881 menibus
536 823 586 883 est
607 816 674 882 dies
701 817 955 883 anniversariosl
978 818 1183 904 depositionis
1207 820 1262 885 do-
1294 832 1361 885 1158

95 928 169 994 ruini
192 931 239 993 tui
263 935 296 995 et
316 931 433 1013 nostri,
461 931 562 997 felicis
591 934 743 997 memorie
766 932 891 999 Ottonis
921 934 1060 1019 episcopi
1085 932 1262 999 Bebenber·
1281 904 1370 950 Μ

94 1042 222 1125 gensis.
258 1043 338 1121 Quid
363 1046 532 1131 expectas?
565 1046 671 1113 Redde
694 1048 895 1133 promissum.
975 1047 1009 1113 ln
1025 1048 1084 1113 buo
1099 1048 1182 1113 enim
1200 1049 1261 1132 die,

95 1178 184 1242 quum
217 1164 339 1241 grutem
375 1160 466 1227 nobis
500 1166 594 1246 atque
626 1162 792 1228 ios-undem
828 1163 905 1228 laoit
937 1164 1036 1249 ipsius
1070 1164 1261 1247 reoordaoio,

93 1273 185 1339 velim
210 1310 251 1321 -·
275 1292 405 1341 narrare
427 1276 582 1361 insipiens
608 1314 647 1323 -
673 1278 793 1360 omnia,
824 1298 884 1362 qne
914 1278 1031 1344 abillo
1060 1279 1204 1362 gnaviter
1226 1298 1263 1345 eo

93 1395 199 1455 euuote
220 1394 311 1473 gesta
333 1396 420 1474 sunt,
450 1398 543 1476 prout
565 1395 646 1459 seire
674 1393 820 1479 potuisti,
851 1412 991 1479 exponas
1013 1412 1179 1479 moresque
1202 1394 1263 1459 viri

92 1524 129 1570 ao
150 1506 213 1571 site
234 1506 391 1571 instituta
431 1504 493 1573 Sed
524 1507 597 1591 quid
626 1514 658 1573 te
684 1507 769 1574 illius
801 1528 931 1594 operum
955 1528 1117 1575 morumve
1140 1509 1262 1593 lateret,

92 1621 144 1704 qui
166 1640 267 1686 annos
288 1621 388 1687 ferrus
403 1619 600 1705 quindeoiru¹
622 1642 781 1707 nunquam
807 1622 846 1689 ab
862 1624 929 1689 eius
945 1622 1148 1689 contubernio
1166 1624 1263 1690 absti-

91 1735 178 1801 tisti?
213 1736 351 1818 Etenim,
375 1756 436 1820 que
460 1737 518 1837 boo
534 1738 641 1823 spaoio
656 1739 765 1821 gessit,
790 1746 835 1820 tu,
860 1743 895 1803 ut
911 1744 1094 1825 cooperator
1110 1739 1261 1823 omnium,

90 1850 188 1916 oeulis
210 1852 409 1936 presentibus
433 1853 621 1937 aspiciebus3
651 1873 712 1937 que
735 1874 809 1919 vero
833 1861 907 1919 ante
930 1854 1131 1938 udoptionem
1155 1854 1201 1919 tui
1218 1888 1260 1901 -

89 1965 251 2051 presulatu
274 1967 307 2032 in
330 1966 420 2053 ipso'
443 1968 493 2034 vel
516 1970 610 2035 etium
636 1976 708 2035 ante
732 1969 926 2054 presulatum
951 2004 992 2013 —-
1017 1969 1167 2051 gesserit,
1196 1974 1260 2035 tum

88 2080 190 2165 ipsius
217 2102 311 2166 quom
342 2082 475 2149 aliorum
505 2084 583 2149 baut
609 2084 704 2149 dubio
732 2084 835 2149 relatu
863 2088 1015 2169 oonperts
1041 2084 1158 2150 retinas
1192 2085 1263 2149 uni·

3 2182 7 2207 '
88 2216 189 2263 seres.

176 2312 293 2378 Fateor
315 2314 447 2397 inqreit
470 2313 653 2380 Seiridus
679 2332 738 2379 neo
760 2334 811 2379 me
835 2313 912 2380 latet
928 2314 1093 2398 quiequam
1111 2315 1262 2399 omnium,

88 2429 211 2512 quode
239 2429 294 2495 illo
322 2436 411 2510 eunt3
440 2437 627 2513 gratumque
659 2430 775 2513 babeo,
805 2429 887 2513 quod
911 2430 1060 2516 postulas.
1106 2429 1167 2496 Sed
1191 2449 1263 2496 eoos

86 2545 140 2628 qui
162 2546 363 2630 supervenit,
388 2545 479 2610 Timo
504 2546 590 2631 prior
613 2545 751 2631 optimus
774 2545 807 2610 id
830 2545 965 2611 fortusse
993 2564 1051 2630 pro
1075 2565 1125 2610 me
1147 2565 1262 2611 munus

85 2659 195 2739 inibit3
221 2661 366 2745 dicetque
388 2659 462 2742 tibi,
492 2660 575 2744 quod
599 2662 690 2746 petis.
731 2660 812 2724 Nam
837 2679 916 2744 eque
943 2664 978 2724 ut
1001 2679 1058 2742 ego
1082 2661 1152 2745 ipse
1174 2661 1263 2726 novit

85 2778 203 2842 omnia
240 2775 303 2842 lete
318 2776 436 2861 quippe
459 2783 517 2858 eet,
542 2795 633 2858 quem
656 2777 745 2841 aiunt
760 2775 861 2860 ipsius
877 2774 1041 2839 mimulum
1057 2774 1155 2840 luisse
1171 2775 1261 2860 quin·

85 2911 260 2976 queunem3
284 2890 455 2975 habuitque
473 2891 619 2956 dominor
643 2911 732 2956 meus
755 2909 851 2975 super
873 2909 944 2955 euru
962 2890 1068 2956 oeulos
1092 2890 1200 2971 bonos,
1225 2909 1261 2954 eo

84 3007 168 3091 quod
197 3006 315 3072 illustri
341 3011 424 3072 esset
449 3006 611 3092 parentele
634 3012 666 3071 et
689 3005 729 3071 sb
750 3005 831 3092 ipsis
854 3005 1017 3070 ounebulis
1041 3003 1080 3069 ad
1105 3010 1262 3070 monaste·

82 3121 165 3189 rium
192 3121 377 3203 unseleins,
401 3127 434 3187 et
456 3121 539 3205 qood
562 3128 645 3187 osset
667 3141 745 3206 puer
768 3121 910 3202 greoioss
933 3118 1186 3205 pulchritudiuis,
1215 3119 1262 3184 io·

82 3238 207 3304 eundus
230 3237 323 3302 vuldo
345 3241 440 3320 atque
464 3235 634 3318 mirabilis,
662 3237 754 3302 luetis
778 3243 810 3302 et
833 3235 943 3301 diotisd
966 3253 1074 3301 omnes
1097 3233 1260 3300 letificans.

81 3353 165 3420 Eoos
190 3353 232 3418 ad
255 3371 313 3418 nos
337 3351 447 3417 sedere
469 3351 616 3417 declinet.

173 3468 289 3534 Prior
312 3467 462 3551 iisque,
486 3467 570 3532 dum
596 3471 851 3549 assurgentes
874 3466 953 3531 sibi
971 3485 1082 3530 manu
1102 3485 1261 3552 repres-

81 3585 220 3666 sisset,
245 3582 309 3648 ubi
334 3573 500 3648 useodi't:
525 3581 605 3660 Quid
629 3583 762 3667 inquit
784 3587 842 3664 est,
866 3580 949 3666 quod
969 3585 1033 3646 turn
1051 3580 1171 3646 intente
1187 3599 1261 3645 oon-

80 3699 195 3766 lertis?
220 3703 372 3784 poterone
393 3697 524 3764 audire?
554 3697 682 3779 lterum,
706 3702 742 3762 ιιι
764 3697 887 3782 opinor,
912 3715 1015 3761 sermo
1038 3693 1128 3761 vobis
1152 3701 1199 3760 est
1222 3695 1261 3760 de

81 3815 200 3881 Ottone
224 3818 342 3879 nostro.

152 4007 173 4038 a.
201 3989 399 4049 &repetemus
415 3989 531 4035 PlilleS.
552 3989 701 4036 Prooemium.
730 3989 758 4034 Iu
775 3987 871 4034 ,vtum
887 3987 1013 4034 tumtur.-
1033 3985 1147 4045 lnoipiunt
1162 3985 1261 4044 capitulo

78 4073 132 4120 libri
152 4071 225 4132 primi
246 4070 276 4115 de
291 4069 339 4115 vila
358 4071 381 4114 et
397 4069 504 4128 operibus
521 4068 582 4114 beuti
598 4067 688 4114 Ottonis
704 4065 899 4124 babenbergensis
916 4066 1026 4126 episcopi.
1055 4063 1203 4125 (Sequuntur
1219 4079 1259 4110 ca·

76 4152 154 4212 pitseo
171 4147 306 4206 imma).
330 4148 458 4208 Explieiunt
468 4148 568 4207 ospituls
582 4147 652 4208 primi
667 4147 726 4192 libri.
752 4147 868 4205 Dyelogns
884 4147 935 4192 looo
951 4145 1063 4204 probemii
1079 4144 1103 4190 in
1114 4145 1183 4190 vitam
1198 4143 1259 4190 besti

79 4231 172 4278 litionis
190 4229 303 4289 episcopi.
407 4227 430 4273 b.
454 4227 605 4273 snivereerius
622 4226 652 4272 N.
755 4239 775 4272 o.
800 4224 992 4282 Bebengergeusis
1010 4223 1039 4269 N.
1146 4224 1169 4269 d.
1192 4223 1259 4269 luctis

79 4313 103 4357 et
118 4311 190 4357 dietis
205 4308 275 4354 luetis
293 4307 323 4352 N.

153 4405 179 4459 l.
200 4401 394 4457 1124-1139.
608 4401 634 4454 2.
656 4397 853 4455 libo-1124.-

122 4498 209 4551 ἔκη’.
225 4499 373 4543 Bibliotheca
383 4499 412 4541 V.
1010 4485 1046 4538 45
