3142 4850
297 302 363 367 506
557 320 745 368 uersroanrc
767 318 1046 367 caesareenses.
1086 316 1173 368 1213

210 498 279 552 1106
298 482 435 563 studere,
459 480 616 563 quomodo
638 480 678 545 do
700 480 819 545 iniuria
833 480 867 546 in
890 479 1035 545 manibus
1050 479 1163 547 vestris
1186 476 1277 545 nobis
1298 478 1388 545 illata
1410 498 1471 565 per

226 570 268 617 ¹¹¹¹·
297 617 353 663 vos
375 596 533 683 possimus
555 614 744 681 recuperare
766 595 934 661 iusticiam.

385 712 451 778 Nos
474 716 597 777 autem·
620 731 678 797 pro
704 711 836 777 consilio
858 716 962 777 vestro
986 715 1019 776 et
1046 710 1196 793 aliorum,
1226 708 1279 794 qni
1306 728 1365 776 nos
1396 708 1472 775 odio

297 847 360 893 non
384 828 510 910 habent,
538 826 776 909 religiosoruml
799 827 940 892 virorum
964 828 1066 911 parati
1089 845 1209 909 snmus,
1235 831 1302 892 tam
1323 823 1389 892 filio
1410 846 1474 891 no-

297 949 373 1026 stro,
397 943 482 1009 siin
504 942 609 1027 aliquo
634 962 705 1008 eum
728 941 925 1025 offendimus,
950 960 1043 1026 quam
1060 941 1154 1008 alicui
1169 941 1203 1007 iu
1222 960 1318 1025 regno
1333 940 1475 1007 libenter

297 1057 473 1124 emendare.
509 1056 668 1141 Preterea,
692 1058 775 1124 sicut
797 1058 923 1125 domiuo
946 1068 1046 1143 pape⁶
1068 1057 1103 1123 in
1124 1058 1289 1143 presencia
1306 1056 1403 1140 legati
1418 1058 1477 1123 sui

298 1178 330 1240 et
351 1177 458 1239 vestra
480 1172 608 1240 obedire
630 1175 735 1259 parati
759 1174 894 1256 fuimus,
923 1174 970 1239 ita
992 1176 1025 1239 ct
1046 1190 1130 1238 nunc
1151 1173 1257 1258 parati
1283 1192 1407 1255 snmus,
1440 1173 1475 1239 ei

297 1308 424 1357 omnem
453 1288 592 1355 debitam
620 1290 829 1355 reverentiam
859 1294 892 1355 ct
918 1288 1131 1356 obedienciam
1161 1288 1283 1354 sincero
1312 1288 1406 1354 corde
1438 1294 1479 1355 et

299 1402 468 1473 devocione
490 1404 725 1491 presentialiter
746 1404 896 1471 exhibere
913 1410 945 1471 et
959 1437 1001 1451 -
1017 1408 1084 1471 tam
1107 1404 1237 1471 consilio
1252 1409 1355 1470 vestro
1371 1422 1476 1487 qaam

298 1519 473 1606 spiritualis
496 1520 597 1605 patris
619 1520 720 1587 nostri
743 1520 912 1604 magonis)
935 1518 1165 1587 (iloniaoensisl
1181 1519 1303 1587 abbatis
1319 1518 1477 1585 aliorum-

299 1655 360 1723 que
382 1634 600 1718 religiosorum
624 1636 764 1702 uirorum
781 1672 823 1681 -
846 1636 885 1703 de
909 1641 992 1701 statu
1017 1634 1147 1703 ecclesie
1175 1639 1206 1701 et
1228 1634 1345 1701 honore
1366 1635 1477 1718 regni,
1560 1716 1564 1741 Ι

298 1756 451 1836 quantum
472 1752 507 1817 in
528 1752 619 1818 nobis
642 1756 700 1835 est,
724 1750 901 1837 disponere.

387 1866 467 1933 Cum
495 1867 592 1950 igitur
618 1866 659 1933 ad
686 1866 746 1933 heo
772 1866 879 1932 omnio
909 1867 1012 1951 parati
1040 1867 1154 1950 simus,
1183 1884 1330 1949 rogamus
1352 1884 1409 1931 sos
1441 1872 1480 1933 et

298 1983 413 2050 obnixe
435 2003 617 2069 precamur,
648 1984 796 2067 quatinus
822 2002 879 2067 pro
902 1981 971 2049 Deo
999 1988 1032 2049 et
1058 1982 1176 2049 honore
1198 1982 1287 2065 regni
1308 1988 1341 2048 et
1361 1986 1478 2048 vestm

297 2100 455 2167 instanter
477 2099 632 2166 moneatis
654 2098 753 2165 filium
776 2102 931 2181 nostrum
955 2116 1026 2164 cum
1049 2098 1137 2163 nulle
1159 2099 1188 2164 ei
1211 2096 1379 2164 secundum
1397 2116 1478 2182 pre·

298 2216 396 2283 latam
426 2217 618 2283 sentenciam
646 2214 813 2281 adversum
836 2233 894 2280 nos
917 2212 1044 2279 recidua
1065 2215 1108 2280 sit
1129 2214 1251 2297 occsio,
1280 2212 1392 2279 amodo
1415 2212 1477 2279 de-

298 2332 391 2398 sistat
412 2352 471 2397 nos
494 2337 526 2398 et
550 2329 659 2397 fideles
681 2334 807 2397 nostros
836 2329 998 2417 persequi3
1029 2335 1060 2396 et
1087 2328 1217 2414 pacifice
1240 2334 1273 2395 et
1294 2329 1400 2414 quiete
1422 2330 1479 2396 vi·

298 2469 373 2516 vere
394 2449 569 2535 permittat,
594 2454 631 2516 ut
651 2448 850 2534 supradicta
871 2447 992 2529 integre
1008 2451 1039 2512 et
1055 2465 1124 2513 oum
1146 2445 1375 2529 tranquillitate
1397 2467 1479 2532 per·

297 2564 454 2631 iiciantur.
493 2563 612 2642 Quodsi
639 2563 794 2647 uoluerit,
824 2581 970 2645 rogamus
997 2581 1052 2628 voa
1082 2581 1140 2647 per
1166 2561 1386 2630 auctoritatem
1407 2561 1479 2630 Ro·

298 2701 392 2748 mane
415 2679 556 2764 ecclesie,
579 2680 630 2746 cui
648 2697 706 2746 nos
722 2678 948 2745 committimus
965 2683 997 2744 ot
1013 2676 1181 2744 honorem·
1195 2679 1296 2762 regni,
1319 2698 1358 2744 ne
1375 2699 1480 2764 super

297 2819 356 2866 nos
379 2797 427 2866 et‘
447 2797 556 2864 fideles
578 2801 703 2863 nocuos
722 2795 867 2862 veniatis.
901 2793 982 2872 Qoie
1004 2793 1207 2862 manifestum
1230 2801 1288 2877 est
1311 2813 1376 2860 non
1399 2815 1478 2862 aum

299 2916 405 2984 divine
438 2915 517 2999 legis
552 2911 619 2978 zelo
648 2911 699 2978 vel
726 2910 867 2977 Romane
898 2909 1028 2977 ecclesie
1056 2909 1239 2992 dilectione,
1273 2909 1329 2975 sed
1357 2929 1480 2978 concu-

299 3032 455 3120 piscentia
475 3029 594 3112 regum,
618 3033 709 3115 patre
730 3027 848 3093 iniuste
871 3045 907 3092 eo
931 3027 1066 3112 priuato,
1089 3025 1150 3093 hoc
1170 3026 1336 3111 incepisse.
1376 3025 1480 3113 Apud

300 3168 391 3234 quem
415 3146 463 3212 sih
486 3144 703 3230 interpellacio
725 3149 833 3210 vestre
859 3141 1008 3226 nullaque
1031 3140 1095 3208 alia
1119 3142 1312 3208 intervencio
1336 3142 1378 3208 ad
1401 3163 1480 3229 pre·

299 3283 372 3331 sons
396 3261 546 3348 prodesse
567 3260 695 3346 poterit,
719 3257 915 3345 appellamus
931 3257 1105 3324 Romanum
1124 3257 1303 3343 pontificem
1327 3265 1361 3325 et
1383 3279 1479 3326 sanc·

181 3407 188 3420 ·
298 3386 365 3446 tam
388 3377 598 3444 universalem
620 3376 797 3441 Romanam
819 3374 927 3440 sedem
949 3379 982 3442 ot
1004 3373 1179 3442 ecclesiam.

303 3564 363 3635 13.
392 3567 562 3632 Heinricue
583 3565 606 3629 I
609 3565 639 3630 V
661 3539 835 3651 imperator
861 3565 1026 3649 principes
1054 3564 1155 3628 dccco
1185 3563 1385 3645 cohortatur,
1416 3566 1478 3629 ad·

389 3685 507 3748 ducant
528 3681 716 3746 Heinrdcum
737 3680 768 3744 V
785 3701 904 3764 reperis,
929 3691 964 3744 ut
985 3682 1153 3744 exercitum
1176 3681 1329 3760 dimicat,
1354 3701 1477 3745 eccum-

390 3821 450 3886 qoc
470 3801 561 3884 podia
584 3798 793 3880 conficiendae
816 3818 912 3862 cauca
935 3793 1140 3860 conveniant'.

389 3921 582 4003 Hleinricus)
598 3920 659 3987 Dei
674 3920 778 4004 gratia
789 3918 1003 3985 Romanorum
1018 3919 1191 4004 imperator
1207 3919 1360 4002 augustus
1373 3919 1477 3986 archi·

370 4061 389 4092 a.
415 4059 504 4106 quoquc
517 4043 576 4091 Etr.
649 4045 670 4091 b.
695 4043 898 4102 religiosorumque
909 4041 969 4088 Boo.
1043 4057 1061 4088 c.
1086 4055 1146 4103 papa
1156 4043 1185 4090 E.
1255 4043 1278 4089 d.
1303 4042 1476 4090 CloaeenaiaE

222 4111 228 4123 ⁴
268 4109 275 4121 ¹
300 4141 320 4172 a.
345 4126 432 4172 honore
448 4127 477 4172 E.
555 4124 571 4170 f.
595 4136 664 4182 super
680 4121 806 4175 cddElclc.
876 4136 898 4179 g.
922 4123 1037 4180 reginold.
1107 4122 1130 4169 h.
1155 4121 1238 4168 om.E.
1311 4123 1328 4169 i.
1352 4122 1478 4184 nempe

300 4221 328 4252 ec
351 4205 400 4262 (T)
426 4204 475 4252 cod.
492 4203 545 4252 titt.
562 4202 705 4251 cathedralia
728 4202 877 4250 Trevcreosis
897 4201 948 4249 102
975 4199 1106 4263 (quondam
1126 4198 1328 4262 Addiuylroscari)
1348 4199 1397 4263 sol
1415 4203 1445 4248 81
1451 4217 1474 4256 u,

299 4285 340 4331 odi
355 4300 427 4332 manu
443 4299 504 4331 coco.
515 4284 565 4330 XII
573 4282 654 4344 positu
669 4281 726 4328 daec
742 4281 841 4342 epistola
858 4288 903 4337 αι·
919 4289 941 4329 ct
958 4297 986 4328 ecc
1004 4279 1051 4339 (E)
1070 4280 1418 4330 ood.lat.d{ouaoenci14096
1433 4279 1473 4337 (8.

299 4365 466 4411 Emorcrammi
481 4363 529 4421 96)
545 4363 638 4410 Μῶν.
653 4376 714 4410 socc.
725 4362 779 4408 XII.
803 4361 936 4410 liddeum
951 4361 1066 4409 Ursticc'os
1081 4361 1158 4409 Gema.
1170 4361 1232 4409 isset.
1242 4363 1302 4420 399,
1320 4361 1411 4410 Reudrr
1426 4361 1473 4408 l'et.

301 4442 388 4503 Script.
404 4445 461 4488 201.
