3142 4850
352 303 533 351 mascam
554 304 735 353 ursaceus.
770 306 836 353 crs.
852 305 878 352 n
904 302 1004 353 re-ar
1201 287 1265 353 763

94 463 213 546 omnia,
236 482 297 548 que
319 462 385 529 illic
406 463 606 547 gerebantur,
634 464 775 530 inmissis
798 463 879 531 clam
903 463 1165 550 exploratoribus,
1195 464 1356 534 dili-1124

94 583 206 662 genter
221 578 365 660 edidiclt3
389 598 567 664 magnoque
584 579 723 665 tripudio
738 580 843 646 cordis
868 580 907 646 ds
929 578 1158 647 illuminatione
1181 578 1266 647 illius

94 693 197 780 plebis
213 692 369 777 exultans,
392 694 463 779 ipsa
478 714 602 779 quoquc
617 715 673 761 sue
687 694 761 761 fidei
777 694 974 778 scintillam,
999 696 1088 780 quasi
1109 695 1166 762 sub
1183 715 1266 762 mor·

94 810 160 875 tuis
182 809 339 877 cineribus
360 816 489 876 eatenus
505 810 713 896 consopitam,
736 812 820 877 inter
835 830 908 877 suos
930 810 1103 877 familiares
1126 810 1266 877 modeste

94 925 216 1011 primo,
240 924 353 991 deinde
375 924 552 991 fiducialius
575 926 658 1012 apud
682 946 791 991 omues
815 945 892 1011 quos
915 926 1020 1011 potuit
1042 925 1194 992 ventilare
1216 946 1266 993 cs-

94 1040 154 1126 pia
255 1039 299 1106 Et
326 1041 400 1125 quia
427 1042 581 1127 scriptum
610 1046 673 1107 ost:
702 1042 755 1107 De
782 1040 940 1107 scintillab
967 1046 1126 1129 consurgit
1154 1046 1237 1129 mais
1248 1037 1265 1124 ¹,

94 1160 196 1222 totam
212 1154 299 1222 illam
315 1157 476 1223 civitatem
491 1157 588 1223 etiam
605 1161 678 1223 ants
693 1161 836 1221 nostrum
859 1155 1024 1223 introitum
1047 1162 1154 1223 tentus
1174 1157 1267 1223 ardor

94 1270 171 1337 fidei
193 1276 311 1355 sancte,
334 1278 484 1358 operante
503 1271 639 1338 Domino
663 1292 720 1358 per
741 1278 930 1357 matronam,
954 1273 1123 1358 inuaserat,
1147 1278 1268 1339 utnon

95 1385 199 1452 solum
222 1386 320 1453 nichil
341 1387 597 1454 contradictionis
620 1408 730 1454 verum
753 1388 849 1454 etiam
873 1390 973 1455 tocius
1001 1388 1109 1475 populi
1136 1408 1267 1455 conson-

95 1522 167 1569 sum
192 1502 231 1569 de
253 1502 452 1589 suscipiendo
475 1503 632 1589 baptismo
654 1504 868 1570 invenerimus
894 1506 926 1570 in
950 1503 1050 1571 multa
1072 1504 1179 1589 gaudii
1201 1503 1267 1590 ple-

94 1617 250 1685 nitudine.

188 1734 241 1799 20.
276 1732 492 1818 Quadraginta
514 1754 587 1817 ergo
604 1734 714 1800 diebus
737 1735 769 1801 in
786 1734 894 1801 eodem
918 1736 987 1802 loco
1005 1740 1178 1820 manentes,
1202 1740 1267 1801 tam

94 1852 168 1936 ipss
189 1849 332 1935 pontifex
355 1870 449 1935 qnam
472 1850 528 1915 alii
550 1851 617 1916 eius
641 1855 871 1935 cooperatores,
896 1850 1073 1917 sacerdotes
1097 1857 1130 1918 et
1151 1850 1268 1933 clerici,

95 1966 130 2033 id
160 1985 242 2050 pene
264 1964 366 2031 solnm
390 1966 494 2053 operis
518 1964 699 2031 habuimus:
730 1966 890 2051 suscipere
913 1968 1073 2033 venientes
1101 1966 1140 2032 ad
1162 1964 1267 2050 fidem,

94 2082 226 2163 docere,
256 2080 470 2165 cathezizare,
505 2080 668 2168 predicare
696 2086 728 2146 et
754 2080 931 2167 baptizare3
962 2081 1206 2168 videbamurque
1234 2082 1268 2147 in

95 2203 164 2263 tam
187 2197 316 2283 copiosa
338 2217 440 2264 messe
468 2198 562 2284 pauci
585 2216 749 2263 messores.
790 2196 872 2263 Nam
896 2204 928 2264 et
956 2198 1056 2283 ipsius
1085 2197 1146 2263 loci
1175 2204 1268 2283 atque

95 2312 349 2380 circumiacentis
379 2313 540 2398 provincie
569 2312 703 2399 populus
731 2302 918 2379 catervatim
948 2312 1115 2380 accedebat
1142 2313 1269 2380 cottidie

95 2450 135 2497 ac
158 2428 332 2496 recedebat.
367 2429 486 2507 Quibus
501 2429 647 2496 omnibus
663 2429 737 2496 dum
753 2427 900 2496 satisfieri
923 2435 1093 2516 oporteret,
1115 2431 1269 2496 immenso

93 2545 207 2612 labore
222 2581 264 2591 -
282 2546 421 2612 maxime
443 2545 498 2628 qui
519 2545 579 2612 fuit
601 2545 634 2610 in
651 2545 842 2631 baptizando
858 2581 898 2589 —
916 2546 1098 2631 episcopum
1114 2553 1269 2629 nostrum,

94 2661 174 2730 licet
195 2660 279 2728 solos
302 2681 407 2728 mares
429 2681 543 2746 pueros
565 2661 712 2745 tingeret,
736 2679 940 2746 sepenumero
957 2660 1122 2727 sudantem
1145 2662 1270 2748 aspexi·
1324 2687 1328 2696 ·

94 2798 170 2845 mus
193 2776 271 2843 adeo
294 2777 444 2863 profecto,
468 2783 503 2844 ut
518 2775 672 2844 albucius
688 2775 727 2842 ab
742 2774 882 2842 humeris
903 2795 1001 2861 usque
1025 2777 1064 2842 ad
1088 2776 1269 2844 umbilicum

95 2896 229 2961 anteat
253 2897 338 2960 retro
353 2893 467 2958 sudore
487 2897 639 2959 manaret.
675 2891 757 2978 Seps
781 2892 887 2975 etism,
910 2891 1010 2978 ipsius
1033 2892 1199 2958 ministerii
1221 2893 1270 2957 ni-

95 3009 231 3077 mietate
259 3008 411 3092 lassatus,
440 3008 525 3075 brevi
555 3008 696 3074 sessione
723 3007 805 3074 vires
834 3027 1023 3094 recuperans
1052 3006 1270 3093 modicumque
1377 3009 1382 3016 “

96 3125 239 3194 sedendo
261 3125 432 3212 respirans,
456 3125 547 3209 qnasi
570 3124 730 3190 animosus
755 3129 902 3211 operator
918 3129 950 3190 st
966 3127 1144 3206 strennuus,
1168 3122 1269 3190 denuo

96 3263 134 3310 se
149 3240 337 3308 sublevabat
350 3240 383 3307 in
398 3240 482 3307 idem
498 3259 578 3326 opus
594 3239 653 3306 sibi
670 3239 903 3322 dulcissimum
924 3241 1044 3323 gratias
1059 3258 1155 3323 agens
1170 3239 1271 3305 omni·

97 3359 224 3446 potenti
246 3354 330 3438 Deo,
359 3354 443 3440 quod
465 3354 565 3440 ipsius
594 3360 756 3440 prestante
779 3355 946 3422 clementia
968 3361 1015 3421 tot
1037 3354 1215 3442 manipulos
1237 3354 1271 3420 in

97 3475 169 3542 eius
191 3472 306 3539 horrea
325 3491 397 3538 cum
420 3471 535 3538 sudore
556 3490 594 3538 sc
615 3470 803 3538 lassitudine
826 3491 883 3536 sua
905 3477 1095 3554 congereret.

192 3589 244 3654 21.
280 3587 363 3654 Dum
392 3607 430 3654 se
452 3585 584 3654 Camino
605 3587 795 3670 gerebantur
818 3591 912 3673 atque
935 3586 974 3653 de
997 3606 1269 3654 successurorum

98 3713 134 3775 et
167 3725 225 3772 nos
253 3708 286 3770 et
312 3701 449 3789 populns
478 3701 616 3769 civitatis
645 3722 716 3769 cum
745 3703 818 3789 ipsa
845 3708 989 3769 mamona
1015 3702 1212 3770 nobilissima
1240 3706 1272 3768 et

98 3818 367 3888 christianissima
389 3817 548 3905 spirituali
571 3818 686 3902 gaudio
708 3818 895 3902 frueremur,
920 3837 990 3885 ecce
1013 3837 1084 3884 cum
1103 3838 1158 3884 suo
1174 3818 1271 3884 comi-

98 3941 172 4004 tatu
194 3934 259 4000 dux
282 3939 367 4002 terre
377 3933 568 4018 Vratizlaus,
592 3953 655 4000 non
671 3934 829 4000 modicum
845 3933 945 4001 letitie
960 3933 1107 4000 salutaris
1123 3953 1272 4016 augmen·

99 4058 186 4135 tum,
210 4050 409 4137 superuenit,
432 4050 590 4134 nichilque
612 4053 765 4132 moratus,
790 4049 879 4134 quasi
902 4048 990 4116 filiali
1012 4049 1128 4116 fiducia
1149 4050 1182 4114 in
1206 4069 1272 4114 am·

100 4165 216 4253 plexus
238 4185 333 4232 ruens
356 4166 513 4253 episcopi:
538 4167 634 4234 Salve
655 4165 759 4250 inquit
779 4179 871 4253 poter
893 4169 1094 4232 sensarum.
1133 4163 1271 4230 Deinde:

99 4281 192 4362 Noa,
217 4304 311 4368 queso
335 4281 381 4349 ait
401 4285 564 4362 irascare,
589 4285 675 4368 qaod
695 4296 768 4369 poet
788 4284 927 4368 primam
949 4281 1039 4346 illam
1062 4293 1090 4346 et
1104 4293 1273 4347 momenta-

174 4436 197 4469 ι
221 4421 335 4470 murm
351 4422 382 4470 u.
476 4422 498 4468 s.
522 4421 655 4470 munau
799 4413 823 4466 1.
843 4407 981 4467 clucet.
996 4411 1038 4480 11,
1056 4410 1100 4465 34.
