3142 4850
342 350 523 399 aenaeam
543 350 726 400 nrmoeos.
761 352 857 399 mer
881 349 985 400 12-14
1185 334 1250 398 713

84 505 235 593 Uraugu'a'
263 509 380 575 dicitnr
400 510 460 577 sub
487 512 664 597 patrocinio
694 511 779 577 besti
801 510 981 593 Laurentii,
1010 510 1145 577 alterum
1168 507 1250 577 Ura²

83 626 114 691 in
135 626 256 691 bonore
282 624 367 691 beati
389 624 476 693 Petri
498 627 644 711 apostoli.
690 626 749 693 His
772 632 878 693 autem
905 626 1038 691 honesta
1060 630 1092 693 et
1114 626 1250 709 eleganti

84 740 200 809 fabrica
229 739 463 825 conpositis-
495 742 578 806 sicut
606 742 750 807 omnibus
778 741 917 808 cenobiis
951 741 1016 806 suis
1048 740 1185 809 iaciebat
1206 774 1249 787 -·

84 856 193 941 predia
215 876 330 938 emere,
352 855 450 922 silvas
472 862 506 921 et
526 876 619 938 agros
641 862 674 921 et
696 862 788 943 prate
803 874 987 941 comparare
1003 855 1052 923 vel
1070 856 1142 923 aliis
1158 857 1250 922 iustis

84 971 183 1037 modis
211 972 374 1055 acquirere
401 972 575 1053 satagebat
624 971 697 1058 Ipsa
719 992 793 1039 vero
820 973 984 1039 nominare
1012 978 1044 1039 et
1067 990 1250 1039 enumerare

84 1086 243 1168 uniuersa,
265 1106 306 1153 ne
329 1087 440 1168 longus
463 1092 519 1152 aut
539 1086 722 1153 fastidiosus
745 1086 836 1169 ism,
860 1088 982 1153 omitto.
1073 1086 1194 1153 Deinde
1216 1087 1250 1152 in

82 1198 332 1284 Babenbergensi
355 1202 514 1287 episcopio
536 1203 632 1267 tertia
657 1208 690 1268 et
711 1208 825 1286 quarta
853 1200 1008 1269 edificatio
1038 1202 1171 1269 duorum
1199 1222 1250 1268 ce-

83 1315 249 1381 nobiorum
281 1316 350 1407 tuit
397 1316 536 1394 Quorum
565 1336 662 1383 unum
685 1316 899 1384 Miobelenfelt
927 1317 1046 1383 dietum
1073 1319 1106 1382 in
1133 1316 1250 1384 bonore

84 1431 182 1496 sancti
204 1430 352 1498 lobannis
375 1431 583 1514 euangelista,
613 1431 745 1498 aiterum
769 1431 940 1499 Laneheim
969 1434 1003 1500 in
1031 1432 1149 1499 bonore
1178 1432 1251 1499 bes·

83 1546 203 1613 tissime
225 1547 357 1629 uirginis
380 1546 481 1613 biario
504 1548 544 1613 de
567 1546 676 1613 ordine
698 1547 916 1629 cisterciensi3
948 1568 1021 1614 nam
1050 1547 1106 1614 illa
1127 1548 1189 1613 tria
1212 1547 1251 1613 de

83 1660 191 1728 ordine
212 1662 288 1728 fecit
302 1661 508 1729 Oloniacensi.
544 1662 607 1730 Sed
622 1662 816 1730 Micbelnfelt
836 1672 868 1729 et
882 1663 1021 1747 Ursugia
1043 1664 1076 1729 in
1099 1663 1251 1749 patrimo·

82 1776 156 1842 oisli
179 1777 277 1845 tundo
305 1774 464 1861 ecelesie⁹‚
492 1778 662 1844 Lancbeim
681 1788 761 1844 'uero
791 1784 823 1844 et
845 1778 911 1845 Ura
938 1780 971 1845 in
1000 1778 1177 1845 adventicio
1204 1778 1251 1845 lo·
1327 1872 1329 1877 Δ

82 1899 151 1959 eata
172 1899 257 1959 eunt.

172 2011 224 2073 13.
253 2008 352 2075 Porro
374 2009 408 2075 in
430 2008 653 2095 Ratispouensi
675 2010 858 2095 episcopatu
886 2030 942 2077 sex
965 2010 1157 2077 monasteria
1178 2028 1252 2076 con-

83 2124 214 2205 struxit3
243 2125 380 2209 quinque
404 2124 444 2191 de
466 2125 577 2191 ordine
598 2124 859 2191 cloniacensium.
905 2125 1042 2203 Quorum
1066 2146 1164 2191 unum
1186 2126 1252 2191 En·

83 2238 190 2325 tiptorf
215 2238 334 2305 dictum
362 2240 395 2307 in
426 2241 544 2307 bonore
567 2241 667 2307 sancti
691 2241 794 2308 iacobi
824 2242 974 2327 apostoli,
1004 2242 1174 2308 secundnm
1205 2247 1253 2307 ast

82 2351 302 2438 Pruueningen
336 2356 394 2421 sub
428 2357 603 2442 patrocinio
637 2356 722 2422 beati
756 2356 884 2442 Georgii
924 2358 1079 2437 martirie3
1120 2364 1253 2444 utraque

84 2476 186 2536 autem
220 2471 253 2536 in
283 2472 459 2538 adventicio
493 2472 590 2538 fundo
620 2474 682 2538 sita
713 2478 795 2538 sunt.
844 2473 984 2538 Tertium
1013 2481 1061 2539 est
1088 2472 1253 2540 cenobium

83 2592 289 2670 cognomento
312 2584 565 2671 bionasten'um‘,
593 2588 676 2672 quod
699 2607 770 2654 cum
795 2589 957 2654 adiacente
981 2589 1148 2674 parrochie
1170 2591 1252 2655 eius-

82 2701 152 2769 dem
174 2704 313 2768 nominis
338 2704 406 2778 auri
430 2710 462 2770 et
484 2704 606 2785 argenti
634 2704 739 2788 precio
768 2703 808 2770 ab
832 2703 979 2770 Heinrico
1008 2705 1086 2770 duce
1108 2703 1252 2770 Bawarie
1312 2761 1315 2772 .

83 2823 114 2883 et
133 2839 155 2884 a
175 2817 333 2904 Diepaldo
357 2819 538 2886 marchione
561 2820 762 2904 conparavit,
788 2825 820 2884 et
842 2819 940 2900 regali
964 2819 1129 2905 privilegio
1152 2820 1252 2905 impe·

82 2935 196 3000 raterio
218 2932 362 3001 Lotbsrii
385 2935 418 3000 in
442 2935 668 3020 proprietatem
699 2939 807 3000 sancte
829 2933 1099 3018 Babenbergeneie
1123 2933 1252 3000 ecclesie

82 3049 229 3116 collatum
252 3046 418 3136 suscepit⁶.
460 3049 612 3129 Quartum
635 3056 685 3115 est
705 3047 832 3133 Bibere,
860 3051 1003 3136 quintum
1026 3048 1252 3116 Madelhartes·

82 3166 159 3246 torf3
191 3164 247 3232 sed
270 3165 387 3232 Biburc
409 3165 485 3232 sub·
508 3166 684 3252 patrocinio
706 3172 756 3232 est
778 3167 868 3233 beate
891 3165 989 3232 Maria
1013 3172 1164 3252 perpetue
1189 3165 1252 3231 uir·

81 3280 173 3365 ginis,
196 3281 277 3347 illud
299 3289 403 3348 autem
427 3282 460 3347 in
482 3282 601 3348 bonore
616 3283 718 3348 sancti
734 3281 881 3347 lobannis
897 3283 1106 3364 euangeliste3
1131 3288 1252 3348 utrum-

82 3416 141 3481 que
164 3385 271 3463 autem
293 3397 384 3463 fundi
406 3397 585 3464 adventicii.
676 3397 809 3464 Sextum
832 3403 881 3463 eet
895 3396 1125 3481 Wiudebergen
1148 3397 1187 3464 de
1202 3419 1253 3463 or-

82 3512 153 3578 dine
167 3513 354 3579 clarieorum
377 3513 580 3597 regularium,
604 3533 682 3599 quos
696 3519 812 3578 uocant
826 3509 1062 3600 Norpertinoe⁶,
1086 3515 1118 3580 in
1135 3514 1252 3580 bonore

82 3635 188 3694 sancte
211 3627 272 3694 Dei
294 3630 456 3712 genitricis
478 3628 594 3711 Marie;
618 3635 650 3695 et
672 3631 777 3715 ipsum
800 3629 840 3695 de
862 3629 958 3696 tundo
981 3629 1167 3696 adventicio.

172 3746 224 3808 14.
259 3743 295 3810 Io
325 3733 509 3831 episcopatu
531 3745 783 3812 Helberstatensi
805 3745 972 3812 undecima
1000 3747 1029 3811 ei
1053 3753 1101 3812 ert
1123 3765 1253 3828 congre-

81 3860 165 3941 gatio
188 3855 393 3942 Regenstori⁷
423 3860 462 3926 de
492 3861 602 3927 ordine
630 3860 845 3943 cloniacensi,
875 3861 932 3926 sub
960 3861 1136 3948 patrocinio
1169 3859 1252 3926 beati

82 3974 229 4042 lobannis
253 3974 399 4061 baptiste.
434 3976 610 4042 Abbasium
632 3977 717 4042 enim
734 3975 917 4060 Vicenburc,
942 3996 1002 4061 que
1025 3996 1108 4042 nnnc
1130 3981 1252 4042 mumto

81 4089 148 4157 loeo
171 4097 205 4158 et
227 4091 356 4157 nemine
378 4090 568 4174 Regeustorf
595 4091 788 4178 appellatur,
818 4111 890 4158 cam
919 4090 1064 4159 omnibus
1093 4092 1134 4158 ad
1164 4091 1252 4158 iilam

152 4282 173 4314 s.
196 4281 240 4314 ona
251 4267 325 4314 Nos.

151 4366 176 4417 1.
195 4363 281 4418 Asara
365 4365 392 4418 2.
411 4362 531 4418 Auraob.
613 4366 640 4418 3.
658 4363 881 4434 Bambergeneis.
960 4365 987 4419 4.
1006 4318 1251 4420 iddncbsmdnster.

82 4452 107 4504 ia
124 4451 152 4506 d.
165 4453 201 4506 23
215 4450 275 4506 Oct
290 4452 368 4507 1133.
458 4454 485 4507 6.
502 4453 795 4510 Praenomtratenses.
886 4454 911 4508 7.
930 4452 1084 4509 Reinsdort.
