3142 4850
332 263 400 328 210
719 279 885 328 uniuntur
907 279 1034 328 conum
1073 277 1123 328 ιιι

209 456 278 510 1103
331 439 441 506 desem
463 439 640 522 credebam,
664 438 749 523 quod
763 438 814 506 vel
838 439 877 506 ad
901 439 1042 524 corporis
1065 439 1203 525 pertinet
1225 436 1369 503 decorem
1390 436 1439 502 rel
1459 436 1493 500 ud

167 528 317 575 “b‘''m'
332 555 437 621 anime
460 559 619 640 spectaret
634 554 783 621 vnlorem.
820 553 883 621 Sed
899 555 974 638 quid
989 559 1038 620 eet
1053 554 1109 621 ab·
1126 553 1212 620 omni
1235 557 1325 640 parte
1342 547 1495 618 bettoni*

330 669 414 737 ane
436 675 538 736 mater
561 691 633 736 mea
655 677 765 736 sancta
777 669 921 736 Romana
944 669 1078 737 ecclesia
1091 669 1159 735 vult
1180 670 1306 736 inurere
1329 669 1495 734 cunctam

331 785 677 869 excommunicationis,
702 792 734 852 et
754 786 886 872 insuper
902 786 1003 852 erexit
1025 806 1121 872 super
1138 807 1191 852 eos
1213 785 1352 869 gladium
1377 784 1497 850 ceddo·

330 903 398 969 nist
434 902 538 988 Super
560 901 609 967 his
631 921 689 985 ego
713 902 839 986 quidem
863 907 1006 970 materno
1030 901 1137 968 dolore
1160 907 1317 986 torqueor.
1353 899 1418 986 Ipsi
1439 905 1498 966 etu-

332 1024 396 1084 tem
420 1017 547 1101 habent,
571 1016 740 1102 loquantur
762 1018 840 1103 perb
863 1038 906 1084 se.

422 1135 470 1199 Id
491 1137 623 1221 ipsum
644 1133 749 1218 inquit
770 1137 815 1200 de
833 1136 1137 1200 Laodicensibua
1161 1135 1499 1200 recommunicare}

331 1251 648 1338 pseudoclericis
678 1253 961 1336 praecipimur.
1061 1250 1204 1316 Saotero·
1232 1251 1342 1315 dolosa
1371 1271 1435 1313 non
1462 1259 1500 1311 est

333 1367 417 1432 tono
445 1366 491 1430 ait
518 1362 702 1451 sapientia'.
744 1363 821 1441 Quis
845 1365 966 1432 confert
992 1385 1118 1432 oausam
1148 1371 1288 1432 uestram
1311 1383 1427 1430 causae
1448 1361 1500 1428 Oa·

332 1479 581 1548 morinensium?
610 1486 645 1546 nt
669 1485 702 1545 et
723 1499 781 1546 nas
805 1481 978 1565 patiamur,
1008 1481 1092 1566 quod
1114 1481 1278 1568 patiuntur
1301 1479 1501 1546 Cameracen-

333 1616 394 1664 ees.
430 1595 495 1662 Nos
519 1596 646 1682 quidem
667 1594 948 1664 Cameraceueibue
971 1597 1186 1684 conpatimur;
1209 1597 1301 1663 nobis
1323 1595 1424 1662 nichil
1445 1593 1502 1660 tale

332 1711 528 1778 verebamur.
608 1711 861 1796 cameracenses,
886 1713 961 1796 quia
976 1733 1088 1779 causae
1104 1731 1241 1795 causam,
1265 1731 1424 1798 personae
1438 1729 1503 1798 per·

332 1847 444 1894 sonam
459 1826 702 1914 subposuerunt,
718 1827 860 1910 gladium
876 1827 1036 1913 bicipitem
1053 1829 1113 1896 sibi
1128 1833 1412 1915 superposuerunt
1446 1825 1503 1892 Nos

334 1963 408 2008 vero
430 1941 639 2010 Laodicenses
662 1963 760 2028 quare
783 1945 1046 2011 excommunicati
1070 1945 1223 2012 dicimur?
1257 1943 1361 2021 Quare
1384 1943 1504 2028 gladius

334 2057 425 2124 nobie
449 2058 693 2144 superponitur?
726 2058 809 2136 Quid
832 2060 961 2143 dignum
985 2065 1087 2126 morte
1110 2065 1165 2126 aut
1184 2060 1505 2126 excommunicatione

333 2172 466 2240 fecimus
493 2177 604 2240 contra
631 2175 815 2241 canonicam
845 2174 985 2259 regulam
1020 2175 1189 2242 ecclesiae?
1229 2174 1264 2241 ln
1298 2194 1361 2241 uno
1397 2175 1506 2262 spiritu

334 2309 393 2356 nes
416 2309 536 2373 omnes,
558 2291 592 2356 in
614 2311 713 2357 unum
735 2311 850 2376 corpus
877 2291 1030 2378 baptizati
1051 2288 1192 2373 sumus³3
1217 2311 1275 2357 uos
1296 2293 1393 2357 unius
1416 2289 1506 2358 moris

334 2404 422 2474 Deus
450 2406 484 2472 in
506 2405 599 2473 domo
628 2428 686 2474 sua
713 2406 857 2475 babitare
884 2403 1005 2475 fecisti
1048 2407 1201 2475 Obsecrat
1227 2428 1283 2474 noe
1306 2405 1428 2474 Paulus
1456 2426 1507 2493 per

335 2542 450 2589 nomen
472 2522 618 2606 Domini,
646 2529 768 2589 utnon
792 2524 857 2589 sint
883 2524 1029 2591 innubis
1053 2520 1232 2605 sommata⁶3
1263 2522 1393 2609 quando
1417 2523 1507 2607 sigui·

334 2637 462 2705 ficetum
487 2645 536 2705 est
556 2638 717 2706 Romanae
738 2638 905 2723 ecclesiae,
933 2640 1016 2726 quod
1044 2640 1259 2706 accendones
1280 2640 1404 2707 fuerint
1431 2640 1508 2705 inter

310 2746 415 2821 'nesi
449 2754 485 2821 Id
512 2756 617 2842 ipsum
646 2755 679 2820 in
701 2755 828 2821 Christo
858 2753 1030 2842 sapimus⁶,
1059 2754 1092 2820 id
1121 2756 1226 2841 ipsum
1250 2755 1397 2821 dicimus.
1444 2754 1508 2820 Non

335 2872 484 2938 dicimus:
518 2874 589 2957 Epo
626 2894 696 2936 eum
730 2874 845 2952 Pauli,
882 2894 937 2959 epo
967 2872 1105 2958 Coptos,
1141 2894 1196 2957 epo
1231 2884 1335 2937 numm
1368 2865 1508 2937 Oeisfi'.

334 2984 497 3071 Numquid
520 3007 578 3072 pro
592 2987 653 3054 hac
666 2987 876 3053 unanimitate
892 2987 1155 3053 excommunicati
1170 2986 1325 3053 dicimur?
1353 2984 1400 3051 Ut
1423 3005 1510 3073 prae·

335 3102 416 3189 cipit
440 3101 572 3187 Paulus,
600 3102 763 3169 obedimus
793 3108 825 3169 et
852 3102 1049 3169 subiacemus
1078 3102 1268 3189 praepositis
1295 3103 1433 3186 uostris,
1462 3100 1511 3187 qui

337 3217 470 3302 vigilant
492 3240 550 3304 pro
573 3217 739 3284 animabus
760 3212 906 3284 nostris⁸.

425 3333 534 3417 Nobis,
553 3333 654 3417 legem
671 3333 732 3400 Dei
745 3335 938 3417 tenentibus,
963 3333 1117 3400 obiciunt:
1142 3335 1225 3419 quod
1241 3336 1512 3418 transgrediamur

337 3469 435 3516 novus
458 3469 567 3516 eorum
588 3449 790 3516 tradiciones.
826 3450 870 3516 Ae
891 3450 955 3516 illis
979 3450 1056 3516 dicit
1070 3448 1175 3516 Deus:
1201 3450 1308 3533 Quare
1329 3472 1386 3517 eos
1411 3465 1513 3517 ιναιιι·

336 3568 508 3653 predima'm'
529 3568 731 3633 mundatam·
759 3569 826 3633 Dea'
850 3581 983 3655 propter
1010 3570 1200 3633 tradiciones
1223 3562 1383 3633 omem?
1427 3566 1514 3633 lubet

338 3680 440 3749 Deus:
470 3687 520 3764 ut,
552 3702 633 3767 quae
661 3689 736 3748 sunt
762 3684 894 3763 cesaris,
925 3682 1094 3749 reddamus
1122 3682 1224 3749 cesari
1253 3687 1300 3766 et,
1330 3700 1413 3767 quae
1443 3688 1516 3749 eunt

337 3796 409 3881 Dei,
432 3792 537 3864 Deo¹⁰.
572 3798 607 3863 lu
630 3798 711 3865 hanc
732 3800 923 3865 sententiam
947 3797 1058 3865 Petrus
1082 3804 1114 3864 et
1128 3797 1244 3865 Paulus
1268 3798 1405 3884 pedibus
1430 3804 1513 3865 eunt.

337 3910 451 3981 Petrus
483 3913 601 3999 iuquit:
631 3914 737 3980 Deum
764 3919 881 3995 amco,
912 3937 1014 4001 repam
1044 3915 1261 3998 bonomflcuter
1289 3918 1374 3980 aaut
1395 3916 1517 3981 subditi

409 4060 430 4093 s.
453 4060 482 4092 ex
498 4045 527 4091 B.
634 4046 658 4093 b.
682 4060 724 4107 pro
739 4048 762 4093 V.
873 4061 892 4094 o.
917 4048 1006 4095 Statori
1021 4070 1044 4079 -
1058 4047 1170 4107 sepientis
1185 4048 1269 4093 oosB.
1373 4046 1398 4093 d.
1421 4047 1479 4095 tecit
1493 4045 1515 4091 t'.

339 4136 360 4170 s.
383 4125 491 4171 naum
507 4124 535 4171 Β.

411 4212 436 4265 1.
455 4210 550 4266 Horat.
563 4226 646 4265 carm.
660 4210 687 4265 11
705 4212 747 4281 16,
766 4214 867 4267 2128.
945 4215 970 4266 2.
989 4212 1069 4267 Prov.
1082 4213 1125 4281 20,
1139 4212 1182 4266 23.
1261 4211 1286 4266 3.
1307 4212 1322 4265 1
1336 4210 1399 4266 Gor.
1415 4212 1460 4281 12,
1474 4210 1515 4266 13.

340 4298 367 4352 4.
384 4296 429 4353 Pe.
442 4300 486 4368 61,
499 4300 525 4353 t.
618 4298 644 4354 5.
664 4303 679 4354 1
694 4300 755 4355 Cor.
769 4302 794 4371 1,
808 4303 850 4355 10.
942 4304 967 4356 t.
990 4300 1145 4370 Philippi,
1163 4301 1189 4355 2.
1280 4299 1305 4354 i.
1326 4300 1341 4355 1
1355 4298 1420 4354 Cor.
1434 4298 1515 4369 111.

339 4384 367 4441 8.
384 4384 468 4443 Hebr.
481 4388 524 4457 13,
537 4388 580 4443 11.
651 4388 679 4442 2.
696 4387 792 4446 llatth.
807 4389 849 4460 lt,
861 4390 888 4445 3.
961 4390 1003 4445 10.
1022 4388 1176 4459 11110122,
1190 4388 1234 4443 21.
