3142 4850
451 293 618 342 unmnrcr
640 292 767 342 conns.
804 290 896 343 sess
1221 277 1262 342 81

169 448 333 533 Rogamus
356 451 452 518 etiam
468 453 701 520 sanctissimam
718 453 943 540 paternitatem
959 456 1109 535 vestam
1133 457 1169 518 ut
1183 453 1265 520 sicut

86 564 117 629 in
146 564 208 630 hoo
236 565 286 632 ita
325 571 358 632 et
393 567 427 634 iu
462 568 575 634 ceteris
610 567 760 636 ecelesiae
794 568 934 651 negociis
971 567 1064 635 uobis
1097 567 1261 636 dexteram

85 680 271 765 porrigatis3
302 680 421 748 scibcet
451 687 561 750 contra
587 682 720 750 rebelles
750 684 945 768 limingae,
973 688 1085 751 cunta
1111 683 1264 769 quosdam

85 801 306 882 praepotentes
329 803 362 864 et
382 796 515 882 nobiles,
538 799 690 867 adversm
714 819 793 885 quos
822 803 954 886 propter
980 799 1264 883 consanguinitatis

86 911 229 995 coniugia
250 912 388 980 multum
402 913 593 982 laboramus.
629 913 807 982 Occurrunt
822 915 916 982 etiam
933 913 1045 999 multa
1069 935 1159 1000 quae,
1183 915 1265 982 sicut

85 1027 229 1113 specialia
252 1026 337 1096 filius
360 1033 392 1096 et
414 1051 453 1097 ex
476 1031 608 1117 antique
629 1031 801 1098 traditione
816 1030 1108 1117 apostolicaesedis
1129 1029 1263 1114 legatus,

85 1149 188 1210 sesua
215 1143 315 1212 debeo
347 1147 533 1214 auctoritate
561 1151 594 1212 et
621 1151 792 1233 praecepto
820 1147 1008 1229 terminare;
1043 1151 1095 1230 ut,
1125 1146 1201 1213 dum
1230 1146 1264 1212 in

86 1259 228 1327 omuibus
244 1260 334 1328 robis
357 1260 506 1328 obediens
528 1261 628 1346 fuero,
651 1268 776 1332 vestrae
799 1261 963 1330 sanctitati
984 1262 1067 1329 sicut
1085 1261 1263 1329 membrum

84 1375 178 1462 ospiti
202 1375 328 1444 ualeam
350 1377 507 1446 coherere.

170 1489 415 1576 Sanctissimum
432 1492 643 1580 apostolatum
660 1497 814 1577 smmum,
836 1494 952 1561 domne
966 1497 1070 1579 pater,
1093 1491 1262 1575 longevum

85 1611 115 1672 st
134 1605 326 1675 incolomem
350 1607 524 1676 Samarites
546 1609 601 1676 ille
623 1609 791 1694 custodiat,
815 1610 871 1696 qui
892 1608 927 1676 iu
941 1607 1147 1678 custodiendo
1169 1628 1265 1688 suum

84 1720 180 1792 lsrael
202 1742 267 1790 uon
290 1723 407 1792 dormit
429 1743 532 1809 neque
553 1725 705 1794 dormitat
714 1721 730 1790 ¹.

87 1932 145 2004 39.
169 1937 358 2022 Mogontiaci
381 1936 577 2024 Sipssridum
594 1939 618 2004 I
636 1939 908 2026 archiepiscopum
930 1937 1131 2016 obtestamur,
1154 1949 1190 2002 at
1211 1959 1261 2002 re-

6 2049 7 2060 ’
172 2052 247 2118 licto
271 2054 417 2120 eoeacbs'o
441 2055 642 2140 Magnesiam
664 2049 882 2122 eademst.
1126 2049 1167 2133 (Ε
1184 2052 1261 2132 134)

170 2182 261 2252 Patri
284 2205 322 2252 eo
343 2187 465 2272 pastori
488 2207 545 2254 suo
561 2206 656 2273 quam
672 2186 846 2255 venerabili
869 2191 934 2254 tam
950 2182 1151 2252 desiderabili
1166 2183 1262 2268 Stigi·

84 2297 177 2382 iride)
201 2301 447 2387 archipraesulib
471 2321 544 2370 osee
560 2319 696 2388 pascuae
712 2304 792 2386 eius,
814 2301 1115 2370 scilicetunisersns
1128 2299 1262 2386 Mogon-

85 2415 169 2483 tinae
191 2416 277 2485 sedis
299 2416 401 2485 clerus
421 2424 457 2491 ,et
479 2417 624 2506 populus,
648 2440 739 2489 senes
762 2440 834 2489 oum
850 2416 1036 2502 iunioribus,
1059 2417 1174 2485 divites
1188 2437 1260 2485 cum

85 2534 292 2619 pauperibus,
326 2535 469 2601 unanimi
499 2534 666 2605 devotione
693 2535 821 2605 sedulas
848 2534 1007 2603 orationes
1041 2554 1158 2620 euque
1188 2553 1261 2601 cum

85 2646 223 2717 lacrimis
246 2649 340 2717 solito
362 2651 582 2738 impensiores.

172 2765 381 2833 Obsecramus
410 2771 457 2851 te,
487 2767 664 2835 venerande
687 2772 796 2854 pater,
825 2772 857 2833 et
879 2766 1074 2835 obtestemur
1096 2786 1155 2852 per
1176 2786 1260 2849 eum,

87 2881 170 2947 cuius
192 2882 337 2968 precioso
360 2882 514 2966 sanguine
537 2902 645 2951 sumus
667 2882 835 2969 redempt.
858 2903 915 2970 per
930 2881 1122 2970 pastoralem
1139 2900 1260 2965 curam,

7 3068 8 3071 Ἴ
88 3016 146 3080 qua
166 2996 225 3063 tibi
250 3018 358 3065 sumus
381 2998 552 3083 commissi,
576 3018 634 3085 per
649 2999 849 3066 tremendum
864 2999 994 3086 superui
1008 2998 1093 3081 regis
1107 2995 1260 3064 iudicium

87 3130 200 3197 perque
221 3112 303 3179 illud
324 3114 466 3181 terribile
488 3114 638 3197 tribunal,
662 3114 714 3181 cui
735 3114 770 3181 in
793 3114 846 3181 die
865 3114 976 3181 iudicii
990 3113 1086 3181 debes
1108 3118 1213 3181 astare
1228 3118 1261 3180 et

7 3271 12 3287 .
88 3226 124 3293 de
144 3228 235 3297 nobis
258 3230 396 3316 principi
419 3233 582 3316 pastorum
598 3230 753 3299 rationem
772 3230 919 3297 reddere:
942 3234 980 3297 ut
998 3230 1182 3297 memineris
1197 3227 1260 3295 diei

87 3340 181 3428 illius,
210 3346 247 3411 in
276 3366 353 3431 qus,
377 3345 503 3413 dismas
532 3346 777 3413 consecrationis
801 3345 869 3413 oleo
897 3344 1067 3429 delibutus,
1091 3344 1261 3431 suscepisti

87 3475 188 3525 euram
212 3461 393 3529 animarum
415 3466 596 3529 nostrarum
621 3466 662 3547 ei„
686 3462 721 3529 iu
744 3461 951 3548 apostolicam
978 3466 1142 3547 promotus
1164 3460 1260 3527 bene·

151 3607 172 3640 a
195 3608 225 3640 ex
239 3594 391 3651 vec-et.
412 3595 436 3643 Ζ
450 3594 607 3656 pse-et:
627 3592 763 3654 Epistola
782 3594 952 3654 narnatino
973 3594 1103 3642 scolssle
1124 3594 1158 3642 sd
1178 3592 1259 3652 sigi·

88 3668 189 3720 tridum
206 3674 464 3737 arehiepiscopum
482 3689 579 3731 ruum3
595 3674 618 3721 B
634 3676 675 3731 33,
697 3673 866 3723 etl—sce.
961 3674 984 3719 b.
1007 3674 1180 3735 archispiscopo
1201 3673 1228 3721 G.

153 3780 176 3831 1.
196 3778 260 3833 lsai.
273 3779 300 3847 5,
318 3780 361 3834 27.
451 3781 476 3833 2.
496 3776 671 3848 Scripseruut
689 3777 759 3833 bsuc
777 3778 921 3849 epistolam
939 3777 1107 3849 lioguntini,
1129 3778 1259 3832 certiores

89 3858 162 3933 iacti,
186 3864 346 3935 sigifridum
365 3866 600 3937 archiepiscopum
622 3865 745 3921 Cluuiaci
769 3882 800 3922 se
822 3866 910 3921 ordini
934 3866 1086 3921 monastico
1109 3865 1258 3919 addixisse.

89 3950 194 4008 llariani
213 3954 301 4009 Scotti
319 3954 412 4010 ebron.
431 3956 514 4021 (lton.
528 3954 620 4010 Germ.
633 3953 682 4009 ss,
693 3955 729 4021 V)
750 3956 819 4010 1070
838 3955 943 4021 (10003
970 3952 1130 4026 „sigfridus
1145 3984 1177 3993 -
1195 3968 1258 4008 cum

91 4044 276 4099 nonasterium
295 4043 499 4114 monachorum,
521 4043 595 4115 qnod
613 4046 657 4099 est
675 4042 821 4115 cluaneca,
843 4042 980 4099 dominico
998 4042 1043 4098 die
1062 4046 1127 4098 ante
1145 4041 1258 4097 missam

90 4131 170 4185 sancti
186 4131 327 4188 llicbaelis
345 4132 489 4204 (Sept23)
507 4136 590 4201 esset,
611 4132 716 4187 intrans
735 4132 893 4202 claustrum,
913 4132 1018 4201 respuit
1036 4131 1169 4185 seculum.
1202 4128 1258 4186 Sed

92 4214 149 4272 dum
166 4222 325 4276 mercenarii
343 4222 533 4291 lloguntiuum
551 4222 740 4291 episcopatum
765 4235 924 4291 comparare
942 4220 1045 4275 vellent
1066 4219 1173 4290 precio,
1197 4216 1258 4288 Sig-

92 4300 169 4363 iridus
184 4340 212 4348 -
225 4308 394 4380 llogoutiam
412 4311 431 4366 8
448 4310 489 4365 ld.
501 4308 663 4368 Decembris
682 4308 794 4365 rediit“.
827 4306 869 4366 01.
886 4307 1027 4365 Lamberti
1044 4308 1157 4365 condes
1178 4308 1257 4376 1072,

93 4391 151 4449 ibid
167 4412 193 4467 p.
208 4399 267 4453 191.

132 4491 205 4547 tini.
219 4495 365 4542 Bibliotheca
375 4496 404 4540 V.
1025 4486 1044 4540 6

1293 467 1360 523 1071

1280 542 1337 599 Aug
1348 541 1377 587 18

1308 2197 1378 2254 1072

1279 2269 1328 2317 Oct
1342 2270 1398 2318 lior.
