3142 4850
303 283 347 348 86
696 300 864 350 uusamcr
885 300 1014 348 connx.
1048 298 1085 348 so

202 478 273 533 1074
304 479 422 527 nonum
445 459 486 525 ed
507 480 565 525 nos
589 460 726 545 primum
750 479 847 526 eausa
868 459 984 526 deferri
1007 463 1040 525 et
1059 458 1142 542 ille·‚
1169 459 1209 524 ad
1232 457 1399 526 eonsilium
1422 480 1477 524 ro-

191 552 287 600 ⁰'¹'⁶*'¹'
304 582 407 659 oatus,
440 576 526 642 intra
553 574 749 661 provintiam
777 575 862 642 inter
889 575 1005 640 fratres
1031 594 1105 641 suos
1135 574 1238 642 audiri
1246 571 1264 640 ¹.
1306 574 1376 657 Ego
1404 594 1477 641 uero

304 697 337 758 et
357 691 471 758 fratres
494 691 556 758 mei
579 691 763 759 deberemus
787 691 828 758 ad
850 690 1056 777 apostolicam
1079 690 1187 757 sedem
1213 689 1361 757 velutad
1382 697 1479 776 eaput

302 811 446 873 nostrum
469 807 597 890 referre,
623 807 651 874 si
673 811 764 872 tauta
785 825 837 873 res
859 812 952 889 esset
975 810 1012 871 ut
1032 825 1091 892 per
1117 825 1177 872 uos
1202 825 1263 874 neo
1289 812 1399 892 posset
1420 825 1479 874 neo

303 921 433 988 deberet
454 922 628 988 terminari.
718 921 810 988 Nune
832 927 939 988 antem
959 921 1059 988 irater
1085 926 1193 988 noster
1216 927 1249 986 et
1273 922 1479 1007 coepiscopus

304 1071 347 1084 -
371 1036 486 1104 assde
509 1037 988 1124 suavagusetprofugnsaa
1017 1042 1053 1104 ut
1075 1035 1229 1121 diximus,
1257 1037 1352 1105 rebus
1374 1041 1407 1104 et
1427 1057 1479 1104 re-

303 1151 421 1219 ditibus
445 1152 595 1220 eoolesiae
617 1173 693 1220 suae
714 1153 833 1220 iniuste
847 1152 1002 1239 spoliatus
1024 1157 1057 1220 et
1074 1157 1238 1220 exstrueus
1254 1189 1288 1199 -
1311 1153 1478 1236 iudignum

303 1267 425 1354 patitur
439 1266 677 1353 praeiudicium.
716 1267 760 1334 Et
774 1269 920 1336 omnibus
934 1267 1086 1334 iratribus
1104 1273 1137 1334 et
1150 1267 1346 1354 ooepiseopis
1360 1268 1480 1334 nostris

303 1401 454 1464 magnum
488 1382 562 1450 inde
595 1384 743 1468 provenit
779 1383 981 1464 scandalum
1020 1388 1052 1450 et
1085 1383 1264 1471 episcopale
1295 1401 1414 1450 nomen
1448 1389 1481 1450 et

304 1496 453 1582 officium,
477 1497 561 1582 quod
584 1497 669 1584 apud
690 1498 795 1566 Deum
817 1505 850 1566 et
870 1499 1014 1566 heminas
1036 1505 1180 1565 eandum
1198 1504 1257 1582 est,
1280 1497 1481 1566 intolerabile

303 1613 425 1700 patitur
452 1612 666 1698 obprobrium.
756 1613 856 1680 Porro
884 1613 1018 1682 eeclesia
1042 1614 1101 1680 illa
1132 1615 1198 1680 iarn
1229 1613 1339 1682 multis
1367 1613 1482 1682 diebos

304 1728 458 1816 pastorali
480 1733 568 1794 earet
591 1728 876 1796 amministratione
903 1735 950 1813 et,
973 1730 1100 1800 virente
1121 1735 1249 1815 pastore
1270 1730 1381 1812 vidua,
1411 1730 1482 1818 epi-

304 1843 424 1929 scopali
447 1849 539 1910 vaoat
566 1843 801 1926 benedietione;
829 1845 893 1912 nisi
920 1845 1006 1930 quod
1033 1845 1200 1931 episeopus
1227 1840 1308 1927 ille¹,
1337 1846 1393 1929 qui
1424 1865 1482 1910 ex·

303 1959 458 2048 pulsionis
487 1963 519 2026 et
546 1959 795 2044 perturbationis
824 1958 918 2026 huius
946 1964 1142 2042 auctorest,
1172 1959 1239 2026 eius
1261 1958 1324 2025 sibi
1345 1967 1483 2046 usurpat

304 2073 442 2142 offitium
466 2081 507 2158 et,
532 2073 615 2159 quod
639 2075 784 2142 omnibus
807 2075 949 2142 consiliis
977 2082 1010 2142 et
1033 2075 1168 2142 deeratis
1189 2075 1328 2142 maxime
1350 2082 1482 2143 aautum

304 2196 368 2275 eet,
397 2189 609 2258 consecrando
638 2195 670 2257 et
698 2189 913 2257 ooniirmando
942 2190 1076 2258 eundern
1111 2190 1224 2257 eiromt
1250 2191 1481 2277 episcopatum.

303 2305 394 2384 Quod
416 2305 555 2372 maxime
579 2305 617 2372 ob
641 2306 702 2373 hoo
722 2305 935 2392 periculosum
958 2311 1016 2391 est,
1040 2305 1125 2392 quod
1143 2326 1221 2388 gens
1235 2306 1293 2372 illa
1306 2307 1483 2376 oatboliaae

303 2419 378 2491 fidei
406 2421 530 2489 novella
561 2428 609 2489 est
636 2421 792 2509 plantatio
821 2428 854 2489 et
875 2422 1016 2490 nondum
1048 2421 1191 2489 radicata
1220 2428 1253 2489 et
1279 2422 1414 2491 fundata
1445 2424 1483 2491 in

304 2537 553 2621 christianism03
578 2543 610 2605 et
623 2538 716 2605 faoile
731 2538 772 2605 ad
787 2538 952 2623 antonum
966 2538 1146 2625 paganismi
1160 2538 1315 2607 revolabit
1328 2558 1482 2624 errorem,

304 2654 334 2721 si
371 2654 455 2721 inter
490 2660 634 2740 pastores
670 2672 744 2721 suos
782 2659 905 2723 antam
939 2655 1055 2723 viderit
1087 2655 1204 2721 durare
1239 2654 1481 2723 dissensionem

304 2768 503 2856 Quapropter
525 2789 583 2855 ego
613 2775 646 2837 et
668 2789 776 2837 omnes
804 2770 920 2837 babes
946 2770 1026 2853 mei,
1052 2770 1194 2854 uestigiis
1216 2775 1341 2837 vestrm
1361 2772 1483 2839 emoti·

304 2886 379 2953 tatis
402 2884 505 2971 affusi,
528 2904 656 2953 oramus
679 2890 711 2951 et
733 2884 951 2953 obsecramusb
969 2932 1066 2951 .....

303 3066 305 3071 .
395 3050 469 3067 .....
486 3002 626 3087 primurn
642 3000 794 3069 eeclesiae
806 3002 944 3069 rationes
958 3020 1019 3069 neo
1029 3021 1093 3069 non
1107 3000 1240 3085 maligni
1250 3000 1344 3068 huius
1357 3007 1484 3089 tompo-

304 3118 349 3185 ris
360 3117 801 3202 inelamareinportuuitates.
825 3116 990 3185 Habebam
1002 3136 1126 3202 quoque
1136 3117 1176 3185 de
1187 3116 1374 3201 quibusdam
1386 3138 1485 3201 agere

305 3232 466 3301 vobisonm
487 3233 558 3319 ipse
581 3250 748 3318 praeseus,
772 3252 854 3317 quae
880 3252 940 3299 neo
965 3232 1081 3301 litteris
1109 3234 1252 3299 intexere
1278 3251 1338 3299 neo
1363 3236 1483 3301 nuncio

304 3348 400 3416 etiam
423 3347 520 3415 alioui
542 3346 725 3415 fidelissimo
748 3347 848 3415 habeo
871 3349 1006 3434 aperire.
1084 3348 1283 3435 Quapropter
1296 3353 1484 3435 praesentes

304 3464 420 3531 fratres
443 3482 516 3529 oum
537 3462 654 3531 litteris
677 3483 767 3529 meae
789 3464 1002 3533 exemationis
1025 3464 1066 3531 ad
1088 3482 1145 3531 ros
1166 3464 1285 3547 dirigm
1314 3465 1368 3550 qui
1390 3465 1484 3533 vobis

305 3583 490 3663 suggerant:
516 3578 599 3665 quod
623 3579 663 3645 ad
686 3598 741 3646 ros
763 3598 828 3645 non
850 3580 938 3663 veni,
964 3599 1030 3647 non
1052 3600 1122 3647 esso
1142 3580 1332 3647 amarioris
1352 3580 1410 3647 sed
1431 3581 1484 3647 in·

303 3694 463 3763 evitabilis
485 3700 519 3763 et
540 3714 707 3781 supremae
729 3695 937 3762 neoersitatis.
969 3694 1102 3761 Noverit
1122 3701 1230 3763 autem
1244 3701 1354 3763 sanata
1375 3701 1485 3781 pater-

305 3811 389 3877 nitas
412 3816 535 3895 vestra‚
564 3810 647 3895 quod
674 3829 737 3877 non
768 3814 817 3877 est
838 3808 931 3877 homo
954 3809 989 3876 in
1010 3814 1097 3877 terra
1118 3810 1282 3878 merobis
1304 3810 1428 3878 fidelior
1449 3818 1486 3879 et

306 3926 347 3993 ad
375 3946 468 3993 omne
501 3928 704 4013 praeceptum
740 3930 880 3991 vestrum
911 3924 1107 4011 implendum
1141 3926 1291 4003 devotior.
1331 3925 1398 3993 Neo
1426 3927 1485 3993 ad-

374 4119 396 4152 a.
419 4103 496 4151 orraV.
558 4102 582 4149 b.
605 4101 713 4163 seqnitur
724 4101 833 4149 continuo
848 4101 875 4149 in
890 4101 955 4148 codd.
967 4100 1034 4160 (Vs)
1051 4101 1149 4164 primum
1160 4104 1270 4151 eeclesiae
1281 4106 1338 4161 cst.;
1353 4102 1395 4151 aad
1410 4118 1483 4165 φαιο-

308 4180 362 4231 dom
378 4182 416 4231 bio
431 4180 552 4238 excidisse,
569 4180 616 4229 sola
633 4180 726 4228 alarius
741 4188 781 4229 est.
809 4180 890 4234 Quare
899 4187 992 4242 puncta
1007 4180 1143 4242 iatarposad

380 4314 404 4369 1.
423 4312 465 4369 cf.
479 4312 603 4382 Gregorii
613 4312 666 4369 VII
684 4326 849 4381 responsum
866 4311 911 4367 die
924 4312 959 4367 18
969 4312 1050 4367 biart
1063 4313 1134 4369 1074
1151 4310 1254 4382 datum,
1272 4312 1421 4383 Recital
1438 4314 1483 4383 60,

306 4414 391 4470 supra
408 4401 441 4457 T.
454 4400 480 4456 11
500 4402 543 4455 78.
633 4402 660 4455 2.
679 4398 815 4457 Iohannes
832 4415 877 4471 ep.
888 4400 1077 4457 Morarieuais.
