3142 4850
326 294 393 359 eto
574 313 697 363 neotus
720 315 800 363 vcra
824 270 980 363 erroris.
1016 315 1081 365 cm.
1098 314 1137 363 111
1161 310 1201 363 to.
1216 309 1248 361 1⁷

236 483 306 539 nat
325 468 429 537 adbuc
450 469 629 537 brevissimi
652 473 793 557 spacium
812 472 958 556 colloquii
977 473 1023 539 eis
1038 471 1209 555 indulgeat
1243 470 1365 537 Annuit
1384 472 1479 537 statim

323 583 432 669 presul
453 584 632 670 piissimum
659 585 803 671 stolaque
826 587 983 671 deposita,
1006 586 1131 653 resedit
1222 585 1382 671 Principes
1404 606 1478 669 ergo,

324 698 443 765 relictis
466 701 501 765 iu
515 702 608 768 domo
631 701 856 784 sacerdotibus,
880 702 1008 786 egressi,
1034 701 1240 769 unanimiter·
1258 698 1349 767 fidem
1366 698 1480 781 Christi,

324 814 478 881 abdicatis
493 816 649 901 ydolatrie
663 816 820 899 sordibus,
836 823 1031 903 receperunt
1055 814 1482 901 PrimusqueWiutecbaebue,

323 927 540 997 nobilissimus
563 951 688 1015 eorum,
713 932 753 997 ad
776 950 902 1000 servum
925 930 985 998 Dei
1008 932 1185 1015 ingressus,
1207 931 1289 997 hauc
1312 948 1370 1015 pro
1393 930 1483 995 omni-

324 1042 382 1109 bus
411 1044 500 1110 dedit
525 1046 698 1113 rationem:
731 1049 819 1133 Epo,
855 1060 946 1132 pater
974 1048 1172 1126 deuorando,
1210 1070 1280 1111 mm
1306 1045 1483 1131 mammilio

323 1158 406 1225 deae
433 1160 536 1225 meam
562 1164 739 1247 repentibus
766 1164 837 1229 Deo
866 1160 1046 1247 aspirasset
1075 1164 1153 1248 pori
1178 1174 1248 1227 coto
1278 1164 1312 1227 tn
1340 1162 1398 1227 boe
1418 1182 1483 1225 eos·

323 1276 480 1341 amimae:
508 1290 543 1341 at
569 1278 739 1363 camilepos
767 1280 843 1343 istoc
873 1280 1061 1357 sacerdotes,
1094 1280 1233 1343 omnium
1260 1276 1416 1341 amtor-rem
1440 1278 1484 1339 in-

324 1401 476 1469 cestoree,
506 1391 598 1477 leape
620 1417 641 1457 o
663 1395 805 1459 taminia
832 1396 948 1459 cestrie
975 1393 1183 1471 eliminemus,
1214 1404 1301 1476 teque
1329 1393 1486 1457 &certet

320 1516 534 1588 preceptorem
562 1510 599 1571 ia
621 1512 707 1573 aiom
728 1508 839 1573 eulatie
868 1520 968 1573 etcum
995 1510 1092 1573 auida
1112 1520 1212 1573 meate
1234 1528 1413 1591 eequomar.
1450 1503 1486 1569 Et

323 1637 494 1686 conversus
517 1620 669 1704 adeum,
700 1622 755 1706 qui
783 1621 872 1707 prius
896 1623 1000 1689 inerat
1021 1621 1160 1703 locutus,
1190 1620 1406 1701 sacerdotem,
1434 1619 1485 1683 ait:

326 1734 354 1799 O
376 1738 472 1800 mmor
494 1748 523 1801 et
543 1738 743 1817 miserabilis,
768 1740 848 1823 qaid
870 1739 966 1803 miott
987 1740 1036 1803 dii
1058 1741 1106 1804 tui
1125 1736 1325 1822 protuerunt,
1359 1735 1487 1814 eumin

324 1852 486 1915 armenta
514 1854 706 1936 conopeditae
735 1856 894 1933 melodia,
928 1856 1037 1919 mortis
1066 1854 1248 1917 sententiam
1276 1853 1344 1915 ium
1373 1852 1486 1933 iubaque

296 1944 523 2051 prestolare,
547 1969 641 2032 coeiie
664 1970 739 2032 meis
761 1968 887 2053 pridem
910 1968 1074 2033 credeliter
1096 1966 1316 2050 omnipotentie,
1343 1966 1402 2030 ubi
1422 1966 1487 2029 uiri·

324 2080 429 2145 bilder
450 2082 613 2146 dominum
636 2094 665 2147 et
685 2094 811 2167 potem
832 2104 933 2148 meum
958 2082 1100 2149 Ottoaem
1123 2107 1143 2146 a
1166 2081 1300 2147 vinealia
1322 2102 1376 2145 rrae
1394 2077 1486 2145 cirol-

324 2216 395 2259 cere
422 2207 452 2260 et
472 2196 646 2260 deciderem
672 2197 811 2263 libertati
839 2199 969 2263 reddere
1001 2197 1131 2283 cepeoii
1170 2196 1285 2261 Nereae
1311 2195 1426 2259 emelim
1452 2205 1487 2257 ert

324 2309 422 2373 mista·
443 2308 514 2373 Deo
536 2313 607 2374 uiuo
636 2322 665 2375 et
686 2328 760 2376 aero
781 2310 947 2379 liberatori
971 2334 1038 2378 meo
1060 2315 1195 2390 sarire,
1224 2330 1320 2395 quom
1351 2310 1488 2395 lipcieet

328 2422 487 2509 lapidibus
520 2426 586 2490 cito
613 2447 766 2510 cessaque
793 2429 988 2494 carentibus?
1031 2427 1082 2492 Ta
1109 2449 1182 2512 erpo
1212 2447 1282 2491 cum
1310 2429 1376 2491 tuin
1404 2443 1488 2510 pepe

327 2559 388 2624 qao
409 2539 562 2615 ooleaerrb3
586 2550 631 2605 et‘
647 2563 731 2620 eoae,
754 2563 794 2606 ae
816 2544 953 2627 auapliuc
976 2545 1011 2608 ia
1025 2543 1146 2625 ficubus
1162 2545 1278 2608 nostrie
1301 2561 1487 2627 compareas

327 2653 429 2735 Quae,
454 2655 580 2720 domimo
608 2669 715 2723 amoro
741 2658 808 2723 Ieea
832 2657 953 2724 Christo
975 2670 1242 2743 repaonteeaper
1264 2679 1340 2736 moe,
1369 2677 1432 2722 coa
1452 2665 1489 2718 ert

326 2769 385 2834 tibi
417 2781 447 2834 et
478 2770 656 2835 drachmae
689 2776 752 2838 tuae
786 2773 872 2838 Ζοσιω
907 2776 941 2837 iu
969 2774 1018 2837 bic
1045 2771 1235 2858 reprendas.
1280 2769 1349 2847 Quo
1382 2769 1488 2847 audito,

325 2883 429 2948 cuncti
463 2883 643 2951 sacerdotes
668 2885 834 2970 ydolorum
864 2887 933 2952 siue
966 2899 1055 2950 mora
1082 2890 1246 2967 surgentes
1274 2884 1399 2970 pernici
1424 2883 1490 2965 iuga

324 2995 426 3082 elapsi
459 3003 549 3081 suut,
583 2999 629 3064 ita
662 3007 699 3065 ut
729 3000 835 3067 nullus
869 3021 976 3068 eorum
1013 2998 1161 3084 deinceps
1194 2999 1239 3066 ibi
1271 2997 1488 3084 comparuerit.

324 3111 467 3178 Antiates
491 3117 597 3180 autem
618 3113 764 3199 Domini,
795 3137 890 3202 snper
917 3115 977 3182 hoc
1004 3113 1133 3180 intimes
1156 3114 1224 3180 Deo
1252 3113 1374 3196 gratier
1398 3111 1490 3180 exsol-

324 3245 413 3310 vens,
434 3226 598 3293 confestim
622 3227 754 3296 delubra
775 3230 941 3316 ydolorum
964 3251 1033 3298 cum
1059 3231 1125 3298 suis
1148 3229 1309 3296 destruere
1332 3230 1429 3314 cepit.

416 3343 467 3406 17.
512 3341 635 3410 Deinde
664 3365 733 3428 eos,
762 3346 818 3430 qui
841 3367 861 3412 a
887 3346 949 3414 fide
978 3349 1250 3436 apostataverant,
1280 3343 1490 3410 benedictione

325 3456 441 3522 sacrati
463 3457 559 3524 fontis
582 3463 615 3524 et
637 3477 789 3527 manuum
812 3461 1014 3546 impositione
1039 3459 1226 3546 purificans,
1249 3457 1375 3524 vivifice
1398 3455 1490 3525 cmcis

325 3570 441 3636 vexillo
472 3576 504 3638 et
530 3573 682 3638 orationis
704 3577 821 3642 virtute
844 3575 1002 3643 katholico
1023 3576 1119 3642 matri
1145 3593 1216 3641 cum
1246 3573 1363 3656 gaudio
1391 3591 1491 3639 recon-

325 3685 461 3767 ciliarit3
485 3686 556 3752 aliis
579 3708 652 3753 vero
675 3689 826 3775 baptismi
848 3691 984 3774 gratiam
1007 3697 1039 3758 ot
1060 3689 1133 3757 fidei
1153 3693 1353 3756 sacramenta
1375 3693 1491 3754 cenna·

317 3800 415 3866 didit
451 3799 524 3884 Sed,
548 3807 585 3867 nt
605 3804 759 3889 scriptum
782 3812 845 3872 est:
870 3808 1067 3893 [aquirentes
1082 3807 1259 3872 Dominam
1279 3827 1344 3870 noa
1359 3804 1492 3887 dejiciat

326 3919 413 3981 omni
433 3915 514 3982 dono
524 3911 543 3997 ¹,
566 3917 759 4002 predicatori
781 3921 935 4006 veniatis,
957 3922 992 3987 in
1015 3940 1110 4007 opere
1131 3919 1193 3986 Dei
1215 3917 1385 4001 laboranti,
1408 3916 1492 3982 solite

324 4028 529 4111 benignitatis
571 4031 819 4100 munificentiam
862 4035 1018 4102 Dominus
1064 4033 1213 4102 exbibete
1251 4032 1403 4116 digestim
1438 4035 1491 4098 ert

324 4141 503 4210 Piscatores
538 4145 622 4212 euim
651 4146 877 4217 Stetinensium
919 4148 1115 4236 autumpnali
1149 4153 1309 4233 tempore,
1344 4167 1408 4233 quo
1439 4145 1490 4211 bec

396 4333 418 4365 a
444 4317 481 4381 df.
496 4334 571 4382 repro
589 4337 613 4383 p.
626 4323 674 4372 ⁶¹⁷3
689 4337 744 4372 ma.
837 4327 860 4374 b.
883 4327 1010 4387 inspirante
1030 4339 1092 4373 corr.
1108 4325 1134 4372 ia
1149 4325 1266 4385 aspirante
1284 4321 1314 4378 0,
1334 4323 1450 4382 nplnntt
1463 4319 1489 4366 E
1557 4343 1558 4388 3

326 4409 347 4442 c.
370 4399 394 4442 et
408 4399 434 4443 et
451 4396 475 4444 O.
914 4403 1115 4472 1.Ps.3t3,11.
