3142 4850
352 340 475 390 neonus
498 341 578 390 rius
601 339 759 390 cunonis.
795 343 860 390 nm.
876 342 916 390 nr
940 340 981 390 ιι.
996 337 1028 390 rn
1209 323 1276 389 665

102 505 139 568 ut
168 519 248 586 pene
276 499 381 571 lucem
403 500 467 568 disi
495 504 578 568 tetre
605 499 740 584 caligine
762 499 917 568 obducere
938 500 1137 582 riderentur;
1166 499 1223 568 sed
1245 505 1278 568 et
1296 515 1364 570 1127

101 615 209 682 oculos
233 615 372 684 ellubie
395 615 613 682 universorum
635 616 735 684 nimis
756 617 996 702 importunitate
1018 622 1185 698 vexantes,
1212 633 1276 683 nou

102 751 236 818 pervum
259 731 421 798 horrorem
450 730 675 816 aspicientibus
705 731 900 814 ingerebant
944 730 1007 798 Sed
1036 752 1108 798 cum
1131 731 1277 798 violentis

102 867 254 914 munuum
277 846 531 932 percussionibus
555 846 765 930 abigerentur,
789 846 1011 914 nichilominus
1033 852 1141 914 umen
1154 847 1277 914 diucius

102 961 309 1044 insistebant3
333 961 432 1028 donec
453 961 598 1030 fidelibus
620 961 730 1032 lnudm
751 961 814 1028 Dei
836 963 1097 1048 concrepantibus
1114 963 1278 1048 crucisque

102 1076 254 1143 vexillum
287 1077 596 1160 circumferentibus,
627 1077 764 1144 inuisum
799 1082 992 1161 monstrum,
1025 1078 1127 1164 portis
1158 1078 1277 1163 apertis

102 1191 249 1275 evolans,
279 1197 398 1262 terrem
428 1191 632 1260 barbarorum
659 1193 713 1277 qni
736 1177 890 1260 Rdtbeni¹
912 1192 1059 1260 dicrmtur
1081 1193 1203 1279 pernici
1225 1213 1278 1260 ue-

101 1306 232 1374 locitate
254 1309 358 1392 peciit
450 1308 541 1376 Unde
563 1313 746 1376 cunctorum
771 1308 952 1395 sapientum
974 1308 1091 1376 iudicio
1113 1307 1276 1376 delinitum

103 1429 167 1506 est,
199 1443 262 1488 non
285 1422 372 1490 uliud
399 1423 458 1490 hoc
486 1424 625 1510 portenti
654 1443 753 1506 genus
781 1424 844 1490 nisi
867 1423 1036 1490 demonum
1058 1423 1277 1510 expulsionem

103 1557 290 1624 presagum,
322 1535 484 1622 [quorum
508 1539 656 1624 princeps
680 1544 748 1605 erut
769 1535 977 1626 Beelzebup²‚
1006 1539 1039 1606 id
1067 1546 1116 1606 cst
1138 1540 1187 1606 uir
1209 1559 1278 1606 mu·

103 1651 264 1738 ecorum];
293 1654 378 1740 qui„
392 1654 556 1728 christiani
577 1653 714 1722 nominis
737 1653 977 1722 choruscantem
1005 1675 1061 1742 per
1084 1673 1182 1722 nouos
1204 1653 1277 1722 doc

103 1775 190 1836 tores
212 1769 347 1852 nouam
370 1789 434 1836 non
456 1770 608 1853 ferentes,
635 1775 751 1853 uegeta
772 1769 834 1836 sibi
855 1770 890 1836 in
911 1770 963 1836 bis
984 1771 1165 1854 regionibus
1186 1791 1278 1840 men·

103 1885 205 1968 sione,
227 1869 399 1970 Rfitbenos,
423 1885 524 1952 adhue
547 1884 699 1972 paganico
722 1905 846 1952 errrore
868 1886 1018 1969 irretitos,
1041 1886 1156 1953 ndiere.

198 2002 248 2065 12.
284 1999 360 2068 Pius
391 2002 497 2085 tuque
526 2001 721 2087 predicator,
750 2001 918 2068 destructis
940 2001 1106 2086 ydolorum
1133 2003 1217 2070 funis
1246 2009 1280 2072 et

104 2115 222 2202 populo
259 2135 348 2183 sucre
376 2117 623 2199 regenerationis
650 2116 776 2184 lavucro
809 2118 842 2183 in
871 2118 976 2184 sinum
1010 2117 1122 2184 metris
1149 2118 1279 2186 ecclesie

104 2237 311 2316 congregato,
350 2253 464 2300 novem
499 2232 624 2298 Christo
659 2231 805 2300 edificare
837 2233 922 2320 cepit
953 2231 1125 2300 basilicum.
1227 2233 1279 2300 Ad

104 2348 195 2414 cuius
218 2347 446 2416 dedicationem
470 2368 542 2416 cum
570 2347 632 2415 loci
656 2348 796 2416 eiusdem
825 2347 973 2437 princeps
995 2348 1129 2416 lllizlum
1151 2350 1280 2418 nomine

103 2465 255 2548 uenisset,
279 2467 333 2550 qui
355 2465 475 2531 dudum
497 2482 569 2533 cum
592 2464 663 2533 eliis
687 2465 878 2551 primoribus
900 2466 942 2533 ud
956 2465 1075 2533 curiule
1087 2464 1279 2551 colloquium

104 2582 140 2647 in
164 2581 365 2667 penthecoste
380 2580 515 2647 Uznoim
538 2580 680 2648 hobitum
703 2580 904 2667 bsptismatis
923 2582 1060 2664 gretiam
1084 2588 1278 2669 perceperet,

103 2697 156 2763 bis
179 2716 251 2763 enm
274 2696 384 2765 boetus
406 2697 549 2783 ponutsx
572 2698 676 2765 verbis
699 2718 756 2784 per
777 2699 983 2785 interpretem
1010 2716 1102 2763 suurn
1124 2696 1278 2765 Adnlber·

103 2818 186 2896 tum,
211 2817 321 2899 postes
335 2813 528 2899 episcopum,
553 2812 707 2881 allocutum
731 2820 794 2881 est:
818 2816 888 2881 Fili
909 2816 1083 2895 brienne,
1109 2836 1201 2900 quem
1222 2838 1278 2901 eqo

105 2928 228 2997 Cluieto
253 2932 379 2995 domino
401 2931 672 3017 pereunctantium
692 2934 799 3017 penui,
823 2933 979 2997 dedicatio
1002 2931 1057 2995 dee
1072 2933 1206 2995 murier
1227 2935 1278 2997 in·

104 3048 252 3113 terionem
279 3049 327 3111 tui
354 3048 457 3111 cordis
486 3048 713 3113 dedicationem
736 3047 890 3132 futurum
916 3047 1080 3133 eipnificnt.
1124 3045 1175 3111 Tu
1197 3050 1280 3112 enim

105 3184 139 3228 ee
165 3162 316 3247 templmn
335 3162 417 3241 Dei,
448 3164 504 3229 nbi
525 3161 665 3229 Cdnuietne
692 3186 751 3249 per·
770 3164 870 3247 fidem
896 3164 1074 3229 indebitare
1095 3156 1279 3249 dipnctnr⁸3

105 3290 136 3343 et
158 3280 188 3343 ei
201 3279 329 3343 ᾱοιιιιιιιι
343 3280 447 3343 cordis
471 3282 519 3344 tei
531 3282 577 3345 eie
594 3302 707 3345 emtore
721 3280 868 3360 colueris,
890 3291 927 3345 ut
940 3279 1023 3360 Deo,
1048 3282 1105 3365 qui
1122 3282 1281 3366 inspector

105 3397 174 3461 eius
198 3406 256 3473 eet,
281 3396 404 3459 mansio
426 3394 646 3479 displaceat,
671 3418 741 3459 cum
762 3397 883 3480 quudio
909 3396 1175 3482 spiritualitate
1197 3409 1279 3463 ente

104 3514 224 3577 sionem
245 3532 395 3597 perrepere
417 3522 525 3597 potero
542 3512 777 3577 dedicationem.
817 3510 887 3595 Qui,
910 3517 1117 3597 compunctus
1131 3510 1180 3577 his
1196 3510 1280 3579 beuti

105 3626 209 3713 patris
237 3632 270 3693 et
296 3624 431 3711 apostoli
453 3626 502 3691 sui
525 3624 646 3709 verbis,
674 3624 770 3693 tlebili
792 3645 870 3693 uoce
897 3626 1076 3713 respondit:
1106 3627 1194 3710 Quid
1219 3651 1278 3709 nse,

103 3757 199 3832 puter
222 3756 343 3823 ennete,
375 3746 422 3807 uie
453 3766 559 3829 apere,
588 3754 624 3809 ret
645 3742 734 3809 Deus
758 3744 886 3807 domum
910 3747 1046 3829 pretorio
1068 3746 1132 3809 mei
1150 3746 1281 3810 os'eiture

106 3859 274 3947 dipnetnr?
302 3856 346 3923 At
368 3856 437 3924 ille:
463 3858 533 3923 Hoc
548 3871 592 3925 eet
607 3858 652 3923 ait
667 3861 752 3945 quod
766 3880 892 3924 moneo:
916 3873 951 3925 ut
965 3872 1080 3925 secreto
1096 3862 1281 3926 conscientie

106 3989 158 4043 tue
181 3977 329 4042 scruteris
353 3988 398 4055 et,
429 3977 459 4041 ei
486 3977 539 4041 cni
566 3974 692 4060 aliquid
717 3998 776 4061 per
800 3974 979 4041 uiolentiam
1004 3977 1158 4061 rapuisti,
1186 3979 1281 4063 dipne

105 4095 272 4168 restituam
294 4094 324 4155 ei
346 4112 423 4176 qnos
446 4112 543 4155 cansa
562 4094 696 4177 pecunie
718 4094 897 4177 captivasti,
919 4113 980 4176 pro
1003 4092 1120 4156 bonore
1136 4091 1203 4157 Dei
1223 4093 1280 4157 ab·

106 4209 222 4275 soloas.
258 4206 338 4271 Tum
361 4205 430 4271 ille:
459 4206 591 4272 Nemini
617 4206 721 4291 inquit
746 4208 928 4273 violentiam
956 4208 1099 4284 echidni3
1126 4208 1181 4272 sed
1202 4228 1280 4294 cap-

181 4370 202 4403 s.
226 4370 321 4417 quorum
337 4378 359 4389 -
373 4369 500 4403 mmmmm
511 4355 570 4413 cut
581 4357 610 4403 Ε.

44 4514 46 4519 ,
181 4453 206 4505 1.
224 4451 329 4507 incesse
346 4450 453 4521 uuum
469 4452 586 4508 imre.
666 4453 693 4507 n.
711 4448 753 4507 or.
766 4450 973 4523 meumes.
1047 4449 1279 4521 e.ncor.e,1e.
