3142 4850
309 294 375 358 760
579 310 759 357 messorem
781 306 963 357 nanuoooe.
1000 310 1064 356 ura.
1082 308 1108 355 rr
1134 306 1174 357 ιτ.
1190 306 1221 357 re

223 486 291 542 1124
309 470 408 537 milia.
476 468 595 537 Videns
611 475 717 535 antem
733 468 911 555 episeopus,
936 468 1010 553 quio
1029 468 1142 535 messis
1160 464 1275 535 multa'
1299 473 1330 535 et
1353 470 1428 554 quis
1447 476 1476 535 et

234 562 283 608 ¹⁸¹¹·
310 586 381 653 aliis
404 585 585 652 civitatibus
609 587 787 671 oporteret·
811 604 883 649 eum
907 584 1125 668 euangelizare
1151 604 1280 669 regnum
1305 583 1380 667 Dei,
1408 604 1477 649 cunr

309 702 384 769 inde
407 720 611 787 processurus
634 704 733 783 esset,
757 704 870 766 vocata
891 701 1056 785 concione,
1080 701 1140 767 hoo
1162 720 1305 768 sermone
1327 698 1477 767 allocutus

310 823 359 885 est
381 815 556 901 ecclesiam,
579 815 736 883 novellam
760 815 987 903 plantationem
1012 835 1117 882 suam:

401 925 453 989 18.
489 940 620 1005 „l'ratres,
642 938 739 991 emulor
761 956 806 990 ros
824 938 873 989 Dei
897 939 1073 991 emulatione&
1101 939 1154 989 Vos
1177 939 1243 990 enirn
1267 954 1367 999 omnes,
1389 938 1433 1004 qui
1455 940 1479 989 in

309 1028 493 1097 presentiarum
511 1028 544 1080 sd
561 1045 602 1079 me
620 1028 773 1080 audiendum
792 1028 944 1079 convenistis
962 1037 988 1079 et
1005 1046 1046 1081 me
1065 1028 1172 1081 docento
1184 1026 1282 1078 Christo
1300 1025 1442 1077 credidistis
1455 1034 1480 1075 et

309 1117 438 1169 christiani
456 1117 517 1168 facti
534 1117 604 1178 estis,
623 1135 674 1168 uns
692 1118 717 1167 in
729 1116 837 1169 Domino
856 1116 962 1167 ecclesis
980 1118 1041 1168 estis
1061 1116 1207 1183 desponsati
1225 1113 1362 1182 perfidem
1381 1114 1480 1165 domino

310 1223 366 1258 meo
384 1206 442 1257 Iesu
461 1205 567 1257 Christo.
600 1205 658 1257 Uns
676 1207 777 1272 inquam
796 1222 840 1257 ros
858 1222 944 1256 omnes
963 1204 1070 1256 ecclesia
1088 1205 1162 1265 estis,
1184 1221 1236 1255 una
1254 1211 1279 1255 et
1296 1203 1370 1254 unica
1389 1220 1480 1269 sponsa

310 1294 403 1346 domini
421 1294 470 1344 mei
488 1294 545 1344 Iesu
558 1292 658 1355 Christi,
677 1294 735 1359 quia
751 1290 888 1344 universali
899 1292 1005 1344 ecclesie
1024 1310 1070 1360 per
1081 1292 1157 1343 fidem
1170 1292 1320 1359 incorporati
1333 1292 1403 1342 estis.
1430 1290 1480 1342 sed

310 1383 370 1449 qais
392 1400 442 1449 ego
464 1399 510 1448 per
533 1382 587 1432 eius
610 1383 717 1448 gratiam
739 1381 814 1432 buius
833 1388 916 1432 vestro
937 1381 1139 1447 desponsationis
1163 1388 1250 1431 auctor
1267 1396 1323 1431 esse
1342 1378 1430 1431 ridoor
1450 1408 1477 1416 -

310 1489 368 1523 nam
391 1488 439 1536 ego
463 1470 486 1521 ei
510 1470 553 1520 nni
571 1470 624 1521 viro
643 1470 767 1537 despondi
785 1487 830 1521 ros
848 1470 970 1535 virginem
988 1479 1083 1521 costum
1101 1469 1220 1520 exhibere
1239 1467 1353 1519 Christo⁸
1373 1498 1405 1505 —-
1424 1468 1480 1517 binc

310 1569 358 1620 est,
377 1559 443 1625 quod
462 1558 557 1609 emulor
574 1576 627 1620 ros,
649 1567 803 1609 nontamen
822 1559 942 1625 qualibet,
961 1560 1008 1611 aed
1025 1558 1074 1609 Dei
1092 1557 1251 1609 emulatione.
1287 1556 1353 1607 liam
1372 1566 1400 1607 et
1416 1554 1480 1607 mels

310 1647 428 1699 emulatio
446 1664 504 1698 esse
521 1655 606 1713 potest
623 1648 693 1697 iuxta
711 1646 773 1698 illud
791 1647 900 1713 apostoli
918 1658 976 1699 sunt
994 1646 1108 1713 quidam,
1132 1646 1174 1712 qui
1195 1644 1350 1711 „emulantur
1369 1662 1414 1697 ros
1432 1662 1479 1695 non

310 1735 419 1787 bene“⁴.
449 1734 562 1786 Emulari
579 1743 664 1787 autent
681 1744 721 1787 est
738 1734 804 1787 velle
822 1736 962 1801 indignari,
986 1736 1047 1787 licet
1063 1752 1110 1803 pro
1129 1735 1220 1787 imitari
1238 1750 1417 1799 nonnunquam
1434 1750 1478 1799 po·

310 1823 386 1874 sitnm
403 1823 553 1886 inveniatur,
571 1832 599 1875 nt
617 1832 657 1875 est
678 1823 837 1888 „emulamini
854 1824 988 1875 carismata
1004 1823 1150 1875 meliora“⁵.
1179 1822 1242 1875 Volo
1260 1830 1345 1873 sutem
1358 1822 1429 1873 robis
1441 1822 1478 1871 in-

311 1912 410 1977 dignari
433 1922 459 1964 et
481 1921 584 1979 paratus
602 1913 673 1964 robis
692 1929 746 1963 sum
765 1912 903 1977 indignari,
927 1912 994 1977 quod
1013 1912 1110 1979 pridem
1128 1912 1192 1973 dixi,
1215 1910 1310 1962 emulor
1328 1927 1382 1962 ros.
1418 1910 1479 1971 Quis

311 2001 366 2052 siue
383 2001 485 2052 tristitia
503 2008 529 2051 et
546 2000 720 2066 indignatione
737 2000 804 2051 ferre
823 2016 873 2051 non
891 2016 994 2066 possum
1012 2016 1059 2051 nec
1077 2009 1179 2067 potero,
1201 1996 1248 2061 sil,
1266 1998 1334 2064 quod
1351 1999 1431 2061 absit,
1448 1998 1479 2050 sd

310 2089 426 2141 iniudsm
444 2087 538 2141 domini
555 2089 605 2140 mei
622 2089 679 2140 lesu
699 2088 805 2150 Christi,
824 2088 863 2139 cui
882 2104 928 2154 per
946 2088 1022 2139 tidem
1040 2104 1084 2140 ros
1103 2088 1236 2155 despondi,
1254 2104 1308 2137 urm
1328 2086 1377 2139 diis
1395 2087 1480 2139 olienis

311 2195 355 2229 ros
373 2177 456 2229 denuo
474 2178 644 2228 contaminare
663 2175 798 2229 volueritis.
829 2176 884 2229 Hoc
902 2176 969 2228 enim
987 2184 1027 2227 est
1044 2176 1214 2229 fornicationis
1232 2192 1322 2242 genus,
1340 2176 1409 2241 quod
1427 2194 1479 2227 ma·

309 2267 376 2317 xime
393 2273 497 2332 separat
514 2282 530 2314 a
547 2264 611 2316 Deo.
641 2265 752 2327 Fratres,
770 2264 903 2316 intendite.
931 2266 997 2316 Ecce
1016 2282 1102 2317 omnes
1120 2268 1145 2316 in
1165 2266 1263 2316 Christo
1281 2264 1405 2329 baptisati
1423 2266 1480 2317 estis

310 2363 337 2405 et
354 2370 440 2405 omnes
453 2353 578 2404 Christum
595 2352 744 2414 induistis⁰;
762 2352 921 2419 originalium
940 2364 966 2403 et
983 2354 1116 2405 actualium
1128 2362 1288 2419 peccatorum
1301 2352 1482 2419 indulgentium

310 2443 442 2510 accepistis
460 2442 492 2492 ab
511 2442 580 2508 ipso;
598 2443 686 2494 mundi
703 2444 765 2495 estis
783 2451 810 2495 et
828 2444 917 2504 saneti,
936 2459 986 2494 nou
1005 2460 1051 2509 per
1069 2459 1114 2493 nos
1133 2443 1179 2494 sed
1197 2459 1244 2509 per
1261 2458 1319 2492 eum
1331 2443 1482 2494 mundatior

310 2530 466 2592 sanctificati,
485 2530 544 2596 quie
561 2530 617 2597 ipse
634 2531 660 2582 in
679 2532 803 2598 sunguine
821 2548 867 2582 suo
885 2530 947 2581 lavit
964 2537 1070 2597 pecoeta
1081 2530 1193 2582 mundil.
1220 2529 1306 2582 Nolite
1318 2547 1381 2598 ergo
1394 2532 1483 2583 iterum

310 2620 441 2686 inquinare
459 2636 503 2671 ros
526 2619 623 2672 culture
646 2619 791 2686 ydolorum
815 2636 874 2670 nam
899 2618 946 2669 hcc
969 2627 1009 2669 est
1031 2618 1197 2682 inmundicia,
1221 2636 1271 2684 qua
1294 2621 1395 2672 omnino
1415 2621 1483 2671 Deus

310 2708 452 2769 offenditur,
471 2716 498 2758 et
515 2709 616 2774 penitus
635 2716 737 2774 separat
754 2726 770 2758 a
781 2707 852 2768 Deo;
870 2706 948 2758 nolite
967 2723 1011 2759 ros
1029 2709 1180 2774 prostituere
1198 2709 1386 2774 corruptoribus
1405 2720 1432 2761 ct
1443 2709 1482 2760 in-

309 2797 409 2849 mundis
434 2797 571 2864 spiritibus.
605 2794 658 2847 Soli
675 2795 731 2847 Deo
749 2795 855 2847 creatori
874 2803 972 2857 vestro,
990 2795 1052 2847 nulli
1070 2807 1154 2848 sutem
1172 2805 1286 2848 creature
1304 2796 1419 2849 ditinum
1436 2799 1482 2850 bo·

310 2903 396 2938 norem
418 2886 550 2945 exbibete3
574 2901 607 2935 ue
630 2883 770 2949 indignatio
795 2884 849 2935 eius
872 2892 899 2934 et
916 2883 984 2936 furor
1002 2885 1087 2937 ueniat
1105 2903 1181 2952 super
1198 2903 1251 2938 roe.
1287 2885 1341 2937 Sed
1359 2887 1442 2953 magis
1459 2887 1484 2938 iu

310 2975 361 3026 fide
385 2982 411 3026 et
434 2990 481 3040 spe
504 2980 531 3024 et
552 2973 657 3023 cecitate
674 2971 801 3038 proficite,
825 2980 853 3022 ut
870 2972 1013 3023 benedictio
1031 2973 1084 3024 eins
1103 2974 1187 3024 reniet
1205 2990 1282 3040 super
1300 2991 1345 3026 ros
1364 2983 1391 3026 et
1408 2991 1484 3041 super

218 3085 221 3088 ⁴
310 3062 375 3114 lilios
393 3071 490 3114 vestros
509 3070 536 3112 ct
552 3071 595 3123 nt,
618 3061 643 3111 ei
661 3060 794 3112 credentes
812 3071 839 3112 et
857 3059 933 3112 iidem
951 3061 1068 3128 operibus
1086 3071 1251 3124 exornantes,
1273 3062 1350 3113 ritsm
1368 3063 1483 3116 habeatis

310 3152 337 3202 in
354 3150 455 3202 nomina
472 3149 561 3216 ipsius,
579 3150 622 3215 qui
640 3149 673 3200 de
690 3149 802 3201 tenebris
821 3148 919 3200 vocarit
936 3166 980 3200 ros
994 3150 1020 3201 in
1032 3149 1180 3200 admirabile
1191 3149 1276 3202 lumen
1289 3153 1387 3204 snum⁸.
1417 3153 1483 3204 cerri

310 3238 378 3290 enim
395 3255 452 3289 esse
471 3246 498 3289 et
514 3235 661 3304 nullatenus
676 3237 792 3289 dubitare
811 3237 918 3299 debetis,
937 3237 1003 3303 quis,
1022 3239 1043 3288 si
1061 3237 1127 3289 hanc
1144 3238 1171 3289 in
1183 3255 1234 3305 qua
1245 3239 1322 3292 bodie
1333 3240 1413 3307 positi
1424 3241 1483 3293 estis

310 3327 480 3378 innocentium
504 3336 531 3378 et
554 3326 776 3378 sanctificationem
799 3326 877 3392 ipsius
901 3326 1024 3378 adiutorio
1047 3341 1148 3378 serrare
1171 3345 1251 3393 usque
1275 3329 1309 3379 sd
1330 3328 1410 3382 finem
1434 3332 1482 3382 rite

310 3423 394 3466 vestre
412 3415 566 3476 studueritis,
584 3431 635 3466 non
653 3415 733 3467 solum
750 3423 856 3466 mortem
874 3415 987 3467 evadetis
1005 3421 1118 3466 eternam
1133 3416 1267 3468 sedetiam
1278 3418 1401 3484 gaudium
1413 3420 1483 3486 regui

311 3503 411 3555 celestis
431 3502 594 3569 possidebitis
611 3502 638 3553 in
657 3511 778 3554 eternum.
815 3503 868 3554 Sed
886 3503 945 3568 quia
962 3502 1013 3554 vita
1030 3520 1136 3569 presens
1155 3505 1208 3555 sine
1227 3506 1338 3571 peccatis
1357 3507 1417 3559 duei
1434 3526 1483 3560 uon

310 3600 396 3658 potest
415 3621 445 3628 -
464 3591 532 3642 laets
550 3591 617 3642 enim
634 3599 661 3643 et
677 3590 811 3657 temptat-io
829 3599 868 3642 est
879 3591 931 3642 rite
949 3591 1055 3644 bominis
1073 3607 1150 3658 super
1161 3593 1270 3644 terrsm⁹
1282 3623 1312 3632 —
1327 3594 1481 3648 discessurus

311 3699 327 3732 a
344 3681 424 3742 robis,
442 3680 515 3732 trado
533 3679 613 3742 robis,
631 3696 680 3745 que
697 3679 792 3731 tradita
810 3690 868 3731 sunt
885 3680 957 3732 nobis
976 3680 1120 3744 sallentino,
1138 3698 1219 3732 arram
1238 3681 1298 3734 lidei
1312 3685 1401 3736 sancte
1419 3686 1483 3737 inter

310 3786 355 3820 ros
379 3778 405 3820 et
422 3768 518 3829 Deum
542 3778 639 3834 septem
657 3767 775 3818 videlicet
793 3777 949 3820 sacramento
967 3768 1086 3832 ecclesie,
1111 3770 1182 3835 qussi
1200 3779 1299 3836 septem
1316 3772 1483 3838 significstiru

311 3856 378 3909 done
396 3856 504 3923 Spiritus
527 3857 620 3917 sencti3
643 3857 733 3921 quibus
755 3857 850 3908 utendo
871 3857 898 3907 in
922 3857 1049 3908 laboribus
1073 3866 1100 3909 ct
1117 3859 1252 3910 certamine
1270 3858 1345 3912 huius
1363 3861 1415 3913 rite
1432 3879 1482 3913 non

310 3943 419 3996 delicere
442 3945 489 3996 sed
510 3944 632 4011 prolicere
655 3953 741 3996 restra
763 3944 844 4010 possit
866 3945 973 3997 ecclesia
993 3963 1102 4012 suosque
1120 3946 1234 3999 delectus
1252 3947 1364 4001 relicere.
1392 3949 1483 4002 Videte

310 4047 372 4100 ergo
384 4043 411 4084 st
423 4041 509 4084 tenete
521 4042 555 4095 et,
564 4041 594 4084 ut
601 4031 695 4096 sciatis,
704 4031 839 4099 diligenter
848 4041 993 4087 enumerate
998 4042 1017 4098 ⁰,
1027 4051 1076 4100 que
1085 4035 1206 4088 tradimus
1215 4035 1295 4100 robis,
1305 4034 1482 4090 discedentes*

383 4161 404 4194 s.
429 4152 521 4208 oportet
536 4149 612 4196 NBR.
680 4149 703 4196 b.
728 4149 769 4195 sod
786 4149 817 4206 Ν,
834 4150 854 4196 si
869 4149 921 4198 BR.
989 4165 1009 4197 c.
1033 4164 1164 4198 enumcrare
1181 4152 1211 4198 N.
1273 4153 1297 4200 d.
1319 4153 1434 4200 discsutm
1450 4154 1481 4200 n:

384 4235 408 4288 1.
427 4233 616 4303 aetuoso.
688 4235 713 4289 s.
733 4235 914 4304 seorsus.
985 4237 1010 4292 e.
1030 4235 1211 4306 scottus.
1283 4240 1309 4294 s.
1328 4237 1481 4308 ostent.

311 4321 338 4375 ὁ.
360 4320 450 4375 lcor.
463 4323 505 4391 12,
522 4323 566 4378 31.
655 4324 682 4378 6.
701 4321 801 4393 Gsl.3,
819 4323 862 4378 nt.
952 4325 977 4378 t.
996 4324 1084 4395 Apoc.
1096 4326 1120 4395 1,
1137 4325 1163 4380 5.
1252 4327 1480 4397 8.1Petr.2,9.

310 4407 336 4460 9.
355 4404 397 4462 (li.
409 4405 467 4462 Iob.
478 4409 503 4478 7,
517 4410 541 4464 1.
