3142 4850
314 284 379 351 752
582 304 762 351 annaeum
783 302 965 351 nmnocus.
1000 304 1065 351 ms.
1083 304 1108 349 11
1131 300 1219 351 e-re
1295 352 1299 361 ,

225 463 406 561 narsitem
430 462 611 544 eeclesiam,
635 463 675 528 ad
698 468 836 529 castrum
860 462 948 529 dneis
971 462 1109 529 Boemiei
1132 461 1216 545 qnod
1239 456 1411 527 llileciam¹
1433 460 1477 525 di·

234 550 288 596 llas.

249 3969 297 4014 lun.

313 584 403 659 cunt3
432 578 486 643 nbi
517 577 637 643 adnce
665 579 735 665 ipso
764 576 930 659 magnilica
953 582 1116 663 susceptus
1144 581 1177 643 et
1198 576 1289 643 donis
1312 576 1479 642 honoratus

314 699 371 759 est.
407 693 483 760 Inde
506 714 562 779 per
585 693 671 760 aliud
694 694 762 759 eius
785 698 922 760 castrum
946 689 1091 759 Burdan¹
1106 692 1233 759 nomine
1256 711 1355 776 usqne
1369 690 1480 757 Neme

314 804 412 875 ciam³
442 808 551 875 urbem
581 809 668 876 ducis
697 808 841 891 Pelonie;
878 814 972 893 atque
1000 807 1074 874 inde
1103 828 1160 893 per
1189 814 1253 874 tres
1283 808 1481 894 episcopatus

313 924 458 1007 Pelcnie,
481 923 731 991 Brczlawensem
754 923 901 991 videlieet
923 930 955 991 et
978 922 1204 991 Calissansem⁴
1227 929 1321 1009 atque
1344 922 1481 989 Pozena·

314 1060 443 1107 nensem
467 1040 629 1125 usquead
652 1040 956 1126 archiepiscopatum
980 1039 1197 1107 Gneznenaem
1221 1060 1291 1105 cnm
1315 1039 1481 1122 gandioet

313 1175 392 1241 pace
426 1156 572 1222 conducti
600 1176 724 1238 snmns3
760 1156 905 1222 omnibus
933 1154 998 1221 illis
1028 1155 1167 1223 eeclesiis
1195 1175 1258 1222 una
1285 1154 1482 1221 salutationis

314 1271 418 1336 forma
438 1271 599 1337 deminum
614 1292 718 1338 meum
735 1271 989 1357 suscipientibus,
1012 1271 1124 1337 festive
1139 1272 1258 1339 scilicet
1273 1270 1482 1357 processionis

315 1386 433 1452 honore
456 1387 691 1472 gaudentesque
714 1408 771 1474 per
793 1387 862 1454 loca
878 1387 1002 1472 singula
1018 1407 1079 1453 une
1095 1388 1266 1471 eodemque
1281 1386 1482 1453 exultationis

316 1506 420 1585 cautu,
444 1502 511 1569 cius
534 1505 697 1589 preposito
720 1503 911 1571 alludentes:
937 1504 1023 1570 Cinea
1046 1504 1260 1591 apostoloram
1283 1517 1311 1569 et
1326 1505 1484 1569 domestici

315 1619 382 1683 Dei
407 1621 599 1685 advenerant
627 1622 719 1686 lodie
747 1625 779 1685 et
808 1624 926 1703 cetera,
957 1640 1016 1704 que
1040 1618 1151 1685 inille
1177 1620 1379 1706 responsorio
1404 1624 1482 1699 sunl,

315 1733 428 1801 devote
453 1736 641 1801 cecinerunt

406 1852 436 1915 o.
471 1849 619 1917 Preterea
647 1850 711 1916 dux
740 1852 809 1935 ipse
838 1856 870 1917 et
897 1870 1004 1917 omnes
1029 1842 1196 1937 optimates
1220 1849 1368 1934 Polcnie,
1398 1852 1484 1936 qnasi

316 1966 458 2033 ducentis
487 1965 632 2052 passibus
661 1965 701 2032 ab
728 1965 806 2031 urbe
832 1964 963 2032 Gnezna
989 1966 1081 2033 nudis
1111 1966 1242 2053 pedibus
1271 1967 1484 2053 procedentes,

316 2102 386 2148 eum
402 2102 518 2165 magua
532 2087 712 2167 susceptum
729 2082 907 2148 reverentia
927 2082 1134 2168 principalem
1151 2102 1250 2167 nsque
1267 2083 1307 2149 ad
1323 2081 1484 2149 eeclesiam

316 2197 542 2263 conduxerunt
577 2196 652 2265 Dux
675 2216 759 2282 ergo,
782 2197 839 2263 tali
862 2184 987 2283 hospite
1007 2198 1180 2265 letissimus
1195 2204 1227 2265 et
1240 2198 1408 2282 gloriosus,
1432 2216 1485 2282 per

317 2312 384 2379 dies
407 2317 529 2400 septem
552 2314 620 2380 eius
643 2315 750 2380 truens
773 2314 947 2399 presentia,
978 2312 1078 2379 multa
1100 2314 1190 2381 nobis
1214 2313 1355 2381 exhibita
1377 2314 1485 2379 hnma-

316 2431 432 2513 nitate,
462 2431 569 2496 emnia
596 2432 691 2497 etiam
715 2431 766 2496 vie
793 2431 973 2498 necessaria
1000 2431 1108 2498 solerti
1132 2450 1207 2497 cura
1228 2431 1345 2497 institit
1374 2449 1485 2517 prepa-

316 2567 397 2612 rare.
439 2545 597 2630 Deditque
626 2546 753 2612 dominc
781 2566 852 2612 mee
876 2547 915 2612 de
945 2553 1038 2630 gente
1060 2547 1202 2612 illatam
1227 2545 1369 2612 sclavice
1392 2565 1484 2632 qnam

317 2664 487 2730 Teutoniee
508 2663 614 2745 lingue
637 2682 751 2744 gnaros
775 2663 928 2730 satellites
951 2663 991 2729 ad
1014 2662 1139 2729 diversa
1155 2663 1221 2728 eius
1236 2661 1425 2743 ministeria,
1448 2681 1486 2726 ne

317 2779 392 2864 quid
422 2778 688 2844 incommoditatis
716 2798 774 2865 per
803 2779 909 2862 lingue
937 2779 1148 2863 ignerantiam
1178 2779 1210 2843 in
1240 2783 1333 2862 gente
1356 2782 1486 2842 externa

316 2900 488 2981 pateretur.
522 2894 604 2972 Quid
627 2893 749 2960 dicam?
779 2895 898 2960 Currus
922 2900 954 2962 et
976 2893 1146 2980 quadrigas
1170 2894 1278 2960 ordine
1293 2892 1400 2977 longo,
1426 2893 1486 2959 vie-

317 3011 416 3076 tnalia
442 3014 475 3076 et
504 3030 612 3076 omnes
642 3011 782 3076 sarcinas
812 3016 936 3077 nostras
965 3016 1141 3098 portantes,
1176 3015 1332 3076 monetam
1365 3027 1487 3095 quoqne

317 3125 402 3192 illins
425 3132 509 3193 terre
531 3125 721 3192 liberalitate
743 3126 878 3193 eontulit
899 3127 1051 3209 ingenua3
1075 3125 1163 3191 nulla
1185 3145 1242 3190 nos
1266 3126 1427 3192 sustinens
1441 3124 1486 3190 la-

317 3242 430 3309 borare
455 3242 564 3327 inopia
592 3241 647 3308 sed
676 3262 777 3326 neque
807 3243 936 3327 propria
964 3241 1156 3328 expendere,
1185 3241 1251 3307 acsi
1280 3259 1374 3306 omne
1405 3239 1487 3306 illius

317 3357 368 3423 vie
395 3358 542 3424 meritum
571 3357 636 3423 suis
665 3357 818 3443 impensis
842 3377 945 3425 emere
968 3358 1129 3442 eogitmet.
1166 3356 1243 3422 Tres
1266 3356 1363 3422 etiam
1386 3376 1488 3423 saeer-

318 3473 407 3538 dotes
435 3472 614 3559 capellanos
636 3472 675 3539 de
697 3472 797 3540 latere
820 3493 876 3540 sno
900 3474 1047 3559 princeps
1071 3473 1217 3559 episeopo
1240 3472 1374 3538 sedavit
1397 3471 1489 3538 eoad-

316 3590 436 3655 iutores
450 3588 540 3655 verbi
561 3595 594 3655 et
615 3589 829 3656 centurionem
853 3589 1009 3674 quendam
1032 3589 1159 3656 nemine
1175 3587 1361 3671 Paulieium,
1385 3587 1488 3654 virum

318 3711 480 3772 strenuum
508 3710 540 3772 et
567 3703 771 3788 catholicum,
808 3705 861 3790 qui
892 3705 988 3770 etiam
1017 3704 1153 3770 naturali
1182 3703 1330 3770 facundia
1357 3704 1489 3770 idonens

318 3828 402 3889 esset
423 3820 603 3888 concionari
625 3820 666 3884 ad
688 3818 850 3905 populum.
1077 3829 1080 3836 '

409 3939 460 4002 10.
496 3935 614 4001 Taliter
642 3955 662 4000 a
689 3935 767 4000 duce
790 3934 920 4002 Polenie
948 3935 1086 4017 dimissi,
1117 3953 1174 4021 per
1196 3932 1319 4000 Uzdam
1350 3941 1489 4002 cmtrum

316 4053 350 4118 in
379 4051 529 4118 extremis
551 4049 681 4117 Pelonie
708 4049 824 4116 linibus
850 4055 1065 4134 transeuntes,
1096 4069 1207 4117 nemus
1237 4049 1432 4116 horrendum
1460 4055 1491 4114 et

389 4238 413 4289 l.
432 4234 545 4310 Miletin,
564 4235 763 4303 aKdniggrdta
781 4233 817 4288 ad
835 4233 1045 4303 septentriones.
1131 4233 1156 4288 2.
1175 4231 1291 4289 Wartha
1309 4233 1393 4300 (inter
1410 4231 1490 4288 Glats
1568 4289 1569 4296 ,

317 4322 576 4389 etFranlrenstein).
660 4323 686 4377 3.
706 4321 857 4393 Nimptsch,
876 4319 1093 4378 aReichenbach
1113 4319 1148 4375 ad
1166 4321 1309 4377 orientem.
1388 4322 1415 4376 4.
1434 4334 1488 4375 non
1568 4317 1569 4322 ’

317 4409 370 4464 tuit
387 4410 563 4480 episcopatum
580 4408 751 4466 Calisse‘nsis.
