3142 4850
447 363 612 412 3333333
634 363 762 412 33333.
798 361 851 413 333
1173 347 1240 412 449

78 541 187 586 33333
210 531 264 586 33·
288 521 371 588 vitae
393 521 616 608 composicioni
639 523 818 606 concordat,
847 524 946 606 robis,
977 526 1012 588 ut
1034 522 1134 606 decet,
1165 539 1409 594 333-11331134

76 635 251 718 gaudemus3
276 637 303 702 si
327 657 399 722 non,
424 636 641 720 condolemus;
665 641 739 724 3313
762 639 796 704 id
818 639 924 724 ipsum
947 637 987 704 de
1008 636 1170 704 fidelitatis
1186 657 1239 704 vo-

76 757 151 816 stras
177 751 363 818 excellentia
394 773 558 838 speramus
589 753 704 846 immob
734 760 855 820 certum
886 752 1048 820 3333333.
1097 752 1132 819 Si
1164 773 1238 836 ergo

74 886 167 931 rerum
191 871 370 933 nostrarum
395 874 512 934 statum
535 870 631 935 seire⁰
649 871 774 956 cupitis,
798 877 835 936 ut
857 870 959 935 amico
975 905 1017 916 —
1034 869 1083 934 cui
1099 869 1238 934 maxime

74 981 258 1066 confidimns,
277 984 327 1050 cui
343 982 523 1050 fluctuantis
539 985 629 1050 navis
645 991 773 1051 3333333
789 985 958 1051 33333333
974 985 1142 1067 ingruente
1157 989 1237 1049 tem-

73 1101 183 1180 pestate
206 1098 382 1182 infigimus3
412 1105 447 1165 33
470 1100 582 1184 33133,
606 1102 747 1186 133333,
770 1119 863 1184 quem
888 1106 960 1186 post
983 1098 1085 1166 Deum
1108 1100 1236 1165 unicum

72 1223 119 1277 33·
145 1213 354 1282 certissimum
384 1215 599 1282 inbecillitatis
628 1225 755 1283 uestrae
785 1215 1032 1282 sustentaculum
1068 1235 1138 1281 3333
1173 1234 1236 1280 333

72 1325 234 1394 diffidimus
252 1329 470 1397 —dilectioni
493 1338 618 1399 vestrae
638 1333 834 1398 intimamus.

149 1443 198 1511 De
224 1446 371 1532 proxima
393 1447 471 1530 ista,
496 1468 589 1533 quarn
613 1449 728 1532 nostis,
753 1444 975 1534 expedicione¹
996 1447 1088 1511 -iu
1111 1445 1236 1530 33333

69 1558 210 1626 honorem
241 1562 331 1644 regui
360 1569 392 1629 33
421 1563 571 1629 333133133
600 1563 781 1647 diligentius
810 1564 922 1630 ceteris
956 1561 1168 1628 laboravimus
1195 1597 1232 1606 —

67 1676 195 1760 reversi,
219 1675 319 1761 domi,
349 1677 402 1743 331
426 1699 535 1764 33333
560 1685 592 1746 33
617 1679 817 1745 concordiam
842 1679 895 1744 ubi
918 1677 1180 1762 tranquillitatem
1205 1682 1235 1742 33

67 1793 287 1857 333333313333
310 1793 452 1861 invenire
476 1794 658 1879 debuimus,
688 1795 794 1860 odium
819 1800 850 1861 33
873 1793 1062 1859 discordiam
1086 1792 1236 1858 scismata

67 1910 94 1970 33
113 1907 266 1972 intestina
288 1907 381 1990 33113,
406 1913 533 1995 3333333
558 1909 617 1975 333
636 1915 743 1976 333333
765 1909 920 1993 exigente,
945 1908 1133 1974 invenimus.
1169 1907 1235 1972 Ad·

66 2023 192 2088 versarii
217 2025 301 2089 enim
324 2025 424 2089 nostri
447 2023 485 2090 N.
511 2030 542 2090 et
564 2025 602 2090 N.
628 2019 777 2092 ecclesiae
801 2032 929 2092 nostrae
950 2025 1102 2107 canonici,
1126 2023 1180 2107 qni
1204 2029 1236 2089 et

66 2137 147 2220 prins
169 2139 262 2206 nobis
287 2139 550 2224 adversabantur,
580 2141 768 2224 quibusdam
792 2141 904 2207 solitae
930 2139 1051 2205 13333113
1078 2137 1235 2204 industria

65 2251 208 2338 collectis,
233 2255 316 2321 inter
340 2255 931 2341 333311.3331333133133313333331
954 2255 1154 2341 primicerius
1176 2261 1234 2338 est,

64 2365 312 2437 13333313333
343 2371 597 2453 insurrexerant,
633 2371 778 2458 cleroque
808 2377 993 2454 convocato,
1026 2369 1236 2438 lacrimabilia

64 2488 92 2547 et
112 2484 257 2553 inaudita
280 2488 428 2571 crimina,
457 2508 537 2573 quae
560 2488 627 2554 Ι)33
653 2493 732 2554 33333
755 2507 915 2571 3333333
940 2488 1171 2570 commisimus,
1201 2487 1234 2552 iu

62 2596 167 2666 faciem
186 2602 279 2667 nobis
296 2602 485 2669 obiecerunt.
525 2604 609 2669 13333
625 2624 685 2689 333
701 2603 884 2669 3133313333
902 2611 1042 2669 nostram
1058 2603 1234 2668 333131333

63 2720 253 2799 333331333,
278 2718 410 2803 ideoque
427 2725 458 2784 et
474 2720 738 2785 consecrationem
757 2724 898 2784 nostram
917 2724 1062 2783 asserunt
1078 2738 1146 2785 esse
1163 2718 1234 2783 irri-

61 2834 130 2897 tam.
166 2834 303 2919 1333333
318 2854 441 2919 333333
465 2841 497 2901 33
519 2836 695 2921 symoniam
719 2834 877 2901 nescimus
895 2853 988 2918 quam
1004 2832 1043 2899 N.
1060 2833 1150 2899 33313
1173 2834 1234 2898 im·

61 2948 158 3030 33313
184 2970 282 3034 3333
306 2970 340 3016 33
363 2950 513 3016 33333133
529 2950 715 3017 anctoritate
732 2954 849 3016 statuto
866 2954 1008 3035 ternpore
1027 2950 1232 3035 probaturum

62 3066 178 3131 3333313.

141 3178 208 3245 1133
226 3200 312 3263 ergo,
335 3184 424 3246 tanta
447 3187 574 3265 333333
597 3180 741 3247 inaudita
763 3181 969 3247 infamatione
993 3178 1140 3267 perculsi,
1165 3178 1232 3245 313·

61 3294 205 3373 33331333
237 3294 320 3361 sedis
356 3292 610 3382 archiepiscopo¹
638 3318 705 3362 rem
735 3316 860 3362 33333
891 3296 1017 3383 seriptis
1052 3295 1233 3381 aperuimus

61 3404 210 3495 baiasque
235 3410 282 3477 rei
305 3411 522 3478 consiliumet
545 3412 697 3477 auxilium
723 3412 925 3497 quesivimus.
965 3412 1034 3495 Qui,
1058 3411 1173 3477 litteris
1193 3409 1232 3476 ad

61 3522 220 3592 3331331333
238 3531 380 3592 3333333
396 3526 534 3611 directis,
559 3528 747 3594 omnimodis
763 3548 821 3594 nos
838 3526 1010 3611 excusavit,
1032 3526 1232 3593 electionem·

62 3658 115 3721 que
135 3648 281 3708 nostram
305 3643 420 3709 133333
445 3649 477 3709 33
499 3644 681 3709 333331333
706 3644 804 3710 131333
831 3644 1054 3729 3333333333,
1084 3641 1232 3707 crimina·

60 3758 136 3822 33333
160 3763 288 3823 3333333
310 3758 507 3824 reconciliari
532 3758 622 3825 nobis
646 3758 801 3842 condigna
824 3759 1038 3825 satisfactione
1058 3757 1230 3843 praecepit

60 3864 103 3934 llli
119 3892 204 3958 vero,
232 3873 436 3940 obstinationi
461 3894 535 3939 suae
559 3846 645 3939 ibssa
665 3874 892 3961 archiepiscopi
916 3879 1150 3959 postponentes,
1173 3890 1232 3936 333

60 4003 116 4051 333
145 3994 177 4053 33
201 3988 481 4071 Magdeburgensis
511 3984 766 4076 archiepiscopi⁸,
797 3990 850 4073 qui
879 3988 919 4054 ad
949 3988 1119 4053 sedandam
1150 3986 1232 4051 hauc

59 4102 226 4169 motionem
249 4104 336 4187 regio
360 4104 448 4169 iussu
463 4104 600 4188 advenit,
624 4105 746 4170 333133
765 4109 960 4190 spernentes,
984 4101 1086 4169 adbuc
1108 4102 1141 4167 in
1157 4120 1231 4167 con·

61 4214 239 4298 spirationis
262 4240 337 4286 suae
360 4220 507 4286 vecordia
530 4220 713 4305 persistant.

128 4380 148 4413 a
171 4368 216 4414 hac
233 4368 277 4415 ΡΖ.
370 4369 392 4414 3.
417 4367 483 4417 osc.
576 4382 596 4415 3.
619 4368 708 4415 3133Ζ.
802 4369 824 4415 (1.
847 4367 1054 4415 333133331ιεὶ33
1070 4367 1093 4414 V.

129 4462 350 4517 altmonam
371 4464 449 4518 1132.
539 4464 565 4517 2.
585 4461 768 4517 3331333331.
857 4463 883 4518 3.
905 4460 1041 4518 lietberti.

100 4556 179 4609 rurs.
194 4560 340 4604 333333.
349 4562 378 4605 v.
983 4559 1019 4613 29
