3142 4850
303 330 368 396 838
675 349 723 395 ax
745 348 932 397 monus
955 348 1103 397 orsurus

215 525 285 581 1182
302 528 359 595 per
382 528 491 575 eornm
513 508 612 577 fuisse
635 508 842 591 desiderium
866 516 899 576 et
919 509 1031 576 honori
1054 510 1104 576 sui
1127 508 1263 595 apostoli
1284 530 1319 577 se
1340 508 1473 577 libenter

302 623 461 691 delaturos
485 622 679 709 obsequium.
716 624 882 707 Rogabant
903 632 1077 713 praeterea,
1101 631 1148 709 ut,
1172 625 1297 710 qnando
1311 626 1354 692 ad
1367 626 1472 693 sedem

303 740 508 827 apostolieum
532 740 628 808 vellet
649 741 813 825 assedere,
840 760 905 808 non
927 741 987 808 boo
1008 760 1062 808 eos
1084 742 1203 808 sineret
1223 740 1339 824 latere,
1360 747 1400 808 ut
1420 741 1473 808 bo-

302 862 430 924 noratos
458 856 544 923 illius
571 856 673 940 gentis
698 858 767 923 viae
790 858 921 923 eomites
944 857 1075 924 haberet
1095 862 1129 923 et
1149 857 1229 944 ipsi,
1258 857 1474 942 quodcumque

302 978 447 1059 possent,
477 972 686 1039 ministerium
714 972 913 1057 praeberent
938 1008 980 1019 -—
1009 971 1072 1040 Sed
1098 972 1158 1039 boo
1179 972 1247 1039 fieri
1270 992 1335 1039 non
1362 973 1475 1058 potuit,

303 1089 387 1175 quia,
411 1088 569 1172 Boguziao
593 1088 713 1174 optimo
737 1087 816 1155 duee
839 1088 949 1155 amem
972 1108 1056 1155 anno
1078 1089 1145 1154 uita
1166 1084 1384 1172 deeedente·¹‚
1412 1107 1475 1174 pax

303 1210 407 1271 terrae
430 1203 515 1270 illius
539 1203 616 1270 adeo
640 1204 768 1270 turbata
791 1209 849 1286 est,
872 1210 909 1269 ut
929 1224 1022 1271 nemo
1038 1204 1111 1270 bino
1127 1204 1167 1269 ad
1182 1224 1235 1271 eos
1253 1210 1361 1289 posset
1374 1209 1477 1269 unns

302 1320 350 1387 ire
370 1338 474 1404 nequo
496 1319 569 1385 inde
592 1319 653 1385 hue
675 1324 881 1385 transmeare.
898 1355 940 1367 -
1032 1319 1106 1385 Dux
1132 1320 1250 1404 itaque,
1273 1318 1382 1386 habito
1406 1338 1476 1384 eum

304 1434 477 1502 maioribus
500 1435 566 1501 suis
589 1434 731 1519 oonsilio,
754 1441 899 1501 sanetum
915 1434 1061 1502 Ottonem
1085 1436 1120 1501 in
1134 1434 1341 1502 Wolirammo
1365 1434 1477 1500 abbate

304 1556 487 1635 veneratus,
517 1551 703 1618 auctoritate
730 1570 790 1617 sua
816 1551 1018 1617 donatiouem
1040 1551 1117 1617 feeit
1137 1556 1170 1618 et
1192 1556 1383 1617 testamento
1404 1570 1478 1617 euu-

243 1664 250 1678 ‘
305 1662 475 1751 firmavit²‚
509 1667 645 1734 seilicet:
680 1672 715 1733 ut
743 1666 882 1751 quinque
908 1667 1083 1733 centenarii
1109 1686 1202 1733 esrae
1229 1667 1263 1732 in
1291 1664 1478 1733 memoriam

195 2959 266 3016 1184

156 3035 214 3093 Aug.
229 3033 293 3093 Sept

305 1784 355 1850 sui
377 1784 514 1852 neminie
530 1789 563 1851 et
577 1784 806 1852 monimentum
821 1802 898 1849 suae
912 1781 1016 1865 gentis
1032 1782 1182 1849 eeclesiae
1197 1783 1299 1848 saneti
1315 1781 1480 1849 idiebaelis

306 1900 469 1967 annuatim
486 1899 525 1965 de
541 1900 680 1967 tabernis
702 1904 806 1966 terrae
826 1899 914 1966 iilius
935 1898 1172 1984 persolvantur3
1195 1904 1233 1965 ut
1253 1898 1328 1965 inde
1349 1897 1482 1965 lucerna

304 2016 338 2085 in
362 2015 480 2101 templo
504 2014 565 2081 Dei
587 2014 690 2081 iueeat
713 2019 745 2083 et
766 2016 840 2099 iuge
861 2014 968 2081 iumen
992 2014 1034 2080 ad
1056 2014 1243 2081 memoriam
1264 2014 1368 2081 saneti
1391 2014 1481 2082 Otto·

306 2132 356 2199 nis
379 2132 583 2199 eonoinnetur
606 2136 639 2198 et
660 2131 778 2197 ardeat
870 2131 978 2197 Abbas
1000 2131 1118 2216 itaque,
1144 2131 1242 2197 tantis
1264 2130 1429 2198 benefieiis
1450 2138 1482 2197 et

307 2248 487 2315 devocionis
510 2247 634 2314 iudiciis
658 2246 779 2314 debitas
802 2246 968 2313 exsolvens
990 2249 1125 2331 gratias,
1154 2247 1330 2315 balsamum
1354 2254 1389 2315 et
1410 2267 1481 2333 pra-

306 2367 392 2434 eiosa
414 2383 557 2448 munera,
581 2363 677 2448 digna
699 2362 906 2450 principibus,
930 2364 976 2430 eis
999 2361 1122 2450 optulit.
1158 2362 1202 2430 Et
1222 2362 1357 2430 lieentia
1372 2382 1482 2430 eorum

308 2489 340 2552 et
363 2482 469 2550 oseulo
491 2487 652 2568 percepto,
677 2480 717 2546 ad
739 2479 853 2546 fratres
876 2500 950 2545 suos
973 2501 1128 2565 reuersus,
1152 2499 1263 2547 nouem
1286 2481 1482 2566 septimanae

309 2599 449 2687 explevit
470 2597 691 2664 Pomeraniam
714 2596 782 2663 iens
806 2600 839 2664 et
859 2597 935 2664 iude
957 2598 1059 2664 (tenuo
1081 2596 1216 2663 rediens.

397 2713 474 2780 Post
496 2713 554 2781 beo
576 2712 739 2780 collectam
761 2712 838 2780 feeit
858 2711 1035 2779 litterarum
1058 2713 1279 2798 episcoporum
1301 2712 1481 2798 principum

310 2834 342 2896 et
365 2829 524 2896 abbatum.
559 2829 602 2896 Et
624 2830 670 2896 sie
685 2828 900 2915 oportunitate
915 2834 1054 2914 accepte,
1075 2825 1226 2895 ΙιιιοίιιιιιΙ
1241 2847 1360 2914 papam
1376 2823 1481 2908 adiit‘‚

310 2947 365 3032 qui
388 2946 475 3014 senio
499 2946 656 3014 eonfeotue
686 2964 720 3011 se
742 2944 827 3030 apud
842 2943 1000 3010 Veronam
1022 2944 1167 3011 detinuit
1207 2943 1237 3008 Α
1259 2961 1323 3028 quo
1346 2943 1483 3026 benigne

311 3069 486 3149 susceptus,
509 3081 580 3128 uum
603 3061 632 3126 ei
656 3079 782 3127 oausam
806 3078 865 3146 pro
888 3079 951 3144 qna
965 3066 1095 3127 venerat
1115 3060 1295 3126 intimasset
1311 3065 1346 3126 et
1357 3058 1485 3126 litteras

310 3181 557 3267 praesentasset,
587 3195 774 3262 responsum
798 3175 934 3262 aceepit:
964 3177 1035 3243 Hoc
1059 3177 1240 3264 principale
1260 3179 1429 3261 asponiam
1449 3181 1487 3241 sis

310 3295 388 3362 arde
411 3297 531 3373 Roma,
562 3315 642 3379 qaae
664 3295 810 3360 universo
833 3293 905 3358 ordi
921 3295 1143 3379 principatur,
1172 3306 1217 3358 eet
1236 3293 1487 3370 declarandam

312 3424 341 3478 et
362 3431 419 3476 noo
442 3412 507 3474 vita
531 3413 655 3490 comite,
685 3411 762 3474 dum
783 3410 829 3474 ad
849 3409 958 3474 arbem
979 3411 1171 3489 emesam,
1199 3412 1235 3474 a'a
1257 3409 1394 3474 ambitio
1417 3412 1487 3496 spi·

312 3548 479 3613 scoparum
502 3528 587 3611 quod
608 3527 688 3612 peris
711 3525 840 3590 liberter
863 3547 999 3612 apamea.
1016 3565 1058 3575 -
1077 3524 1141 3591 Sed
1161 3523 1289 3607 Lusius,
1312 3530 1490 3609 antequam

312 3641 444 3709 Romam
467 3640 599 3724 veniret,
623 3642 725 3706 morte
747 3645 938 3725 praeventus
962 3645 1019 3708 est
1043 3675 1083 3686 -
1108 3639 1217 3707 Abbas
1238 3641 1358 3725 itaque,
1383 3641 1491 3708 sciens

387 3861 407 3894 a.
431 3844 551 3891 desidente
567 3845 595 3890 A.

385 3933 410 3986 1.
429 3929 468 3985 At
486 3929 555 3984 obiit
572 3930 728 3998 Boguzleus
745 3930 757 3983 1
776 3929 833 3985 dux
852 3929 896 3984 die
915 3929 1143 4000 18iiart118'13
1166 3931 1280 3999 eiusque
1301 3928 1389 3985 frater
1405 3931 1493 3986 liui-

314 4019 432 4075 meruel
451 4018 507 4073 dux
530 4022 654 4074 mortuus
678 4023 738 4073 erat
756 4034 780 4073 a
796 4019 874 4072 1180.
898 4017 933 4072 V.
951 4017 1078 4088 Kiempin
1097 4017 1303 4074 Pommersobee
1322 4018 1495 4076 Urknnden-

314 4107 411 4164 buebi
429 4121 457 4176 p.
471 4107 506 4162 59
518 4109 548 4162 et
559 4107 604 4162 81.
674 4108 700 4162 2.
719 4107 883 4162 enn01182.
906 4105 941 4162 V.
953 4106 1087 4174 Befflralai
1103 4105 1233 4176 tabmsm
1251 4107 1321 4164 cod.
1332 4107 1401 4176 dipi.
1410 4109 1494 4164 Pena.

315 4196 329 4248 Ι
347 4198 399 4249 124
421 4200 450 4248 et
468 4195 597 4263 Kiempin
615 4195 822 4250 Pommsreobae
839 4193 1063 4249 Urkuudenbneb
1081 4196 1094 4249 1
1112 4211 1138 4266 p.
1153 4195 1188 4250 'ib
1206 4213 1233 4250 n.
1246 4197 1290 4251 91.
1398 4199 1430 4251 3.
1455 4197 1495 4252 111

317 4283 366 4348 qui
383 4281 673 4338 morabaturVoronae
687 4281 952 4338 adtonsurum
969 4283 1004 4337 ad
1023 4299 1095 4353 snm,
1114 4299 1169 4353 quo
1184 4282 1261 4352 obiit,
1279 4283 1353 4339 diem
1368 4285 1405 4339 25
1418 4285 1496 4341 Nor.

317 4368 395 4422 1185.
483 4371 510 4424 4.
533 4385 605 4425 anuo
625 4371 708 4442 11843
727 4370 772 4426 die
790 4371 863 4424 euim
881 4371 900 4425 4
917 4370 993 4441 Sept.
1008 4373 1079 4428 1184
1095 4372 1198 4428 Lucius
1209 4372 1250 4427 111
1261 4371 1390 4429 Veronae
1402 4372 1497 4431 wat·

317 4467 421 4508 tammo
439 4455 536 4511 mitrae
553 4472 633 4512 mum
652 4459 797 4514 ooneeesit
821 4458 856 4516 V.
870 4458 992 4531 Regesta
1008 4466 1084 4532 pont
1095 4461 1175 4518 Rom.
1192 4477 1220 4517 n.
1233 4461 1313 4519 9680.
