3142 4850
355 356 532 403 iiannonm
557 356 736 405 piscosae.
772 360 838 405 mn.
854 360 880 406 n
902 357 1008 408 ea-sa
1202 342 1265 407 iii

97 531 126 583 et
155 542 261 599 onas,
290 522 325 583 in
353 520 455 583 nwdio
484 522 579 583 cestii
600 520 742 585 habitare
764 522 919 606 dipnetur.
960 522 1038 586 Nisi
1058 524 1141 585 anion
1164 543 1268 585 omnes
1288 536 1358 591 1124

97 635 178 699 otios
201 635 357 713 adiacet,
381 638 486 721 ipsam
507 636 618 701 tabere
631 639 808 722 propitiam
822 660 887 703 noa
901 641 1038 723 potestas.
1074 637 1172 721 Fopit
1186 638 1269 701 enim

98 762 125 815 et
153 752 320 835 iodipnum
347 750 410 815 sibi
435 764 561 837 reputat
582 752 718 816 ultorum
742 755 932 817 consortium
955 754 1097 831 deorum,
1128 765 1157 818 ct
1178 752 1268 817 nullo

96 869 337 931 communicatio
360 867 474 952 templo
499 868 563 930 eine
588 889 657 930 cam
678 868 793 952 ydolis.
837 867 903 933 Sed
924 871 1005 947 scio,
1030 871 1107 953 qaia
1129 870 1268 933 nondam

22 1013 26 1020 ·
97 986 174 1046 satie
198 982 370 1065 confiditim
392 986 473 1061 ecio,
499 984 584 1067 quod
606 986 719 1047 ametis
742 984 902 1063 decianas,
926 984 1151 1049 inhabitatores
1164 984 1266 1067 sono·

95 1120 169 1162 sum
192 1110 221 1163 et
241 1096 434 1182 sculptilium
457 1110 645 1173 vostrorum
669 1111 696 1163 et
719 1101 838 1163 idcirco
861 1121 925 1163 noa
947 1101 1069 1164 audetis
1087 1122 1123 1163 eo
1139 1103 1267 1164 commi·

96 1234 201 1277 nuere.
294 1212 359 1280 Sed
379 1234 458 1299 pase
480 1226 581 1277 oestro
605 1217 660 1292 eit,
690 1226 724 1278 at
747 1236 802 1299 epo
825 1218 894 1301 ipse
916 1238 986 1279 sum
1005 1215 1168 1298 fratribus
1191 1218 1267 1280 mea's

96 1328 309 1393 sacerdotibus
333 1342 362 1394 et
385 1328 504 1393 clerice
527 1330 697 1394 simulacro
722 1343 749 1393 et
773 1333 914 1396 conanae
937 1331 1010 1395 illos
1028 1333 1215 1416 opprodiam
1240 1344 1268 1396 et

96 1448 126 1507 si
154 1466 226 1522 nos,
261 1448 361 1509 cineis
390 1458 495 1510 sonato
522 1446 684 1528 sepnooolo
711 1450 923 1531 premandae,
955 1447 1060 1511 illesos
1083 1468 1269 1533 persuasere

99 1561 255 1638 oidaitis,
287 1562 392 1625 eodem
415 1564 516 1624 aun's
540 1565 654 1625 irranitc'
675 1562 820 1646 tropico,
846 1583 901 1626 aos
923 1584 1028 1626 omnes
1050 1563 1211 1627 nodosum
1233 1565 1268 1625 ia

96 1679 201 1739 securi
228 1689 257 1739 et
280 1670 384 1739 ciseio¹
409 1679 520 1740 cocae
542 1679 647 1741 ianuis
672 1690 699 1740 et
718 1678 911 1762 potestibus,
939 1680 1050 1743 deicito
1070 1678 1144 1742 illas
1167 1690 1196 1741 et
1217 1680 1267 1742 in·

97 1792 227 1855 condite.

189 1906 241 1969 31.
272 1904 362 1983 Quod
385 1924 456 1971 eum
480 1906 642 1971 audissent
665 1912 696 1971 et
719 1909 913 1990 annuissent,
937 1910 1103 1994 episcopus
1119 1912 1152 1975 et
1165 1928 1269 1974 saeer-

96 2019 198 2103 dotes,
222 2020 380 2088 celebrata
404 2023 500 2087 missa
523 2026 556 2088 et
579 2027 707 2108 accepta
722 2025 951 2107 communione,
976 2025 1089 2090 armati
1105 2024 1269 2091 securibus

97 2142 131 2203 et
153 2134 285 2223 sarpis²,
308 2138 450 2204 sentinas
474 2138 699 2221 aggrediuntur
722 2139 865 2223 etima,
889 2141 1136 2207 comminuentes
1159 2146 1192 2206 et
1215 2160 1269 2206 ex-

96 2252 238 2319 cidentes
263 2255 378 2337 omnia,
403 2254 588 2321 scandentes
611 2258 695 2319 tecta
710 2260 742 2320 et
756 2255 977 2321 convellentes.
1014 2255 1148 2322 Stabant
1163 2262 1269 2322 antem

95 2368 183 2435 cives
207 2368 412 2455 aspicientes,
442 2370 516 2456 quid
540 2370 582 2436 dii
606 2370 747 2437 iacerent
767 2370 954 2456 miserrimi,
982 2376 1162 2439 utrumnam
1185 2378 1269 2440 tecta

96 2505 157 2551 sua
185 2485 389 2553 defenderent
417 2505 524 2552 necne.
563 2487 607 2553 At
634 2487 687 2553 nbi
710 2487 957 2554 destructoribus
978 2488 1076 2555 nichil
1098 2489 1174 2555 mali
1197 2509 1269 2556 eve·

95 2602 167 2668 nire
192 2601 313 2668 vident:
345 2603 386 2669 Si
413 2601 560 2686 inquiunt
586 2605 712 2688 aliquid
740 2606 846 2668 divine
875 2607 1000 2669 ninutas
1029 2607 1176 2671 taberent
1202 2610 1267 2685 aisti,

95 2741 233 2805 quoium
255 2742 347 2784 sacro
371 2729 399 2783 ct
422 2719 537 2805 templo
561 2720 786 2799 convellantur,
811 2723 918 2804 atique
932 2721 1133 2804 dey‘mdorent
1151 2744 1192 2786 se.
1229 2721 1270 2787 Si

95 2847 201 2899 autem
228 2857 261 2898 se
283 2836 448 2919 offecere
470 2837 610 2901 anteiit
628 2837 776 2920 prodesse
798 2857 863 2900 non
885 2836 1004 2915 calent,
1035 2840 1189 2921 quomodo
1212 2859 1269 2903 nos

95 2951 264 3033 desseradere
292 2951 341 3014 oet
367 2951 457 3015 nobis
483 2951 631 3036 prodesse
656 2951 826 3036 poterunt?
862 2950 906 3016 Et
927 2950 985 3016 hee
1006 2949 1162 3017 dicentes·
1184 2952 1268 3018 faeta

94 3067 220 3151 impetu
242 3065 372 3131 diruunt
394 3069 426 3130 et
448 3065 665 3130 comminuunt
688 3065 810 3145 omnim
832 3066 998 3151 ipsamque
1019 3065 1176 3149 lignorum
1199 3087 1268 3133 ma·

94 3182 210 3248 teriam
240 3181 323 3247 inter
351 3199 385 3246 se
415 3180 618 3266 diripientes,
649 3181 689 3246 ad
718 3181 829 3246 domos
856 3201 929 3248 suas
957 3182 990 3247 in
1018 3201 1110 3248 usum
1133 3182 1194 3250 ioci
1216 3203 1269 3249 co·

94 3296 230 3382 quendis
260 3295 394 3381 panibus
424 3301 455 3362 et
478 3295 556 3362 cibis
580 3295 829 3382 comportabant
870 3295 914 3364 Et
935 3297 1010 3382 quia
1037 3297 1109 3383 plus
1131 3299 1269 3384 rapienti

93 3411 170 3498 plns
197 3410 383 3478 haberetne
407 3416 490 3494 erat,
519 3431 627 3478 omnes
650 3411 703 3478 ille
727 3413 853 3479 cdntine
877 3432 1008 3479 numero
1030 3419 1165 3498 quatuor
1186 3415 1269 3480 mira

93 3527 258 3595 eeleritate
281 3528 438 3594 connecte
462 3532 536 3593 sunt
558 3547 595 3594 ec
618 3528 749 3613 dirept.

189 3643 310 3708 Timo:
334 3642 436 3720 Quare
460 3642 580 3729 templa
601 3643 657 3709 illa
680 3643 835 3710 vacabant
856 3643 1018 3710 cdutinas?

188 3757 382 3824 Seiridus:
413 3757 555 3824 Selenioa
577 3758 685 3841 lingua
706 3759 757 3824 inb
781 3759 939 3844 plerisque
962 3759 1090 3826 vocibus
1114 3759 1268 3826 Latinita-

91 3883 161 3942 tem
186 3873 330 3957 attingit,
359 3879 391 3939 et
416 3873 485 3940 ideo
508 3878 585 3959 pato
609 3872 649 3938 ab
672 3893 724 3957 eo,
747 3874 830 3958 quod
855 3881 904 3941 eet
924 3875 1100 3958 contuere,
1124 3875 1267 3942 cdntinas

92 4010 166 4058 esse
189 3995 326 4055 vocatas.

187 4105 239 4170 32.
279 4102 381 4169 Erant
415 4109 519 4170 autern
548 4106 581 4169 in
613 4104 740 4170 civitate
769 4103 940 4171 Stetinensi
969 4105 1094 4171 cdntme
1121 4110 1265 4189 quatuor.

93 4219 160 4286 Sed
183 4239 247 4285 una
271 4239 309 4284 ex
333 4218 393 4302 his,
417 4238 477 4303 qne
501 4218 685 4305 principalis
709 4225 786 4302 erat,
811 4219 948 4287 mirabili
971 4220 1056 4286 onitu
1080 4225 1112 4287 et
1134 4219 1266 4286 artifieio

170 4383 191 4414 a
214 4369 293 4414 disens
309 4369 340 4424 N,
357 4367 459 4415 dieentes
476 4369 528 4415 BR.
742 4369 764 4414 b.
787 4369 819 4415 im
835 4369 865 4416 N.

170 4463 194 4518 1.
213 4462 257 4516 Ps.
271 4463 314 4532 73,
333 4465 358 4517 6.
572 4465 597 4516 2.
616 4463 738 4518 saronis.
