3142 4850
369 1265 549 1350 isonis
577 1265 699 1349 vnn
735 1263 954 1350 amonis
989 1265 1203 1350 Eplsoopl
1238 1211 1462 1348 sinens-

817 1407 1004 1492 sensis.

858 1603 964 1612 ——-.

326 1713 537 1804 Monasterii
552 1735 586 1803 S.
600 1737 764 1802 Michaelis
777 1737 1029 1822 Ramberqcnsis,
1054 1739 1156 1802 medio
1175 1738 1298 1802 saecun
1314 1738 1497 1802 duodecimo

326 1855 467 1918 ottonibus
490 1854 580 1918 rebus
605 1857 719 1932 ornati,
747 1856 877 1938 copiosi,
906 1854 1132 1918 habitatoribus
1152 1853 1414 1939 frequentissimi
1429 1853 1499 1937 fuit

325 1965 412 2035 Eo0¹
436 1970 599 2056 presbyter
623 1982 651 2032 et
674 1969 859 2048 monachus,
890 1972 1029 2033 sincerus
1053 1983 1089 2034 ut
1110 1970 1233 2034 ridetur
1255 1970 1346 2034 homo
1371 1992 1410 2033 ac
1433 1992 1497 2034 rno-

326 2081 459 2165 destus²,
491 2087 548 2170 qui
576 2087 785 2150 admiratione
813 2087 988 2170 pietateque
1018 2085 1142 2150 Ottonie
1167 2085 1332 2172 praeclari
1358 2087 1500 2171 episcopi

325 2204 391 2265 iam
413 2203 531 2264 mortui
552 2203 697 2280 imbutus,
723 2223 771 2264 res
793 2214 896 2286 qestas
920 2203 985 2265 eius
1001 2205 1188 2286 consequare
1203 2201 1314 2266 litteris
1334 2193 1497 2265 instituit'.

325 2317 369 2382 Et
390 2319 496 2402 ipsunt
520 2317 644 2400 quidem
664 2315 806 2381 Ottonern
830 2320 1009 2402 coquos-isso
1031 2319 1153 2381 videtur
1175 2340 1231 2381 nec
1249 2317 1396 2381 dubitare
1418 2317 1496 2394 licet,

327 2436 404 2518 quin
428 2436 550 2497 circiter
565 2434 616 2496 die
633 2433 682 2497 20
697 2433 879 2497 Decembris
896 2434 995 2513 1139,
1021 2457 1090 2497 cunt
1113 2436 1278 2520 episcopus
1299 2436 1368 2498 vita
1391 2436 1497 2509 cnud,

326 2548 523 2635 Bamberqae
538 2562 679 2613 versatus
694 2543 769 2625 sit⁴,·
793 2562 930 2614 attanten
943 2549 1047 2633 facile
1060 2552 1282 2635 perspicimus,
1306 2550 1396 2613 nulla
1412 2548 1497 2613 illius

326 2669 508 2730 oonsmnuio
522 2664 664 2748 fruitam
680 2665 820 2729 Ebonetn
836 2688 908 2728 esse.
943 2664 1020 2728 Non
1044 2669 1126 2728 sisinn
1140 2687 1275 2751 usquam
1290 2678 1409 2731 certum
1427 2665 1497 2730 talis

325 2782 561 2845 necessitudinis
584 2783 748 2865 oestiqiuou
768 2783 886 2865 posuit,
911 2792 1080 2865 contraque
1096 2782 1197 2865 ipsius
1213 2783 1410 2846 narrationis
1426 2803 1497 2845 suae

326 2898 558 2980 confirmandos
586 2919 683 2961 causa
710 2898 897 2962 nominatim
926 2898 1074 2976 ostendit,
1111 2919 1191 2981 quae
1219 2899 1396 2982 saipturus
1425 2909 1497 2961 esset

327 3025 434 3098 ,qesta
454 3015 595 3097 piissimi
614 3014 718 3097 patris
737 3011 871 3090 Ottonis,
896 3034 933 3075 ea
956 3034 994 3075 ea
1017 3034 1070 3076 ore
1092 3014 1226 3077 onidici
1247 3037 1285 3077 ac
1299 3012 1370 3077 Deo
1394 3014 1498 3078 dilecti

326 3128 496 3192 sacerdotis
527 3127 671 3191 Udalrioi
698 3123 905 3191 audiuissc“‘.
948 3126 1115 3191 Udairicus
1143 3142 1262 3207 autem,
1292 3129 1441 3193 ecclesiae
1463 3128 1494 3195 S.

327 3244 441 3328 Eqidii
462 3244 501 3307 ab
528 3242 639 3308 Ottone
662 3238 860 3325 acdificatae⁶
883 3244 1046 3322 sacerdos,
1075 3256 1165 3307 tanta
1187 3246 1330 3331 episcopi
1345 3245 1496 3327 familio-

326 3362 420 3425 ritate
441 3381 516 3423 usus
540 3371 620 3439 arat,
645 3370 764 3422 utnon
787 3359 880 3422 niodo
903 3358 1109 3422 consiliorum
1131 3361 1196 3423 cius
1219 3363 1361 3424 corsscius
1381 3354 1495 3443 florei,

327 3477 382 3539 sed
404 3477 505 3555 otiaris,
531 3496 600 3537 curn
622 3476 728 3559 priori
748 3476 858 3537 itineri
872 3474 1081 3567 Pannonico
1102 3477 1249 3539 interesse
1270 3479 1392 3540 iussum
1415 3500 1495 3541 ntor·

327 3590 384 3655 bus
399 3592 487 3654 danti
500 3592 690 3668 detinuisset,
717 3592 774 3673 qui
789 3591 882 3653 totius
903 3593 1088 3675 posterioris
1108 3595 1377 3676 pcrsqriuations's
1391 3606 1496 3657 aomo·

399 3711 424 3764 1.
443 3710 549 3765 Nomen
567 3710 626 3765 eius
645 3714 673 3763 oi
690 3708 718 3763 in
731 3708 833 3762 esconii
845 3708 900 3762 xit
917 3710 1075 3778 necrologio
1092 3709 1121 3765 S.
1134 3710 1275 3765 Michaelis
1293 3714 1389 3781 (supra
1407 3729 1435 3781 p.
1447 3683 1495 3767 s'n

328 3800 363 3854 sd
383 3800 416 3854 17
434 3800 469 3853 Κ.
486 3799 562 3866 Iun.)
587 3800 616 3852 et
638 3798 667 3851 in
685 3796 779 3851 codice
797 3798 858 3850 Lat.
872 3798 945 3852 Mon.
958 3800 1047 3853 23582
1065 3814 1137 3853 saec.
1151 3799 1219 3853 xlv
1237 3801 1279 3863 (v.
1299 3798 1372 3854 inin
1392 3816 1420 3869 p.
1434 3800 1497 3865 sss)

327 3889 367 3945 sia
390 3888 521 3957 seriptum
545 3890 600 3943 ost:
626 3883 749 3955 ,Ebo“.
782 3884 909 3939 Andreas
933 3884 1042 3939 demum
1067 3886 1154 3942 abbas
1176 3887 1203 3942 S.
1217 3888 1359 3943 Michaelis
1381 3892 1498 3944 exeunte

218 3955 225 3969 ⁸
327 3976 463 4033 aasaxv
476 3976 588 4044 (dequo
603 3991 630 4029 v.
643 3970 724 4039 inira)
742 3972 795 4027 hac
812 3973 928 4028 nominis
946 3972 1048 4029 forms:
1068 3974 1207 4045 ,Ebbo“
1225 3974 1365 4031 utebatur.
1421 3978 1447 4032 2.
1465 3976 1497 4030 V.

326 4062 504 4134 praefationis
523 4063 639 4117 initium.
711 4063 737 4116 3.
762 4060 865 4116 Praei:
886 4062 999 4132 „scinne
1018 4079 1063 4119 me
1081 4065 1141 4119 sola
1158 4064 1273 4120 caritate
1290 4070 1417 4134 urgente,
1435 4065 1498 4119 dum

327 4167 423 4207 vocem
441 4151 546 4221 pectori
564 4164 666 4219 negare
684 4165 739 4205 non
758 4165 884 4219 possum,
902 4150 938 4204 ob
957 4152 1086 4207 noticiam
1104 4158 1275 4223 posterorum
1294 4152 1347 4207 hen
1364 4153 1494 4209 humiliter

327 4239 514 4309 depromers“.
585 4241 612 4294 4.
631 4240 662 4293 L.
674 4240 712 4294 ΙΙΙ
725 4254 749 4293 e.
759 4240 808 4293 25:
828 4239 931 4308 ,Quam
945 4239 1100 4306 (visionem)
1119 4248 1241 4311 tempore
1253 4241 1426 4297 dormitionis
1437 4242 1497 4297 bes·

327 4327 425 4382 tissimi
442 4328 528 4397 pstris
547 4328 634 4383 nostri
646 4343 681 4382 ex
693 4341 741 4381 ore
753 4326 876 4381 eiusdem
889 4327 1005 4381 senioris
1016 4328 1153 4398 Lyppoidi
1169 4329 1353 4386 audivimnd.
1425 4331 1451 4385 5.
1463 4328 1496 4384 V.

327 4414 412 4482 presi.
484 4418 509 4470 6.
529 4416 562 4470 V.
581 4416 680 4471 L.lo.
696 4417 729 4469 18
748 4419 776 4469 st
795 4418 838 4469 21.
912 4414 935 4469 7.
955 4416 990 4471 V.
1008 4418 1039 4470 L.
1054 4417 1079 4471 11
1098 4432 1122 4471 a.
1135 4418 1161 4471 3.
