3142 4850
288 258 355 324 544
694 277 743 325 nx
765 276 933 325 animosis
954 274 1076 325 traso·

201 449 272 505 1135
288 455 346 501 nos
361 434 561 520 christianos,
580 435 638 503 sed
651 436 711 503 XV
723 437 814 503 inxta
828 435 979 519 Hebreos,
997 436 1030 502 in
1047 434 1097 503 die
1112 433 1288 501 dominicae
1304 432 1460 519 passionis

287 551 368 618 icria
394 556 486 618 sexta
515 550 598 618 sicut
623 556 781 618 testantur
810 551 988 635 euangelia,
1017 552 1051 617 in
1081 552 1100 616 8
1127 549 1197 617 Kal.
1220 547 1343 636 Aprilis
1371 547 1461 613 iuxta

288 672 469 734 sanctornm
491 671 620 753 patrum
641 667 860 749 traditimem3
890 666 1151 734 concordantibus
1174 665 1234 733 sibi
1259 664 1345 731 omni
1367 663 1461 731 medo

288 788 321 849 et
350 803 505 849 annorum
533 781 629 849 seculi
658 802 717 869 per
740 784 761 849 6
785 787 904 849 aetates
933 782 1044 849 mundi
1070 783 1198 849 cronica
1224 786 1257 848 et
1283 780 1462 847 auctentica

287 899 510 985 supputatione
533 903 567 964 et
587 896 758 984 cyclorum,
782 918 843 984 que
865 918 995 985 prorsus
1017 898 1050 965 iu
1072 898 1192 985 epactis
1218 902 1251 964 et
1272 916 1461 964 concurren-

287 1013 371 1081 tibus
393 1014 554 1099 lundatur,
577 1014 710 1080 raucus.

376 1128 504 1196 Utilitas
519 1134 582 1196 est:
606 1134 643 1195 ut
660 1127 801 1213 legentes
825 1134 857 1197 ct
874 1134 1096 1213 cognoscentes
1120 1127 1320 1197 concordiam
1336 1128 1461 1195 cronica

286 1245 520 1333 supputationis
543 1244 642 1312 seculi
669 1245 855 1312 strationis
879 1245 1054 1332 cyclorum,
1085 1250 1217 1313 caveant
1239 1243 1298 1310 sibi
1322 1264 1343 1310 a
1364 1243 1460 1311 falso·

286 1382 357 1429 rum
381 1362 640 1448 compotistarum
664 1366 697 1427 et
719 1361 1009 1448 cronographorum
1032 1380 1153 1443 errurc;
1182 1379 1356 1447 perquem
1380 1360 1460 1447 ipsis

286 1498 351 1544 non
373 1477 695 1544 animadvertentibus
719 1497 756 1544 ac
778 1478 874 1561 etiam
896 1476 1076 1545 nolentibus
1099 1477 1219 1544 heresis
1240 1480 1350 1543 contra
1365 1475 1460 1543 fidem

286 1592 474 1661 catholicam
489 1593 626 1659 suboriri
641 1599 674 1659 et
688 1612 854 1679 surrepere
869 1592 1001 1660 comesis
1018 1598 1050 1659 ct
1064 1591 1197 1660 infirmis
1220 1592 1355 1680 putorit;
1379 1593 1462 1659 siout

286 1710 413 1796 inipso
435 1713 585 1776 contextu
608 1708 713 1796 operis
734 1708 828 1774 haim
852 1708 1037 1795 planissime
1059 1708 1234 1795 apparebit

376 1822 518 1904 Qualitas
546 1844 622 1892 vero
650 1828 803 1891 tractatus
831 1824 924 1891 istius
952 1824 1025 1891 talis
1054 1830 1117 1892 est:
1153 1824 1320 1891 distinctus
1350 1825 1462 1891 estin

287 1945 409 2027 septem
432 1945 550 2027 partes.
583 1939 627 2006 Et
649 1940 755 2025 prima
773 1959 850 2026 pars
873 1939 1046 2007 secundnm
1061 1939 1202 2006 divinum
1218 1959 1371 2007 canonem
1387 1959 1462 2007 con-

287 2056 385 2124 tinet·
409 2076 507 2122 annos
530 2055 669 2140 quinque
691 2060 832 2122 aetatum
856 2055 896 2122 ab
918 2055 1009 2122 initio
1033 2055 1131 2122 seculi
1153 2075 1251 2140 usque
1274 2055 1316 2122 ad
1338 2057 1461 2141 passic-

287 2192 362 2240 nem
378 2171 497 2238 Christi
518 2171 552 2237 in
577 2172 619 2237 16
638 2170 806 2257 capitibus.
893 2170 1038 2238 Secunda
1059 2170 1181 2254 colligit
1201 2175 1346 2257 tempora
1369 2172 1461 2257 quin-

288 2308 349 2373 que
370 2307 539 2371 regnorum
562 2286 623 2353 sibi
646 2286 898 2353 concurrentium
922 2286 973 2354 vel
995 2288 1238 2372 succedentium,
1261 2286 1384 2355 scilicet
1399 2287 1462 2355 As·

287 2404 436 2470 siriorum
460 2401 670 2470 Siciouiorum
693 2402 923 2490 Aegyptiorum
953 2402 1165 2470 Romanorum
1193 2402 1393 2472 Albanorum
1421 2405 1462 2472 ab

286 2520 391 2588 iniciis
424 2521 566 2607 ipsorum
599 2539 699 2603 usque
732 2519 773 2586 ad
807 2520 986 2606 passionem
1022 2519 1140 2586 Christi
1174 2521 1207 2586 in
1242 2522 1259 2585 i
1290 2522 1461 2608 capitibus

288 2636 399 2705 Tereia
427 2636 460 2703 iu
496 2634 688 2722 propheticis
720 2635 947 2703 ebdomadibus
975 2636 1118 2703 Danielis
1153 2637 1284 2723 exponit
1312 2657 1412 2704 annos
1443 2659 1466 2706 a

286 2752 443 2840 principio
465 2751 556 2834 regni
570 2749 740 2817 Persarum
762 2770 861 2835 usque
885 2753 925 2818 ad
947 2753 1127 2839 passionem
1143 2751 1261 2819 Christi
1281 2759 1314 2820 et
1329 2753 1466 2821 nichilo-

286 2869 393 2935 minus
415 2868 455 2935 ab
476 2868 567 2934 initio
590 2866 687 2934 seculi
710 2886 811 2952 usque
834 2866 873 2933 ad
895 2867 1110 2935 fundationem
1129 2867 1287 2936 Romanae
1309 2869 1468 2952 ecclesiae

156 2967 166 2978 ’
287 2985 321 3051 in
350 2986 392 3049 13
421 2983 587 3070 capitibus.
684 2982 804 3061 Quarta
832 2983 1069 3069 comprehendit
1097 3004 1195 3051 annos
1226 2989 1315 3052 sexte
1345 2988 1469 3054 aetatis

286 3121 345 3187 per
367 3106 512 3186 tempora
534 3100 760 3184 imperatorum
775 3098 988 3165 Romanorum
1008 3120 1027 3165 a
1048 3101 1193 3185 passione
1208 3100 1336 3168 Domini
1360 3122 1471 3188 usque

287 3217 328 3282 ad
355 3237 414 3282 uos
441 3215 475 3281 iu
503 3215 526 3280 5
548 3215 714 3300 capitibus.
811 3213 929 3292 Quinta
956 3214 1077 3299 colligit
1104 3219 1135 3282 ct
1162 3216 1332 3283 concordat
1361 3239 1473 3288 annus

286 3331 500 3398 Romanorum
528 3327 713 3416 pontificum
741 3333 773 3396 et
795 3329 1010 3398 Romanorum
1038 3331 1217 3418 principum
1246 3333 1279 3399 in
1308 3335 1346 3398 11
1374 3337 1474 3422 capi-

287 3445 381 3513 tibus.
476 3444 574 3513 Scxta
600 3445 716 3530 digerit
741 3451 966 3514 testamentum
995 3447 1131 3514 humane
1158 3449 1318 3514 servitutis
1345 3455 1379 3516 et
1400 3454 1475 3519 mi-

287 3562 404 3646 seriae,
432 3566 629 3628 ccntractum
654 3581 711 3647 per
734 3560 979 3629 inobedientiam
1008 3562 1277 3649 protoplastorum
1299 3563 1408 3632 Adam
1438 3575 1477 3636 ct

185 3757 188 3760 ⁴
287 3677 384 3744 Evae.
464 3675 796 3764 -Septimaproponit
822 3664 1047 3746 testamcutum
1074 3679 1265 3747 christianae
1291 3680 1476 3770 libertatis,

287 3793 501 3879 conscriptum
528 3793 697 3859 victorioso
732 3794 885 3878 sanguine
920 3794 1038 3862 Christi
1069 3795 1141 3862 lesu
1174 3802 1207 3863 ot
1239 3795 1476 3868 confirmatum

287 3909 425 3995 gloriosa
446 3909 514 3975 eius
536 3909 775 3976 resurrectione.

376 4023 464 4092 Haec
485 4024 623 4090 breviter
644 4025 715 4091 ideo
744 4024 921 4111 praelibare
949 4025 1084 4112 placuit,
1113 4031 1150 4092 ut
1172 4027 1199 4093 si
1222 4027 1290 4112 cui,
1320 4029 1361 4096 ab
1390 4031 1475 4100 aliis

287 4141 460 4228 maioribus
489 4140 632 4226 ferianti,
662 4140 748 4207 istud
777 4160 900 4226 quoque
929 4162 1007 4228 opus
1038 4141 1253 4228 qualecunque
1280 4147 1476 4232 perspicere

287 4255 474 4339 collibuerit,
496 4257 530 4322 in
552 4255 684 4342 prologo
706 4256 895 4343 praediscat,
919 4257 995 4342 quid
1018 4258 1047 4325 ei
1070 4259 1104 4324 in
1129 4259 1331 4344 sequentibus
1349 4281 1476 4349 expec-

358 4409 379 4442 ι.
401 4397 519 4444 confluent
534 4397 563 4444 Ε.
