3142 4850
384 325 562 373 unnnonnr
586 325 766 373 cretosus.
801 326 866 372 nra.
883 327 920 373 ιιι
947 324 986 375 ra.
1002 324 1034 375 rs
1227 310 1289 375 807

120 484 293 570 discipulos
321 484 491 568 animavit,
523 484 688 569 dignisque
711 485 983 552 exhortationibus
1006 486 1037 552 in
1060 487 1176 569 gaudio
1199 488 1382 573 spiri-1127

120 600 201 667 tuali
225 620 371 685 magnam
396 605 518 686 partem
541 601 642 666 noctis
665 600 824 686 expendit
915 602 959 670 Et
979 623 1071 669 mane
1084 602 1179 688 lacto,
1202 602 1294 687 quid·

120 737 195 783 nam
225 720 355 800 agerent
377 715 427 783 vel
458 736 519 801 quo
543 715 751 801 diverterent,
782 717 864 783 inter
886 737 921 783 se
948 716 1137 784 tractabant
1176 717 1293 784 Verum

122 832 200 899 baut
227 832 281 898 diu
311 831 503 916 nutabundi,
534 830 617 916 quod
640 832 799 919 superfuit
818 832 859 899 de
881 852 976 919 opere
997 834 1032 898 in
1053 852 1130 917 agro
1153 832 1293 917 Domini,

121 947 224 1015 coloni
247 946 355 1015 fideles
379 948 461 1014 inter
485 966 519 1013 se
534 946 742 1029 distribuunt3
767 948 838 1015 aliis
853 954 937 1016 retro
953 948 994 1014 ad
1009 948 1199 1033 Tbiminam,
1222 948 1293 1015 aliis

121 1068 226 1131 autem
252 1064 290 1129 ad
314 1062 378 1129 alia
400 1062 469 1129 loca
492 1062 730 1146 euangelizandi
753 1065 858 1147 gratia
879 1064 1117 1132 divertentibus.

213 1180 264 1245 13.
299 1178 476 1266 Episcopus
499 1189 573 1246 vero
602 1178 641 1246 ad
666 1178 822 1245 Stetinam
851 1180 912 1247 iter
934 1179 1116 1267 proposuit¹
1140 1199 1212 1247 cum
1234 1180 1294 1246 mi·

121 1295 231 1362 nistris
255 1295 335 1379 suis,
363 1294 403 1361 de
425 1295 583 1381 apostasia
605 1294 747 1379 nequitia
768 1295 802 1360 in
825 1295 940 1381 spiritu
962 1295 1140 1363 vehementi
1163 1314 1294 1379 arguere

121 1410 284 1497 superbos.
326 1409 388 1477 Sed
418 1410 539 1494 clerici,
574 1411 627 1496 qui
657 1428 727 1477 cum
756 1412 826 1497 ipso
854 1411 932 1477 ituri
959 1416 1065 1495 erant,
1100 1410 1294 1479 stetinenses

121 1527 272 1594 barbarm
306 1532 338 1594 et
365 1525 506 1593 crudeles
536 1532 757 1611 agnoscentes,
793 1547 849 1593 suc
879 1528 998 1613 pariter
1026 1533 1059 1594 et
1085 1527 1172 1595 illius
1200 1526 1294 1594 saluti

121 1642 320 1725 metuebant3
345 1643 437 1727 unde,
461 1653 516 1710 ne·
533 1641 607 1709 illuc
624 1644 739 1726 veniat,
763 1643 969 1710 dehortantur
983 1643 1163 1710 studiosius.
1199 1642 1295 1709 Cum-

122 1778 183 1843 que
217 1757 264 1825 illi
298 1758 423 1825 molesti
458 1764 578 1825 essent:
615 1760 710 1827 Video
740 1760 785 1825 ait
818 1773 940 1825 comm
973 1762 1018 1825 ad
1045 1761 1173 1825 delicus
1210 1762 1293 1825 oeci·

122 1899 208 1953 mum
232 1878 386 1963 quicquid
410 1898 558 1962 asperum
582 1876 630 1942 cel
644 1877 774 1962 difficile
790 1878 936 1957 ceored,
961 1888 1059 1943 totam
1073 1877 1296 1942 declinandum

121 1994 309 2057 iudicamus.
351 1992 417 2059 Sed
439 2005 511 2058 esto.
551 1992 638 2057 Nam
667 1994 711 2057 acl
737 1992 877 2078 pieriam
903 1994 1045 2058 mnino·
1070 1995 1151 2058 sicut
1172 1991 1294 2057 callam

122 2130 231 2193 cogere
252 2107 334 2191 colo,
358 2110 415 2189 ita,
439 2112 470 2173 si
482 2110 559 2191 fieri
578 2122 692 2194 posset,
719 2130 823 2173 omnes
845 2130 899 2173 oce
914 2108 1039 2173 bmtcn'
1053 2108 1169 2174 vellem.
1203 2108 1293 2195 Repo

122 2237 236 2304 cutem,
260 2228 291 2289 ai
311 2227 422 2291 iacere
443 2246 507 2291 occ
530 2224 634 2305 colob,
659 2224 768 2291 saltem
789 2246 829 2289 ce
850 2246 899 2288 me
920 2225 1110 2309 impediatis.
1147 2222 1213 2291 Sue
1233 2226 1295 2289 vite

117 2352 303 2428 potestatem
331 2341 443 2407 bubect
468 2364 550 2405 anus
580 2342 729 2427 quicqum
758 2340 851 2404 b‘bcri
877 2342 950 2405 emis
974 2361 1043 2419 ooo,
1075 2340 1154 2406 liber
1177 2353 1206 2407 et
1228 2362 1293 2427 epo.

122 2457 282 2524 Dimidios
304 2479 353 2522 me
374 2457 479 2538 misti,
505 2456 638 2523 chromo.
676 2455 720 2522 Et
742 2455 849 2522 eiectis
872 2455 1028 2538 omnibus,
1052 2475 1123 2522 sese
1143 2457 1177 2521 in
1200 2453 1295 2522 cubili

123 2592 180 2638 sno
204 2591 303 2658 usque
326 2571 366 2638 ad
383 2591 547 2660 vesperam
571 2573 603 2638 in
628 2572 802 2638 einnonem
827 2570 923 2636 dedit
958 2570 1082 2638 Deinde
1104 2574 1196 2638 uocat
1218 2589 1294 2656 pue·

122 2707 194 2755 rum
216 2687 416 2772 familiarem,
440 2688 628 2775 precipiens,
652 2692 696 2771 ut,
720 2686 835 2752 clausis
859 2685 997 2771 undique
1019 2685 1120 2770 oseis,
1143 2705 1213 2752 ase
1227 2705 1294 2750 om-

122 2823 179 2872 nes
207 2804 366 2872 dimoveat
393 2802 578 2889 nullumque
606 2803 753 2870 admittat
779 2802 848 2869 sine
869 2802 970 2890 ipsius
992 2801 1192 2868 conscientia
1227 2799 1295 2879 Quo

120 2922 224 3005 facto,
249 2921 362 2990 secreti
383 2920 434 2988 sui
456 2940 595 3006 compos,
619 2920 723 3002 fugam
749 2918 934 2999 meditatur3
963 2915 1122 2984 itineralia
1143 2915 1293 3000 induitur,

120 3038 332 3123 succingitur3
357 3036 541 3104 indumenta
563 3055 621 3102 sua
643 3034 852 3102 sacerdotalia
865 3053 937 3100 cum
951 3032 1033 3100 libro
1048 3032 1147 3102 calice
1162 3031 1295 3117 aliisque

120 3153 311 3221 utensilibus
334 3153 367 3220 in
390 3152 528 3220 mantica
551 3171 682 3238 ponens,
705 3150 813 3216 omnia
833 3150 867 3216 in
890 3149 1038 3216 humeros
1055 3148 1155 3230 levat3
1179 3152 1294 3216 tectus-

121 3291 185 3357 que
208 3270 320 3337 umbra
342 3269 458 3353 noctis,
488 3267 598 3352 clami,
625 3266 837 3334 nescientibus
858 3267 995 3350 cunctis,
1017 3264 1219 3333 incomitatus
1242 3284 1294 3330 ur·

122 3387 194 3456 bom
232 3385 406 3470 egreditur,
435 3385 519 3452 viam
553 3403 685 3469 carpens
721 3401 780 3468 que
810 3382 913 3464 vergit
942 3381 1106 3448 Stetinam.
1154 3379 1295 3465 Cumque

121 3501 301 3588 aspexisset
322 3499 384 3568 huc
406 3507 500 3585 etque
522 3499 598 3566 illuc
620 3504 652 3565 et
666 3496 786 3564 nullum
804 3515 838 3564 se
852 3497 997 3564 comitari
1014 3496 1143 3581 videret,
1165 3495 1248 3564 letus
1263 3499 1296 3562 et

121 3617 229 3686 alacer
251 3618 290 3684 de
313 3616 522 3703 prosperitate
536 3615 613 3682 furti
629 3613 731 3681 Deum
747 3612 945 3696 benedicens,
969 3611 1155 3679 matutinale
1168 3610 1296 3678 inchoat

122 3733 277 3818 officium,
308 3732 442 3817 gliscens
471 3739 503 3798 et
530 3749 704 3817 properans
727 3733 829 3796 totum
852 3729 913 3794 iter
936 3733 1026 3796 nocte
1048 3727 1104 3795 illa
1125 3727 1293 3813 complere.

122 3851 268 3936 Cumque
295 3854 467 3916 nocturnus
491 3848 592 3914 viator
614 3846 698 3912 viam
729 3844 876 3911 ardenter
899 3850 1060 3930 carperet,
1088 3843 1167 3909 bora
1193 3842 1295 3908 noctis

123 3967 250 4034 decime
277 3965 341 4030 iam
370 3962 518 4030 instabat.
559 3961 673 4030 Clerici
700 3965 806 4028 autem
830 3981 848 4027 e
873 3960 1007 4026 diuersis
1035 3960 1144 4026 stratis
1165 3977 1295 4026 consur-

123 4088 235 4168 gentes
258 4101 329 4148 cum
354 4079 395 4146 ad
416 4078 565 4146 dicendas
588 4078 759 4146 matutinas
782 4098 817 4144 se
834 4076 1027 4160 colligerent,
1051 4075 1178 4161 quidam
1194 4095 1233 4141 ex
1249 4074 1295 4142 eis

124 4217 279 4285 suspenso
302 4195 402 4280 gradu
426 4196 465 4262 ad
488 4195 664 4264 cubiculum
689 4199 825 4281 pergunt
846 4192 1003 4278 episcopi;
1030 4198 1137 4260 utrum
1160 4192 1297 4259 dormiat

201 4363 221 4395 ιι.
245 4361 288 4395 uec
305 4348 335 4403 Ν,
353 4359 381 4394 ue
397 4345 450 4394 BR.
543 4346 565 4391 b.
589 4345 646 4391 elam
663 4367 683 4375 —
699 4343 786 4390 eunctis
803 4356 845 4389 esc
857 4342 895 4397 N,·
910 4341 988 4403 recepi
1004 4357 1032 4388 es
1048 4341 1101 4390 BR.

198 4443 223 4499 1.
244 4440 285 4499 Cl.
305 4440 365 4498 ubo
383 4441 422 4497 lll
442 4441 483 4498 15.
