3142 4850
322 320 388 386 646
581 335 705 386 esurus
728 337 808 384 vrrs
830 335 987 387 eunome.
1022 335 1088 384 tre.
1105 334 1133 382 11
1156 329 1245 383 rr.1s

226 513 293 568 1151
324 495 507 582 apparebat,
530 495 576 562 its
599 501 635 562 ut
656 495 771 562 rubeus
795 494 881 560 color
902 495 995 561 faciei
1017 500 1050 562 et
1070 493 1168 560 totius
1188 493 1329 578 corporis
1344 498 1491 558 uenustus

210 585 567 696 111ιίἠιιιίιιιοοὶιίιιιιιι
598 611 666 676 eius
693 609 877 693 ambignum
904 609 1031 676 faceret
1072 607 1139 674 Nec
1165 608 1295 689 mirum,
1323 607 1353 673 si
1381 607 1490 673 mortis

322 725 477 792 acerbitas
500 725 631 792 minime
653 723 714 790 sibi
736 724 839 791 locum
861 724 896 789 in
918 742 956 792 co
972 723 1168 807 vendicabat,
1191 723 1246 808 qui
1266 741 1333 790 non
1346 722 1388 788 ad
1410 741 1492 788 mor·

322 845 387 906 tem
411 839 466 905 aed
497 840 603 924 potius
627 839 665 906 de
688 845 790 904 morte
819 839 859 905 ad
881 839 980 906 ritum
1010 839 1192 904 transibat.
1234 838 1338 903 Antee
1367 837 1492 920 quidem

321 953 516 1037 frequentius
539 954 630 1036 gravi
653 959 685 1018 et
706 953 892 1036 longissima
913 952 1104 1020 decubuerat
1125 951 1312 1034 egritudine,
1334 957 1371 1016 ut
1393 951 1493 1018 virtus

322 1067 452 1153 spiritus
481 1069 515 1134 iu
543 1067 727 1134 infirmitate
754 1068 861 1134 carnis
889 1067 1090 1152 probaretur3
1119 1067 1176 1133 sed
1198 1067 1319 1133 cunctis
1346 1085 1408 1151 pro
1431 1065 1494 1132 virs

322 1188 355 1249 et
376 1183 512 1249 sanitate
534 1181 602 1248 eius
617 1181 761 1248 certatim
785 1181 1047 1267 supplicantibus,
1068 1182 1134 1248 ium
1148 1181 1349 1267 desperatum
1369 1184 1490 1265 patrem

322 1296 573 1364 amantissimum
588 1295 754 1378 Dominus,
778 1296 928 1380 quesite
949 1297 1019 1382 ipso
1041 1297 1153 1362 mortis
1174 1295 1285 1362 limine
1300 1300 1492 1377 revocatum,

321 1409 395 1478 liliis
436 1411 629 1478 merentibus
663 1417 696 1478 et
733 1410 914 1493 lugentibus
947 1411 1125 1477 incolumen
1156 1411 1263 1495 sepius
1295 1409 1490 1476 restituebat

322 1525 410 1592 Tunc
431 1530 548 1607 eutem,
571 1525 735 1610 premissis
764 1525 806 1592 ad
828 1525 999 1593 Dominum
1026 1525 1170 1611 pluribus
1192 1524 1297 1608 gregis
1319 1524 1370 1590 sui
1394 1524 1491 1590 mani·

321 1640 415 1726 pulis,
439 1646 471 1706 et
492 1639 562 1724 ipse
578 1645 686 1724 pastor
701 1639 848 1722 erimine,
871 1639 960 1706 breui
981 1645 1084 1706 tactus
1101 1639 1221 1721 morbo,
1244 1659 1341 1725 super
1355 1638 1490 1705 nobilem

323 1753 407 1822 huuc
434 1753 569 1822 nobilior
592 1754 660 1839 ipse
687 1754 752 1820 ruit
775 1773 931 1820 aceruum
969 1754 1046 1838 Qui,
1073 1773 1181 1836 regem
1203 1754 1302 1838 glorie
1324 1755 1360 1823 iu
1383 1755 1491 1820 decore

323 1890 379 1940 suo
394 1869 502 1936 videre
525 1868 719 1951 desiderans,
743 1868 924 1936 cottidianis
939 1887 1012 1936 cum
1034 1869 1191 1955 propbeta
1210 1869 1357 1954 suspiriis
1381 1869 1491 1936 decen·

322 1983 411 2052 tabet
433 1984 556 2050 dicens:
586 1982 690 2065 Quum
713 1985 827 2050 dilecta
841 1985 1053 2052 *tabenruealc
1074 1999 1141 2066 tua,
1164 1986 1303 2050 Domine
1325 1988 1491 2060 virum

323 2103 514 2185 conmtps'sos't
547 2113 575 2166 et
608 2099 710 2181 defiet
742 2103 851 2164 anima
882 2121 953 2166 meu
985 2103 1021 2165 ia
1054 2105 1140 2166 utria
1167 2101 1302 2166 Domini
1310 2095 1328 2164 ¹.
1432 2097 1491 2164 Sed

322 2212 380 2280 beo
402 2213 563 2280 testeum.
598 2212 690 2278 Nunc
711 2218 909 2280 revertamur
931 2212 972 2278 ad
994 2213 1146 2282 ordinem.

235 2337 305 2393 1125
416 2329 467 2394 18.
510 2327 609 2410 Igitur
639 2326 801 2412 apostolus
828 2325 1092 2411 Pomeranornm,
1126 2328 1200 2396 Otto
1234 2328 1322 2413 pins,
1357 2327 1493 2394 mutue

322 2442 457 2511 iratum
486 2462 523 2511 ec
545 2442 680 2509 liliorum
711 2462 839 2509 suorum
867 2443 1013 2528 precibus
1044 2451 1077 2511 et
1104 2444 1313 2528 legationibus
1336 2448 1493 2513 contraire

185 2572 307 2621 eroes
323 2558 519 2641 annualem,
541 2577 614 2625 oum
636 2558 722 2643 apud
737 2556 911 2625 Iulinenscs
933 2558 1114 2642 hiemasset,
1136 2560 1221 2627 cuca
1240 2559 1494 2645 purificationem

323 2678 431 2741 sancte
445 2672 555 2756 lllerie,
578 2678 708 2757 accepta
730 2672 769 2739 ab
785 2671 930 2739 omuibus
952 2671 1091 2757 licentia,
1112 2674 1239 2742 unicam
1262 2676 1324 2744 sibi
1343 2696 1494 2761 sponsam

322 2788 615 2871 Bubenbergensem
640 2786 805 2855 ecclesiam
829 2787 1006 2853 desiderato
1028 2788 1133 2855 reditu
1154 2790 1311 2859 concolori
1325 2792 1493 2877 disposuit

323 2902 390 2981 Quo
414 2902 531 2987 audito,
555 2902 644 2987 plebs
667 2901 818 2987 neophita
832 2900 1090 2987 Pomeranornm,
1111 2922 1176 2970 uon
1198 2906 1349 2973 mediocri
1371 2926 1493 2973 merore

322 3018 483 3103 perculsa,
511 3016 687 3085 lacrimosis
711 3016 856 3102 precibus
878 3018 1013 3101 uestigia
1034 3020 1081 3104 pii
1103 3019 1241 3087 doctoris
1263 3021 1387 3089 ambire
1407 3042 1493 3088 eum·

323 3152 384 3218 qne
412 3131 497 3217 apud
523 3152 558 3199 se
580 3132 721 3199 detinere
742 3138 856 3199 conata
884 3139 948 3214 est;
976 3134 1033 3199 sed
1059 3133 1093 3199 in
1121 3154 1256 3203 cessum
1296 3136 1369 3223 lpse
1398 3138 1493 3220 eninr,

322 3266 434 3331 graues
457 3246 491 3317 in
513 3252 599 3313 terra
614 3266 672 3313 suu
686 3247 882 3315 diversorum
898 3248 1099 3331 negociorum
1114 3268 1227 3316 causas
1241 3251 1304 3318 sibi
1317 3252 1493 3336 imminere,

236 3364 239 3373 ¹
322 3360 501 3446 respondit3
530 3362 586 3429 sed
614 3367 647 3429 et
673 3381 822 3445 magnum
851 3362 956 3429 anime
978 3382 1035 3431 sue
1060 3364 1238 3450 periculum
1260 3368 1439 3453 asserebat,
1466 3369 1493 3434 si

323 3476 397 3543 dum
422 3474 547 3543 Christo
576 3496 659 3543 nova
681 3477 721 3543 de
750 3477 862 3544 alienis
888 3478 1037 3561 gregibus
1059 3479 1148 3547 lucra
1169 3482 1319 3567 requirit,
1346 3485 1492 3569 proprias

323 3610 397 3659 oves
420 3590 543 3675 sibique
566 3591 745 3676 specialiter
768 3591 944 3675 assignatas
966 3593 1149 3677 negligeret

411 3704 548 3789 Moxque
570 3704 709 3773 adunate
731 3706 887 3773 sociorum
911 3716 944 3775 et
964 3714 1203 3795 cooperatorum
1227 3712 1331 3796 urbs,
1353 3720 1493 3797 cunctos,

322 3818 436 3903 quibus
464 3819 537 3887 fidei
569 3820 700 3887 verbum
729 3820 1006 3906 dissemineserat,
1040 3826 1188 3899 circuivit
1220 3830 1254 3892 et
1280 3827 1314 3893 in
1340 3828 1493 3913 ιοὶίςίοιιο

322 3933 495 4003 christiana
522 3940 587 4001 tam
616 3935 746 4003 monitis
769 3956 863 4019 quam
895 3944 928 4005 ct
954 3939 1101 4024 precibus
1130 3939 1253 4007 devotis
1285 3940 1491 4009 mnfirmria

321 4046 463 4115 Primum
487 4068 561 4117 vero
584 4048 746 4117 castellum
771 4049 896 4134 Gemin,
920 4053 994 4119 erin
1016 4053 1232 4123 Dodinensem
1253 4056 1357 4123 locum
1381 4058 1415 4123 in
1438 4058 1492 4124 bo·

322 4181 399 4228 nore
421 4166 529 4230 sencte
544 4164 645 4229 crucis
667 4170 883 4231 consecratum
908 4167 1002 4249 adiit;
1026 4167 1081 4234 ubi
1103 4169 1219 4236 multos
1234 4169 1491 4253 Pomeranorum,

322 4273 363 4341 de
391 4276 502 4342 insulis
531 4278 629 4345 maris
657 4298 819 4364 reversos,
848 4280 902 4345 ubi
930 4281 1045 4348 timore
1066 4282 1200 4350 Polizlai
1228 4286 1318 4352 duom
1346 4286 1490 4355 occultati

391 4426 412 4458 a
434 4414 560 4466 transiebat
577 4414 624 4465 OB.
817 4484 819 4487 y
855 4412 880 4463 1.
899 4409 944 4465 ΡΙ.
957 4411 1001 4481 88,
1020 4412 1085 4469 Η.
