3142 4850
408 247 415 267 ’
483 289 532 337 ux
553 288 722 338 -rorus
744 289 849 339 nunno
958 328 962 335 .
1190 270 1256 337 543

98 445 175 529 bms,
197 451 228 513 ot
249 446 446 514 occasionem
460 446 670 531 diligentioris
690 448 907 533 inquisitionis
929 447 988 515 tibi
1010 448 1146 535 praebeo
1170 454 1203 514 ot
1224 453 1256 517 ts
1275 462 1346 519 1135

95 560 236 645 iuvenire,
258 562 344 649 quod
367 580 424 647 ego
446 563 552 629 minus
574 563 676 650 potui,
698 584 762 629 uon
783 563 921 648 invideo,
944 563 1051 650 potius
1069 563 1255 631 cordetenus

95 676 281 761 congaude03
304 682 429 765 optans,
452 684 499 763 ut,
522 678 550 744 si
573 698 636 746 uon
659 698 717 765 per
738 699 801 763 me,
824 679 938 747 saltem
960 700 1018 766 per
1040 683 1072 745 te
1094 678 1188 745 huius
1207 679 1256 747 rei

94 790 190 879 aliqua
210 793 355 861 ueritatis
376 792 533 861 certitudo
556 792 722 862 elucescat

263 1110 502 1181 PRAEFATIO
532 1110 802 1181 POSTERIORIS
832 1112 1071 1181 EDITIONIS·.

91 1250 246 1340 Incipit*
275 1254 435 1322 cronica
466 1256 653 1340 magistri
680 1255 882 1324 Heimouis
914 1255 1055 1323 fratris
1087 1256 1255 1323 fratrum

89 1365 219 1437 Sancti
240 1369 373 1438 Iacobi
397 1371 439 1438 iu
460 1370 781 1456 Babenbergensi
805 1372 990 1455 ecclesia,
1020 1391 1090 1457 que
1113 1372 1170 1438 sic
1196 1371 1256 1437 in·

580 1487 754 1555 choatnr.

169 1600 221 1669 Ad
249 1601 382 1669 fratrem
412 1606 445 1668 et
472 1603 752 1689 compresbiterum
780 1602 1031 1686 Buroburdum·,
1066 1601 1253 1669 monachum
1274 1618 1344 1674 1135

87 1718 182 1784 sancti
202 1716 400 1803 Micbabelis,
422 1716 519 1805 paulo
542 1724 615 1786 aute
637 1720 752 1806 scripsi
773 1719 891 1786 librum
914 1718 952 1784 de
976 1717 1110 1785 decursu
1132 1722 1255 1805 tempo·

86 1850 152 1898 ruur
173 1834 214 1900 ab
237 1834 360 1918 origine
381 1834 492 1901 mundi
514 1854 614 1920 usque
637 1835 677 1902 ad
698 1839 843 1902 nostrum
862 1839 1005 1919 tempus3
1029 1833 1197 1901 ostendeus
1220 1834 1255 1899 iu

85 1966 133 2014 eo:
164 1968 263 2035 quare
294 1952 421 2018 cronIca
449 1951 632 2036 supputatio
660 1950 883 2017 modernorum
916 1948 1112 2035 quorundam
1144 1968 1254 2016 crono-

84 2064 240 2145 grutorum
264 2071 298 2133 et
318 2066 414 2149 etiam
437 2065 565 2150 regulae
588 2064 628 2134 de
652 2066 742 2132 cunis
757 2066 887 2133 Domini
902 2063 952 2132 rel
976 2066 1016 2133 ub
1032 2063 1141 2131 initiod
1157 2062 1255 2131 seculi

83 2177 289 2266 inveniendis,
310 2182 467 2249 inculcate
488 2181 581 2249 uobis
603 2181 810 2248 amsioribus
833 2181 962 2265 nostris,
985 2200 1049 2247 non
1065 2180 1256 2249 concordent

82 2297 289 2381 ewangelicae
312 2297 439 2365 veritati
462 2284 495 2364 et
516 2302 699 2363 sanctorum
721 2301 850 2384 patrum
873 2297 1064 2364 auctoritati.

166 2412 203 2481 Iu
228 2435 290 2501 quo
317 2412 399 2482 libro
422 2413 572 2499 quoniam
598 2412 632 2480 in
662 2412 740 2481 Iocis
762 2413 918 2500 quaedam
943 2410 1254 2500 superabundabant,

81 2527 214 2612 quedam
238 2530 366 2598 brevius
389 2536 422 2597 et
443 2529 606 2597 obscurius
629 2530 735 2615 posita
755 2530 892 2614 fueraut,
919 2535 951 2596 et
974 2535 1080 2597 tamen
1104 2533 1177 2596 ante
1200 2527 1255 2596 de-

81 2641 177 2712 bitam
192 2646 435 2730 castigadonem
448 2645 533 2712 idem
548 2645 629 2713 liber
644 2652 756 2714 conns
768 2645 962 2713 voluntatem
980 2665 1084 2712 meam
1096 2665 1115 2712 a
1126 2644 1254 2730 quibus-

80 2757 151 2826 dam
177 2762 409 2850 transscriptus
438 2767 522 2845 erat,
556 2760 676 2849 placuit
703 2761 782 2828 milri
810 2761 843 2828 in
878 2760 1135 2828 retractationem
1167 2757 1254 2826 illius

78 2871 160 2944 bunc
186 2877 308 2945 librum
337 2878 550 2960 conscribere3
580 2884 617 2944 ut
639 2876 801 2961 videficet,
830 2876 978 2963 quicquid
1005 2877 1039 2942 iu
1067 2875 1121 2942 illo
1148 2876 1253 2942 miuus

78 2992 241 3077 provisum
263 2993 369 3062 fuerat
391 2993 441 3060 vel
464 3013 504 3061 ex
526 3013 579 3060 me
606 2992 763 3060 scribente
786 2992 836 3060 vel
864 2994 904 3061 ab
927 2992 989 3058 ulio
1019 2991 1158 3078 quolibet
1180 2995 1253 3060 unte

76 3109 336 3178 retractationem
358 3109 600 3194 transcribente,
622 3109 657 3174 id
678 3109 713 3174 in
727 3109 791 3175 isto
806 3108 990 3191 castigatius
1007 3113 1039 3174 et
1057 3107 1253 3174 emendatius

77 3241 114 3291 ao
133 3224 265 3312 planius
287 3224 425 3293 inueniri
446 3224 561 3293 valeat
597 3223 658 3292 Est
682 3230 788 3291 autem
811 3225 945 3291 materia
968 3223 1060 3291 buius
1082 3223 1155 3290 libri
1179 3243 1254 3291 con·

76 3339 183 3408 duuus
207 3361 365 3409 annorum
392 3341 544 3408 decursus
567 3361 587 3408 a
608 3340 766 3428 principio
788 3339 899 3409 muudi
921 3360 1020 3426 usque
1043 3340 1083 3408 ad
1109 3344 1253 3408 nostrum

75 3459 211 3544 tempus.

162 3573 306 3642 Intentio
322 3580 386 3642 est:
403 3593 422 3640 a
436 3573 514 3640 luna
522 3572 621 3658 XIIII,
638 3573 721 3641 sicut
735 3577 784 3640 est
799 3572 946 3660 primitus
959 3576 1066 3638 creata
1076 3571 1109 3638 in
1123 3575 1252 3657 quarta·

74 3686 155 3755 lerIa
171 3691 216 3755 12
232 3687 304 3756 Kal.
321 3687 454 3776 Aprilis,
477 3688 695 3756 descendendo
716 3688 892 3772 ostendere,
915 3687 1013 3755 luisse
1034 3687 1143 3754 lunam
1164 3686 1253 3754 XIIII

73 3805 251 3872 secundum
274 3803 407 3872 Latinos
433 3810 466 3872 et
488 3804 622 3890 Grecos,
649 3805 706 3873 sed
728 3803 787 3871 XV
810 3803 982 3871 secuudum
1004 3802 1116 3872 Iudeoe
1144 3804 1177 3869 in
1201 3823 1252 3870 oc-

74 3920 156 3986 tavis
178 3919 335 3987 Kalendis
350 3919 482 4006 Aprilis,
507 3921 631 4006 quando
654 3941 768 4007 passus
792 3926 840 3987 est
854 3920 1025 4001 Dominus3
1049 3925 1082 3987 et
1104 3923 1254 3985 econtra

73 4036 276 4105 ascendendo
299 4057 319 4102 a
340 4034 429 4102 XIIII
452 4035 528 4103 luna
550 4037 646 4122 primi
673 4038 807 4120 mensis,
839 4054 919 4121 quae
943 4041 991 4102 est
1012 4035 1166 4102 terminus
1196 4054 1252 4121 pa-

74 4151 191 4220 schalis
208 4153 286 4220 anui
307 4151 479 4239 presentis:
503 4152 726 4220 nichilominus
739 4152 838 4218 fuisse
852 4150 960 4218 lunam
976 4149 1065 4218 XIIII
1080 4149 1251 4218 secuudum

143 4345 167 4378 ι.
191 4345 223 4379 ex
240 4331 261 4377 T
270 4329 319 4394 sol.
331 4332 360 4388 8,
382 4329 407 4377 Ε
417 4327 467 4391 sol
476 4331 513 4376 14.
703 4331 725 4378 b.
748 4329 859 4388 Prologus
876 4329 900 4376 Ii
915 4343 962 4390 pro
981 4328 1064 4388 Incipit
1083 4351 1106 4360 -
1125 4328 1253 4376 inchoatur.

73 4423 94 4457 c.
116 4409 278 4459 Burckardum
293 4411 323 4460 Ε.
417 4410 440 4458 d
464 4409 543 4457 muudi
558 4409 631 4457 moult
646 4410 670 4456 Τ.
764 4425 785 4457 a.
809 4409 907 4470 ssptluru
923 4410 951 4456 E.
