3142 4850
361 335 485 386 usours
506 337 588 384 vrrs
610 337 768 386 omerus
801 339 868 387 nra
884 339 925 386 111
945 336 1001 389 co
1201 320 1265 388 667

94 496 160 558 tota
182 491 286 560 bieme
308 494 609 580 superhabundaret
645 496 763 574 Quibus
787 498 884 564 etism
900 497 1083 565 condiendis
1105 517 1170 562 non
1191 517 1266 584 par·
1303 514 1372 568 112⁷

92 626 165 673 vam
189 607 264 674 salis
287 609 495 693 quantitatem
519 631 539 677 a
560 613 642 678 bono
664 611 863 698 predicatore
884 612 1008 680 coemit
1282 587 1399 647 ΨΜ
1471 606 1475 618 ’

181 722 262 790 Erat
290 726 385 792 etiem
413 725 480 792 illic
509 725 716 794 barbarorum
744 729 848 811 ustio,
878 749 939 813 que
960 727 1062 794 Moris
1084 727 1264 794 vocabatur.

91 836 174 922 Hac,
205 839 313 906 audita
340 840 423 907 beati
451 844 586 926 presulis
609 843 772 928 opinione,
800 844 884 910 ultro
906 863 941 910 se
963 841 1036 908 fidei
1059 843 1265 910 sacramentis

91 953 133 1019 ab
155 973 192 1020 eo
214 955 314 1021 imbui
337 955 514 1043 expetebat.
551 955 613 1024 Sed
636 959 715 1044 ipse,
740 964 775 1025 ut
790 959 840 1024 vir
861 957 999 1044 prudens
1021 962 1053 1022 st
1068 958 1266 1042 sagacissimi

89 1069 227 1154 ingenii,
257 1072 297 1137 ad
319 1071 523 1158 Nor-iperium
547 1073 793 1160 archipresulem
821 1093 913 1140 suum
939 1093 992 1140 eos
1015 1072 1189 1156 dirigebat3
1218 1073 1266 1139 di·

90 1204 182 1252 cens:
211 1185 356 1254 illidium
385 1207 454 1254 esse
482 1208 577 1275 super
606 1189 742 1256 alienum
770 1188 1010 1255 fundamentum
1039 1186 1200 1269 edificare3
1231 1207 1265 1254 se

89 1301 197 1387 potins
221 1302 261 1368 ad
283 1305 469 1370 remotiores
491 1309 600 1386 gentes
623 1305 725 1371 edicto
749 1303 856 1370 domni
883 1323 967 1390 pape
988 1309 1021 1369 et
1041 1303 1158 1370 litteris
1173 1300 1266 1369 Wor·

88 1415 181 1482 tizlai
197 1416 284 1484 ducis
299 1417 486 1486 Pomeranie
502 1425 674 1486 euocatum.
710 1419 755 1486 At
771 1419 829 1503 illi,
852 1418 1171 1503 Msgdeburgensem·
1186 1437 1265 1504 pon·

89 1531 207 1599 bilicem
236 1553 270 1599 se
297 1533 382 1602 nolle
408 1535 496 1619 sequi
526 1539 754 1620 protestantes,
783 1535 859 1620 quia
887 1534 1074 1618 grauisdmo
1103 1534 1265 1600 seruitutis

88 1647 164 1731 iugo
188 1669 242 1715 eos
265 1649 446 1736 opprimere
467 1651 632 1732 niteretur,
657 1651 697 1734 ei,
720 1655 883 1733 tamquam
905 1648 966 1716 Dei
989 1649 1043 1735 pio
1066 1668 1167 1732 servo,
1197 1668 1264 1716 cer·

87 1763 191 1830 vicem
215 1765 319 1830 cordis
341 1764 504 1832 humiliter
526 1765 711 1832 submittere
735 1771 766 1832 et
789 1765 882 1831 dictis
905 1766 972 1830 sius
1000 1783 1059 1849 per
1081 1764 1188 1830 omnia
1209 1763 1266 1830 ob-

89 1877 201 1945 audire
224 1879 422 1964 pollicentur.
458 1879 596 1958 Quorum
613 1880 810 1946 devotionem
825 1881 962 1962 intuens,
986 1879 1119 1961 benigue
1133 1897 1265 1964 respon·

88 1993 153 2059 dit:
183 2013 217 2061 se
241 1995 366 2078 quidem
390 1996 518 2062 interim
547 1995 719 2079 adgentes
743 1995 805 2062 sibi
827 1994 1013 2062 commissas
1035 1993 1180 2075 tendere;
1208 1993 1264 2060 ssd

87 2113 164 2195 post
186 2129 294 2176 earum
319 2111 564 2194 couversionem,
589 2112 615 2177 si
639 2111 672 2177 iu
692 2111 752 2178 hac
767 2109 929 2178 voluntate
951 2109 1166 2196 persicarum
1191 2127 1264 2176 auc·

87 2223 219 2291 toritate
242 2230 274 2293 st
296 2225 453 2312 permissu
469 2225 575 2292 domni
599 2245 682 2311 pape
705 2231 801 2311 atque
814 2245 969 2294 consensu
983 2224 1145 2310 Noriperti
1162 2223 1264 2291 archi·

87 2341 232 2427 episcopi
255 2361 308 2407 eus
331 2341 456 2428 inpigre
478 2341 689 2408 visitaturum.

181 2456 212 2521 5.
247 2456 345 2541 lgitur
359 2458 489 2525 veniens
513 2457 553 2524 ad
573 2458 683 2524 urbem
700 2451 905 2539 Timiuaml¹‚
928 2475 1079 2539 magnum
1100 2453 1167 2521 illic
1189 2454 1264 2521 belli

86 2576 279 2658 apparatum
302 2573 512 2657 hostilemque
533 2572 750 2639 Luticensium
772 2571 983 2637 incursionem
1010 2570 1139 2655 reperit
1181 2569 1264 2636 Nam

84 2686 291 2772 Luticenses,
320 2709 452 2774 quorum
477 2688 588 2755 ciuitas
617 2707 688 2753 cum
715 2687 790 2753 bno
818 2707 875 2752 suo
898 2707 917 2752 a
939 2685 1167 2769 gloriosissimo
1189 2704 1263 2767 rege

84 2802 240 2870 Loihario
263 2803 331 2871 zelo
353 2804 477 2871 iusticie
500 2823 601 2889 nuper
623 2804 688 2885 igni
718 2808 787 2870 erat
808 2801 943 2884 tradite,
972 2800 1082 2867 urbem
1106 2799 1263 2865 Timinam

84 2925 216 2986 uastare
239 2920 385 3003 civesque
412 2920 480 2986 eius
502 2920 663 3006 captivare
689 2918 881 2985 nitebantur.
922 2915 985 2982 Sed
1011 2916 1088 3002 ipsi,
1118 2915 1164 2981 eis
1187 2915 1263 2981 uiri·

83 3034 164 3101 liter
178 3035 370 3119 resistentes,
386 3034 551 3101 Wortizlai
567 3034 655 3102 ducis
679 3034 833 3101 auxilinm
851 3030 1063 3116 requirebant
1098 3030 1173 3097 Dux
1189 3051 1263 3097 vero

85 3149 183 3217 besto
205 3151 290 3237 patri
312 3156 431 3234 nostro,
456 3151 623 3217 adrentum
640 3169 732 3217 sunm
751 3147 817 3215 illic
840 3146 1018 3234 prestolari,
1041 3146 1262 3227 mandauerat;

84 3285 184 3351 quem
207 3267 302 3333 etiam
325 3287 383 3353 per
399 3266 529 3333 biduum
552 3286 615 3332 nou
638 3266 707 3331 sine
730 3263 870 3349 periculo
893 3262 1007 3349 capitis
1030 3262 1081 3327 sui
1102 3262 1186 3327 iuter
1207 3260 1264 3327 ho·

84 3380 178 3448 stilos
202 3382 361 3448 discursus
385 3381 597 3467 exspectabat
689 3380 761 3466 lpse
778 3398 855 3444 vero
878 3378 929 3443 die
951 3377 1105 3443 adrentus
1128 3376 1263 3463 presulis

85 3496 200 3563 eximii
228 3497 313 3563 cives
335 3497 533 3564 liminenses
562 3501 635 3563 ante
662 3501 788 3581 portam
819 3498 991 3560 conuentus
1020 3492 1162 3559 forenses
1191 3512 1263 3576 age·

85 3610 176 3678 bant
218 3609 280 3678 Sed
305 3611 380 3696 quia
402 3612 514 3678 civitas
543 3611 576 3677 in
599 3610 681 3677 valle
708 3611 812 3695 posita
835 3614 918 3692 erat,
949 3608 1019 3693 ipso
1041 3607 1263 3674 dementibus

84 3746 160 3793 cum
195 3732 261 3793 tum
291 3726 418 3812 copioso
446 3727 579 3809 triginta
611 3726 825 3813 plaustrorum
859 3728 1016 3809 apparatu
1045 3723 1263 3805 descendente,

84 3841 179 3929 plebs
195 3841 308 3925 omnis,
331 3842 524 3908 tumultuoso
548 3841 607 3907 hoc
629 3838 917 3927 perterrita.sonitu
933 3837 1132 3922 boetiumque
1147 3856 1264 3904 cuneos

84 3976 186 4043 super
208 3976 243 4023 se
264 3957 420 4024 arbitrata
440 3957 578 4041 irruere,
607 3956 717 4023 urbem
740 3954 926 4039 quantocius
954 3954 1078 4037 ingredi
1103 3972 1200 4037 seque
1223 3952 1264 4018 ad

83 4072 298 4139 resistendum
317 4091 489 4159 preparare
503 4070 641 4137 molitur.
671 4070 959 4156 Appropinquants
973 4088 1065 4134 seruo
1080 4066 1151 4150 Dei,
1166 4065 1264 4133 nicbil

86 4206 249 4253 armorum
272 4187 307 4253 in
330 4188 463 4253 circuitu
486 4186 553 4253 eius
580 4187 636 4253 sed
664 4186 768 4272 potius
792 4182 943 4251 uexillum
966 4184 1068 4250 crucis
1090 4180 1265 4268 deprehen·

161 4350 183 4383 a
206 4336 438 4395 llagedsburgenssm
456 4335 480 4384 0.
604 4336 627 4383 b.
651 4334 761 4394 Timynan
780 4332 805 4392 G,
821 4332 933 4393 Tyminsn
947 4333 977 4381 B.

161 4432 186 4486 1.
204 4431 342 4487 Demmin.

131 4525 213 4580 Jurs'.
228 4530 374 4575 Bibliotheca
384 4529 413 4572 V.
1016 4514 1052 4569 42
