3142 4850
316 276 391 339 Ι816
578 292 758 341 senecam
780 290 963 340 nusmous.
997 292 1064 339 us
1079 292 1119 338 nr
1140 287 1246 339 no-aa

238 467 306 520 1127
325 452 388 518 iam
413 450 503 536 quasi
518 451 567 517 vir
589 472 670 517 unus
692 452 725 517 id
748 452 854 538 ipsum
875 450 1019 537 sapiebat
1033 451 1068 515 iu
1082 446 1246 516 nemine.
1281 448 1408 515 Gaudet
1428 450 1502 534 epi-

325 587 449 653 scopus,
470 566 608 633 letantur
623 567 818 648 sacerdotes3
841 564 1043 650 magnificata
1057 569 1133 631 suunt
1145 566 1180 630 in
1194 563 1325 631 consilio
1339 565 1501 630 iustorum

325 703 422 770 opera
444 682 571 748 Domini
579 678 600 747 ².

415 800 468 864 21.
496 797 606 863 Preter
627 797 708 863 hanc
729 802 835 864 autem
851 796 1027 883 spiritualis
1046 796 1151 861 leticie
1169 796 1364 863 occasionem
1388 796 1503 861 divina

324 915 448 982 bonitas
472 913 518 980 illi
542 914 663 980 civitati
688 914 782 980 etiam
806 913 846 979 de
867 914 1032 998 inopinato
1047 910 1210 998 corporale
1224 912 1424 978 commodum
1444 933 1503 979 ex-

325 1030 435 1097 hibuit
471 1029 551 1094 Nam
576 1029 729 1096 immense
751 1028 845 1095 molis
868 1048 906 1095 ac
928 1027 1155 1111 magnitudinis
1177 1023 1388 1110 rombonem³‚
1411 1029 1503 1093 circs

324 1152 434 1233 portus
458 1146 554 1212 maris
576 1149 608 1211 et
623 1164 719 1211 naves
734 1166 768 1211 sc
783 1149 1005 1228 ostentantem,
1028 1145 1220 1229 piscatorum
1236 1164 1348 1211 manus
1363 1144 1403 1210 ad
1419 1144 1502 1209 litus

325 1263 418 1329 eiecit
441 1262 474 1327 in
497 1281 605 1328 mense
625 1260 778 1345 Augusto,
801 1280 873 1327 cum
896 1261 1058 1328 tamenin
1080 1260 1157 1326 locis
1180 1260 1244 1326 illis
1266 1259 1340 1325 talis
1362 1267 1503 1346 captura

324 1398 387 1445 ncn
410 1379 472 1443 nisi
488 1376 607 1445 vernali
623 1382 765 1463 ternpore
782 1382 935 1444 occurrat
970 1376 1020 1442 lh
1037 1376 1125 1443 cuius
1140 1376 1287 1443 carnibus
1302 1395 1339 1442 ac
1362 1376 1503 1461 pingue·

324 1493 397 1561 dine
420 1514 528 1560 omues
552 1494 635 1559 cives
659 1499 765 1579 partes
788 1494 919 1579 capiunt
941 1498 974 1560 et
995 1492 1154 1578 episcopo,
1177 1492 1267 1559 cuius
1289 1492 1414 1558 meritis
1440 1492 1503 1558 boe

324 1630 437 1677 munus
462 1609 668 1693 ascribebant,
692 1608 875 1696 plusquam
898 1609 1064 1676 absumere
1083 1628 1155 1674 cum
1171 1609 1237 1674 suis
1252 1608 1400 1675 omuibus
1424 1629 1502 1695 poe

324 1732 382 1811 set,
406 1730 585 1814 apportant

414 1842 466 1907 22.
491 1841 609 1907 Verum
625 1846 689 1907 mm
705 1839 777 1907 letis
793 1840 958 1907 eventibus
973 1840 1139 1925 temptatio
1154 1859 1218 1905 nou
1234 1840 1343 1905 deluit.
1414 1840 1500 1907 Nam

324 1978 395 2025 cum
419 1956 559 2024 delendis
582 1960 615 2023 et
637 1956 834 2043 extirpandis
856 1957 939 2023 fanis
954 1954 1119 2042 ydolorum
1142 1960 1175 2021 et
1191 1958 1289 2021 sacris
1313 1954 1500 2038 diligentius

324 2074 484 2141 insisteret
499 2072 675 2159 episcopus,
699 2073 795 2140 etiam
812 2072 956 2140 arborem
972 2067 1078 2138 rrrucis⁴
1093 2071 1236 2139 mirande
1251 2071 1499 2157 pulchritudinis

324 2188 416 2276 ydolo
433 2189 581 2271 dicaam,
597 2208 637 2254 ne
652 2187 801 2255 scandalo
818 2195 902 2256 esset
916 2187 1056 2270 rudibus,
1072 2186 1199 2254 volebat
1211 2187 1362 2255 incidere.
1393 2187 1498 2253 Vicini

324 2310 446 2388 autem,
476 2305 528 2388 qui
551 2304 663 2369 umbra
686 2306 753 2371 eius
778 2309 810 2371 et
832 2304 1002 2371 amenitate
1024 2322 1099 2389 sepe
1120 2302 1268 2369 delectati
1289 2303 1437 2387 fuerant,
1459 2324 1500 2370 ne

322 2420 476 2488 incideret
493 2441 572 2504 eam,
596 2419 759 2504 rogabant.
794 2418 893 2486 Porro
908 2420 975 2504 agri
990 2439 1154 2506 possessor
1169 2418 1388 2493 vehementius
1403 2422 1498 2487 nasci

324 2544 417 2623 atque
438 2537 597 2621 indignari
621 2537 718 2622 cepit;
746 2536 881 2621 aliisque
902 2536 1043 2602 modeste
1066 2535 1248 2620 agentibus,
1271 2537 1323 2602 bic
1347 2539 1446 2604 minis
1466 2543 1499 2604 et

323 2653 511 2720 clamoribus
538 2652 661 2736 longius
685 2653 865 2735 resistens,
889 2645 1031 2718 'furorem
1054 2653 1202 2718 evomuit.
1249 2652 1377 2738 ltaque,
1408 2656 1498 2740 quasi

323 2768 485 2856 paululum
507 2769 614 2836 lurore
637 2769 757 2855 sopito,
787 2769 917 2835 silenter
940 2788 959 2834 a
982 2774 1070 2852 tergo
1094 2768 1229 2852 accedit,
1253 2768 1406 2854 nulloque
1427 2791 1498 2856 spe

266 2945 268 2950 .
323 2889 423 2969 rante,
447 2885 579 2950 securim
604 2883 749 2951 bellicam
772 2885 915 2969 utrisque
936 2884 1082 2951 manibus
1100 2884 1219 2968 levans,
1242 2889 1341 2970 caput
1355 2886 1498 2972 episcopi

321 3000 417 3068 ferire
445 2999 532 3066 nisus
562 3006 618 3066 est.
667 2999 729 3066 Sed
752 2999 807 3066 illo
830 3002 1043 3085 presentiente
1066 3007 1161 3086 atque
1181 3001 1215 3068 in
1239 3006 1365 3088 partem
1388 3022 1427 3069 se
1448 3024 1499 3069 ra·

322 3117 446 3202 pleuto,
474 3115 619 3202 bipennis
649 3134 737 3182 casso
761 3116 892 3183 vulnere
918 3119 952 3184 in
980 3117 1101 3184 trabem
1131 3117 1252 3202 pontis,
1280 3117 1373 3183 iuxta
1403 3139 1497 3204 quem

323 3233 459 3316 stabant,
482 3230 606 3318 perlata
629 3237 677 3297 est
699 3236 764 3296 tam
780 3231 916 3315 fortiter,
940 3240 976 3298 ut
991 3232 1158 3300 aleriente
1173 3233 1280 3300 reduci
1296 3254 1362 3300 non
1377 3243 1496 3320 posset.

322 3349 501 3414 Accumunt
516 3365 634 3430 omnes,
655 3348 926 3432 comprehendunt
939 3350 1070 3416 trahunt
1083 3349 1216 3416 trudunt
1229 3348 1392 3416 infelicem
1407 3350 1495 3418 illum

322 3471 364 3548 et,
387 3464 448 3530 nisi
473 3483 528 3550 per
550 3463 763 3530 interventum
787 3464 956 3551 episcopil,
980 3465 1091 3533 eadem
1113 3465 1216 3532 securi
1239 3466 1463 3534 trucidassent

412 3579 557 3645 Tiemc:
585 3577 645 3644 Hic
667 3578 763 3663 forte,
777 3579 840 3647 bic
861 3580 975 3666 aliquis
997 3583 1148 3665 grunniet
1168 3580 1337 3648 malivolus
1360 3583 1495 3649 auditor.

322 3695 404 3762 Nam
427 3699 460 3761 et
482 3714 538 3779 ego
562 3715 685 3780 quoque
708 3695 807 3762 miror
829 3732 871 3742 -
895 3697 923 3762 si
945 3697 992 3763 ita
1014 3702 1072 3782 est,
1096 3704 1131 3764 ut
1153 3698 1269 3764 macris
1285 3733 1329 3743 —
1345 3700 1402 3782 qui
1418 3698 1496 3764 alias

323 3812 363 3877 ad
390 3811 526 3878 martirii
553 3810 691 3898 palmam
716 3810 798 3878 ultro
822 3832 856 3878 se
877 3813 1021 3897 ingerere
1044 3819 1175 3900 paratus
1197 3814 1272 3896 luit,
1303 3814 1391 3899 quod
1414 3815 1495 3880 bunc

322 3933 387 3994 mm
405 3925 541 3992 validum
565 3926 663 3992 ictum
686 3945 749 3993 non
773 3929 921 4014 suscepit
958 3930 1025 4010 Qui
1045 3934 1129 3996 esim
1150 3932 1266 3996 tecam
1281 3944 1415 3996 mortem
1435 3955 1494 4018 up-

320 4046 411 4130 petr'it
433 4041 517 4108 dicet
540 4041 653 4126 aliquis
677 4066 775 4129 quare
797 4069 881 4111 ncnc
903 4049 1073 4112 seems
1094 4068 1159 4112 aco
1181 4047 1350 4112 monuit?

412 4157 611 4226 Sefridus:
635 4160 687 4225 An
702 4160 821 4228 nescis:
846 4160 932 4227 abad
949 4181 1028 4246 esse,
1052 4181 1092 4228 ex
1107 4160 1237 4228 consilio
1261 4165 1294 4227 et
1307 4161 1494 4228 fortitudine

394 4321 414 4354 u.
439 4309 537 4356 astetens
554 4311 585 4366 N,
602 4311 713 4358 areisans
730 4311 781 4358 ΒΕ.
906 4312 929 4360 b.
952 4311 1062 4372 prclrlbiti
1078 4313 1156 4358 meent
1169 4308 1285 4358 eccidisse
1298 4311 1403 4359 videtur.

394 4403 418 4456 1.
437 4402 552 4474 Philipp.
562 4405 588 4474 4,
599 4406 624 4460 2.
680 4407 704 4460 2.
723 4406 768 4461 Ps.
779 4407 822 4477 91,
833 4407 857 4461 t.
915 4407 941 4462 3.
961 4405 1175 4463 Cf.Ebcllll'l.
1229 4407 1256 4462 4.
1276 4406 1491 4463 ΟἱΕδοΙΙῙΙᾶ
