3142 4850
378 372 558 419 annnorum
580 374 763 422 nranocnS.
799 376 893 422 nnat
916 372 971 423 us
1195 360 1257 425 711

93 529 302 595 conservande
336 536 392 596 aut
427 533 524 597 etiarn
558 534 700 615 augenda
732 534 814 599 ratio
855 532 1030 619 postularet
1038 530 1055 599 ¹.
1105 534 1260 620 Equidem

95 644 185 710 homo
207 645 313 728 grauis
336 648 443 711 omnia
464 646 549 713 iacta
570 668 629 713 sua
650 654 736 713 certo
757 649 875 713 iudicio
898 647 1118 733 ponderabat¹.
1158 649 1259 734 Unde,

94 761 120 825 si
142 760 311 845 aliquando
325 781 377 827 res
392 763 494 827 maior
509 768 565 827 aut
577 763 685 829 utilior
700 782 817 846 magna
831 764 997 847 largitione
1012 762 1260 849 acquirebatur⁸,

93 894 288 960 nequaquam
317 896 446 942 manum
476 880 643 944 contraxit.
685 877 788 944 Causa
817 880 914 961 igitur
935 880 1112 961 largitionis
1136 898 1261 966 semper

93 991 121 1055 ei
142 990 204 1056 luit
226 997 280 1057 aut
301 992 422 1058 utilitas
446 999 501 1059 aut
522 990 709 1059 necessitas⁴
725 1000 780 1059 aut
795 994 942 1061 honestas
960 999 1015 1060 aut
1029 995 1134 1061 divine
1155 1014 1260 1061 remu·

92 1105 263 1171 nerationis
284 1108 428 1173 intuitus.
464 1108 546 1173 Huic
568 1114 673 1173 autern
697 1127 793 1193 super
815 1110 921 1175 omnis
943 1110 1094 1192 intentus,
1119 1112 1260 1177 omnium

92 1220 297 1303 indigentium
321 1223 370 1287 uel
395 1222 535 1307 qnalibet
556 1223 736 1289 calamitate
764 1242 988 1309 oppressorum
1012 1244 1178 1291 commune
1199 1226 1261 1292 fuit

93 1334 230 1401 asilum‘.
265 1336 336 1402 Hiis
358 1343 466 1403 tamen
488 1337 704 1403 beneficientie
727 1339 829 1405 modis
852 1340 923 1425 plus
947 1338 1152 1424 alliciebatur,
1184 1360 1260 1426 quu-

92 1470 160 1515 mm
183 1452 368 1518 memoriam
392 1454 526 1538 posteris
549 1450 768 1538 relinqueret⁸.

179 1568 211 1631 8.
249 1566 326 1633 Post
347 1567 406 1634 Dei
430 1574 534 1635 autern
559 1569 725 1652 honorem,
754 1588 847 1653 quem
872 1570 904 1634 in
928 1570 1049 1635 cunctis
1078 1570 1170 1636 tactis
1194 1571 1260 1636 suis

91 1680 266 1764 perideone
287 1683 456 1748 iocundum
472 1684 617 1767 habebat,
640 1686 736 1749 etiam
760 1683 890 1750 ecclesie
911 1686 961 1751 oui
984 1689 1110 1770 preerat
1125 1684 1259 1768 gloriam

91 1803 123 1863 et
148 1797 292 1864 decorem
321 1798 481 1865 cumulare
509 1799 682 1882 satagebat.
797 1798 887 1864 Unde
921 1800 1039 1865 factum
1074 1806 1137 1884 est,
1177 1800 1260 1885 quod

90 1912 215 1998 inipso
244 1914 376 1980 introitu
398 1934 473 1997 suo,
502 1934 572 1980 cum
601 1922 731 1981 eatenus
755 1915 912 1999 quondum
936 1915 1082 2001 specialis
1111 1912 1259 1981 honoriti-

90 2029 190 2093 centia
225 2030 456 2115 prerogativam
490 2029 761 2113 Babenbergensis
796 2030 944 2113 ecclesia,
986 2050 1077 2095 usum
1113 2030 1261 2096 videlicet

90 2145 190 2210 crucis
214 2150 246 2210 ot
267 2144 366 2231 pallii,
390 2149 502 2228 quater
523 2149 645 2210 tantum
669 2147 702 2210 in
724 2164 806 2211 anuo
830 2145 969 2228 haberet,
992 2144 1055 2228 ille,
1079 2145 1204 2230 quando
1219 2165 1259 2212 ex

88 2278 176 2325 mora
204 2279 263 2344 pro
286 2260 470 2346 accipienda
491 2260 664 2345 episcopali
688 2261 904 2327 benedictione
927 2261 1067 2327 Romane
1088 2263 1183 2327 matri
1207 2280 1260 2328 vs·
1288 2278 1358 2361 1106

88 2375 263 2442 uerendum
286 2381 383 2462 caput
409 2374 560 2443 offerebat
582 2411 624 2421 --
648 2394 712 2441 non
735 2378 860 2461 quidem
891 2396 930 2443 er
960 2375 1147 2461 ambitione,
1178 2376 1260 2461 quod
1277 2350 1370 2397 Μ

88 2489 143 2556 illa
164 2489 368 2558 vehementer
390 2494 530 2558 execrari
554 2491 644 2574 solet,
668 2493 723 2558 sed
747 2512 785 2557 sr
801 2494 940 2574 gratuita
956 2493 1057 2578 ipsius
1072 2493 1182 2557 matris
1207 2493 1260 2559 be·

88 2607 253 2690 nignitate,
278 2627 337 2691 qne
361 2607 471 2690 dignos
499 2605 580 2672 lilios
605 2607 760 2672 honorare
782 2607 899 2689 gaudet
921 2643 962 2652 -
986 2607 1119 2673 eundern
1142 2607 1260 2674 honora

87 2721 248 2809 duplicato
277 2743 367 2787 usum
398 2721 486 2806 pallii
515 2729 547 2787 et
574 2724 675 2787 cruc-is
699 2729 834 2806 quatuor
857 2721 927 2787 aliis
951 2722 1086 2805 vicibus,
1116 2741 1152 2788 eo
1176 2721 1259 2807 quod

86 2838 219 2905 idoneus
242 2843 275 2904 et
297 2838 414 2903 honore
436 2837 640 2920 dignissimus
664 2839 842 2920 videretur,¹
870 2839 908 2902 ad
933 2855 1041 2904 omnes
1064 2855 1260 2904 successores

87 2973 161 3020 suos
185 2954 476 3036 transmittendum,
501 2953 626 3019 abeatc
649 2953 800 3019 memorie
823 2973 907 3040 papa
921 2952 1066 3020 Paschali
1091 2949 1259 3039 perceptt',

87 3071 119 3135 in
146 3073 348 3136 sacrosancto
376 3068 428 3134 die
455 3069 674 3153 penthecostes
699 3068 738 3134 ab
766 3069 836 3154 ipso
864 3069 897 3134 in
926 3069 1124 3155 episcopum,
1159 3067 1260 3133 sancti

88 3185 227 3272 Spiritus
250 3190 440 3271 cooperante
462 3184 596 3267 rimato,
626 3190 837 3250 consecratus.
929 3183 978 3249 Ex
1002 3202 1038 3250 eo
1062 3183 1158 3267 igitur
1180 3189 1261 3249 tom·

87 3322 173 3388 pore,
198 3307 350 3387 operante
373 3301 406 3365 in
429 3319 463 3364 se
486 3300 590 3380 gratia
612 3300 753 3365 eiusdem
769 3298 908 3385 Spiritus
931 3301 1043 3383 saneti,
1066 3307 1132 3366 tarn
1155 3299 1188 3365 in
1212 3319 1261 3365 se·

86 3416 248 3483 caloribus
272 3435 365 3500 quam
390 3415 422 3478 in
445 3413 641 3500 spiritalibus
664 3415 768 3479 causis
791 3421 824 3480 ot
846 3415 983 3498 negociis
1007 3414 1138 3481 consilio
1162 3415 1262 3498 uiguit

87 3539 117 3598 ot
140 3532 325 3619 prudentia3
349 3532 395 3597 ita
418 3537 454 3596 nt
475 3537 508 3596 et
522 3530 706 3612 dignitatem
730 3529 789 3596 sibi
815 3537 944 3614 augeret
967 3535 998 3596 et
1020 3531 1154 3613 gratiam
1177 3531 1261 3617 apud

158 3676 183 3728 1.
203 3672 262 3727 Cic.
274 3672 292 3726 l.
305 3671 339 3725 l.:
360 3671 404 3739 ,in
416 3669 463 3724 his
472 3667 636 3723 immanibus
648 3669 761 3723 iacturis
773 3666 940 3738 infinitisque
955 3667 1109 3738 sumptibus
1127 3669 1192 3724 nihil
1210 3685 1261 3725 nos

87 3777 188 3832 magno
206 3774 291 3830 opere
308 3760 409 3826 mirari,
428 3773 489 3812 cum
507 3757 668 3827 praesertim
681 3772 732 3812 nec
747 3757 907 3812 necessitati
920 3757 1098 3812 subveniatur
1109 3771 1161 3813 nee
1172 3757 1260 3826 digui-

86 3854 130 3905 tas
147 3848 311 3919 surgentum.
402 3849 427 3900 ⁴2.
448 3847 504 3900 Cio.
517 3847 534 3900 l.
547 3847 565 3900 l.
578 3846 605 3901 11
625 3849 666 3915 16,
685 3847 732 3900 δῖε
756 3846 850 3915 ,gravi
869 3861 935 3902 vero
954 3845 1055 3904 homini
1074 3850 1103 3902 et
1120 3861 1166 3916 eu,
1190 3861 1261 3916 quae

86 3937 168 4008 liunt,
192 3938 296 3993 iudicio
314 3941 390 3992 certo
412 3935 575 4006 ponderanti
595 3933 655 3988 —“.
745 3935 771 3988 3.
791 3933 847 3989 (lic.
859 3934 878 3988 l.
890 3933 907 3988 l.
922 3934 947 3988 ll
962 3935 1003 4004 ll,
1023 3935 1071 3989 58:
1092 3935 1132 4006 ,si
1150 3935 1260 4004 quando

87 4028 177 4097 aliqua
188 4042 235 4082 res
248 4028 335 4081 maior
354 4031 436 4094 atque
454 4025 545 4079 utilior
562 4022 687 4093 populari
704 4021 849 4091 largitione
864 4023 1012 4091 acquiritur
1027 4021 1086 4076 —“.
1157 4023 1183 4076 4.
1203 4022 1260 4077 (lie.

85 4115 103 4170 l.
115 4117 148 4171 l.:
168 4115 280 4187 ,causa
295 4114 380 4184 igitur
391 4113 544 4182 largltionls
558 4117 609 4180 est,
628 4111 653 4166 si
670 4117 719 4166 out
736 4123 850 4166 nemeae
868 4115 911 4164 eat
929 4115 977 4164 aut
995 4107 1087 4164 utile“.
1159 4111 1185 4165 ὁ.
1204 4109 1260 4165 Clu.

85 4205 103 4258 l.
115 4205 133 4259 l.
146 4204 172 4259 ll
188 4205 230 4272 18,
244 4203 293 4257 63;
314 4201 429 4272 ,summi
443 4202 576 4270 curiasque
593 4199 702 4256 bonitas
714 4213 859 4253 commuue
877 4196 1032 4268 perfugium
1052 4204 1095 4252 est
1112 4198 1259 4254 omnium“.

87 4294 111 4347 6.
130 4292 187 4347 (iic.
200 4292 219 4347 l.
231 4292 267 4344 l.:
287 4294 336 4361 ,nt
352 4290 387 4344 ils
403 4287 545 4344 beneficiis
562 4303 644 4358 quam
663 4287 794 4356 plurimos
813 4283 979 4355 afficiamus,
998 4301 1111 4355 quorum
1130 4287 1261 4341 memoria

87 4379 179 4436 liberis
203 4378 378 4450 posterisque
402 4377 560 4446 prodatnrt.
650 4378 675 4430 l.
699 4375 744 4430 die
763 4375 1000 4444 15npm.1111;
1022 4391 1048 4430 v.
1067 4389 1152 4444 supra
1167 4391 1195 4445 p.
1208 4377 1259 4430 601

87 4476 141 4523 not.
154 4471 179 4523 3.
