3142 4850
327 295 393 360 344
712 311 878 360 uonnercr
900 309 1026 361 counn
1064 306 1115 358 rso

159 486 311 542 1081-1085
326 479 396 560 s'peo
412 475 545 560 donique
560 485 698 540 creatore
712 475 846 551 censum,
870 475 936 536 nisi
951 472 1176 556 conspectibus
1187 471 1296 555 fuisos
1310 491 1481 536 conoessum.

326 589 404 656 loom
428 589 513 654 idem
534 589 581 654 ito
595 587 770 670 subiungit:
796 588 927 654 Rensc'tts'
941 589 1036 674 culpa
1050 589 1090 652 de
1102 591 1272 673 praeterito
1294 599 1401 674 potest,
1422 608 1483 650 cor·

325 709 460 770 restium
482 707 608 791 quidem
630 707 697 768 sisse
713 703 809 769 dudio
832 704 1041 789 subsequente.
1077 701 1143 770 Sed
1157 706 1188 767 εἰ
1201 705 1344 790 deinceps
1358 704 1485 788 finptus

325 844 477 886 mansuro
490 825 690 907 peruersitas,
704 842 767 884 nou
779 833 825 884 eet
835 821 1010 905 deripuisse
1021 821 1203 884 renitentem
1214 821 1270 882 sed
1280 821 1484 884 concernentia

325 940 533 1005 annuntiatio.
574 935 618 1000 Et
646 934 844 1018 Augustinus
873 934 964 999 dicit:
999 932 1148 1018 Quisquis
1177 932 1332 999 melorum
1364 952 1484 1020 operum

326 1051 393 1116 sine
422 1051 577 1134 condigne
611 1050 785 1136 penitentie
818 1069 1008 1134 quemquam
1036 1049 1160 1114 venium
1188 1069 1209 1114 a
1236 1047 1303 1114 Deo
1334 1045 1487 1135 percipere

325 1185 419 1252 posse
437 1165 563 1249 dixerit,
586 1167 712 1252 penitus
736 1169 837 1246 erret3
861 1170 987 1232 etcum
1011 1165 1161 1249 deceptus
1184 1163 1263 1230 elios
1282 1164 1426 1250 decipere
1446 1165 1486 1229 te

326 1282 437 1364 stiunt,
474 1281 589 1367 duplici
618 1300 704 1349 noxe
731 1281 973 1362 constringitur,
1008 1279 1068 1346 hoc
1094 1285 1145 1346 est
1170 1280 1293 1365 proprii
1320 1281 1435 1346 erroris
1460 1284 1489 1345 et

326 1396 446 1467 elisum
460 1396 662 1482 deceptionis.
697 1394 833 1462 Periurii
856 1400 961 1462 autem
984 1395 1176 1481 perversitas
1191 1395 1407 1472 indubitsnter
1429 1415 1488 1462 orn

324 1513 418 1578 nibus
445 1517 598 1598 perpetuu
626 1516 746 1594 menet,
782 1531 861 1596 qnos
890 1511 1065 1598 penitentie
1092 1511 1295 1576 correctionis
1322 1532 1342 1576 e
1366 1509 1488 1596 pertidia

325 1647 486 1712 nunquam
508 1626 651 1694 retrahit
694 1626 765 1694 Non
789 1647 863 1710 ergo
885 1629 921 1692 in
943 1627 1115 1712 pertinatia
1135 1626 1267 1711 periurii
1296 1626 1488 1693 innuentibus

326 1743 491 1828 quisquam
515 1743 641 1828 culpem
668 1741 830 1809 remittere
854 1743 985 1827 poterit;
1015 1741 1072 1808 sod
1098 1743 1153 1826 qni
1180 1762 1216 1808 se
1243 1741 1307 1807 illis
1334 1743 1489 1810 remittere

325 1857 456 1942 dixerit,
486 1879 520 1924 se
549 1859 595 1925 eis
624 1859 873 1927 consentientem
901 1877 970 1924 esse
997 1857 1066 1925 eine
1094 1857 1190 1924 dubio
1212 1859 1423 1940 annuntians,
1448 1861 1490 1924 tot

324 1973 534 2060 periuriorum
550 1993 622 2040 reus
639 1974 758 2056 existit,
780 1979 858 2058 quot
870 1973 940 2059 ipse
955 1971 1157 2038 fraudulento
1171 1977 1203 2038 et
1215 1972 1297 2039 falsu
1311 1975 1489 2041 remissione

324 2090 467 2174 periuros
483 2109 552 2154 esse
568 2089 775 2156 substituerit.
811 2087 891 2166 Quia
905 2089 933 2156 si
949 2089 1013 2172 ille,
1038 2089 1092 2174 qui
1113 2089 1314 2174 peccantibus
1330 2089 1490 2171 consentit,

323 2205 414 2272 insto
436 2203 612 2291 apostolum
636 2224 675 2270 ex
699 2204 758 2270 hoc
780 2225 852 2270 reus
876 2224 946 2272 cese
968 2205 1127 2287 statuitur,
1151 2210 1226 2270 tnnc
1248 2204 1301 2288 qui
1325 2205 1407 2271 ulios
1421 2225 1490 2290 qus·

323 2319 402 2388 libet
424 2325 492 2386 orte
514 2339 645 2406 peccare
667 2319 805 2403 inducit,
834 2320 956 2405 peceati
978 2327 1088 2388 auctor
1110 2325 1143 2386 et
1165 2320 1267 2386 socius
1289 2320 1411 2403 factus,
1433 2319 1491 2386 eri·

324 2436 435 2503 denter
458 2442 490 2503 et
511 2438 579 2523 ipse
602 2456 673 2505 reus
697 2457 766 2503 esse
788 2436 995 2503 convincitur.
1035 2436 1118 2515 Quid
1141 2436 1224 2503 enim
1247 2436 1307 2501 hoc
1329 2435 1418 2503 uliud
1438 2441 1490 2518 est

325 2571 419 2637 quem
443 2553 546 2618 cordis
574 2552 814 2641 inpcnitentiam
839 2552 899 2617 hoc
924 2552 1069 2638 exemplo
1091 2552 1218 2632 docere3
1247 2557 1282 2619 et
1308 2552 1437 2639 culpem
1456 2551 1492 2617 de

325 2668 456 2735 crimine
479 2668 598 2752 ubsque
621 2669 816 2735 correctione
839 2666 917 2733 solvi
941 2688 1046 2753 posse,
1067 2668 1213 2734 mendaci
1234 2666 1431 2736 absolutione
1447 2688 1492 2733 ns·

324 2802 445 2864 serere;
470 2788 502 2848 et
524 2782 672 2849 simulato
694 2802 748 2849 ore
773 2784 916 2850 homines
932 2782 1098 2868 decipere?
1125 2783 1175 2849 De
1191 2782 1251 2849 hoc
1266 2803 1394 2869 quoqne
1415 2802 1493 2871 pepe

326 2897 506 2985 Simplicius
520 2898 610 2968 dicit:
632 2900 725 2963 Recte
740 2900 794 2963 ille
806 2902 1010 2986 prividepium
1021 2902 1185 2985 deputasse
1199 2913 1334 2968 merctur
1344 2905 1491 2979 amittae,

325 3018 383 3102 qui
406 3019 562 3103 permissu
584 3015 649 3081 eidi
654 3084 656 3089 ,
676 3014 817 3080 abutitur·
835 3028 988 3101 potestate
998 3011 1013 3079 ¹.
1105 3014 1187 3081 Nem
1216 3015 1245 3081 si
1273 3015 1492 3099 iuramentum,

326 3130 408 3215 quod
431 3130 498 3211 regi
521 3130 589 3195 iure
604 3129 710 3198 debito
728 3130 887 3215 principes
903 3130 1053 3214 fecerent
1074 3132 1289 3217 postposuisse
1304 3138 1414 3200 reatus
1427 3132 1492 3215 fuit,

324 3246 433 3329 ntique
456 3249 487 3311 et
509 3245 700 3311 correctione
723 3244 861 3328 indiguit
881 3250 913 3312 et
936 3246 1057 3313 absolvi
1079 3246 1197 3331 ubsque
1217 3249 1414 3315 correctione
1434 3268 1494 3315 non

325 3360 437 3447 potuit.
470 3358 551 3437 Quin
574 3360 657 3444 qnod
680 3361 873 3427 correctione
895 3382 960 3427 non
982 3369 1063 3447 eget,
1086 3369 1193 3430 reatus
1212 3383 1328 3431 nomen
1341 3364 1493 3433 roetele-

327 3476 399 3543 bere
421 3496 485 3541 non
508 3480 621 3561 potest
658 3475 692 3541 Si
708 3496 782 3543 vero
802 3477 989 3545 medieinsm
1008 3478 1210 3545 correctionis
1233 3480 1374 3565 periurio
1391 3482 1494 3549 vulne

325 3593 403 3657 retis
419 3592 568 3659 adhibere
583 3591 653 3657 ideo
669 3591 787 3676 noluit,
808 3593 883 3678 quis
903 3594 1078 3678 pericnlum
1096 3594 1208 3659 mortis
1229 3594 1263 3659 in
1281 3596 1413 3679 periurii
1430 3595 1493 3661 vul·

213 3758 219 3767 .
326 3724 401 3775 nere
422 3708 505 3773 forte
527 3727 591 3773 non
618 3706 790 3791 intellexit,
817 3707 973 3775 fallaciter
995 3714 1029 3776 et
1055 3707 1212 3793 superflue
1240 3710 1392 3795 absolvit,
1419 3731 1493 3796 quos

326 3822 412 3889 nullo
437 3822 559 3889 uinculo
584 3822 695 3909 cnlpae
718 3823 863 3891 astrictos
886 3844 956 3890 esse
979 3821 1204 3891 existimavit“.

418 3936 551 4025 „Merito
574 3938 670 4022 igitur
696 3938 895 4024 privilegium
920 3938 1098 4025 pontificale
1121 3939 1266 4007 exclusus
1290 3942 1414 4027 emisit,
1443 3942 1493 4027 qui

327 4054 528 4142 pontificatus
555 4058 712 4139 potestate
733 4055 768 4121 in
791 4054 903 4121 horum
929 4055 1080 4123 alterutro
1103 4056 1278 4123 ebutium
1304 4058 1492 4142 formidarit,

328 4175 360 4236 et
382 4188 421 4235 cx
444 4170 503 4236 hoc
525 4168 666 4239 infinitae
689 4170 851 4236 hominum
875 4170 1071 4237 multitudini
1091 4170 1196 4236 locum
1211 4174 1324 4240 mortis
1338 4175 1446 4242 effodit
1462 4180 1492 4239 et

327 4283 473 4371 laqueum
497 4286 686 4371 perdicionis
703 4286 887 4373 decipiendo
911 4288 1083 4355 abscondit.
1120 4286 1164 4355 Et
1178 4288 1253 4374 quie
1274 4289 1364 4355 iuxta
1377 4290 1490 4357 dictum

400 4416 424 4471 1.
444 4413 485 4471 Cf.
498 4415 596 4471 Burch.
610 4416 683 4471 deor.
696 4418 708 4471 1
727 4419 770 4471 29.
