3142 4850
201 488 270 542 112⁷

154 561 316 620 praeceptas

326 297 391 364 642
585 315 710 364 anorns
731 315 813 363 vrri
836 315 994 364 orroms.
1028 319 1093 365 nra
1111 318 1137 364 ιι
1161 314 1203 366 ro.
1217 313 1250 365 ιι

324 471 482 560 lapidibus
510 493 607 539 annm
631 473 670 540 de
693 475 759 541 snis
782 475 980 559 ceciderunt,
1009 475 1117 562 plnres
1139 475 1394 541 vulneraverunt.
1433 473 1495 539 Sic

326 609 385 673 qne
413 589 531 656 infecto
554 589 684 672 negocio
706 591 758 656 vix
788 609 862 656 cum
892 593 959 657 snis
981 592 1128 661 omnibns
1150 591 1260 657 evasit
1351 588 1497 655 Praeerat

324 723 385 790 per
405 709 505 770 totam
528 705 723 790 provinciam
746 705 848 772 malta
866 707 953 773 mala
965 713 1167 790 grassantum
1190 706 1323 792 rapinis,
1346 703 1496 770 incendi'n

325 821 433 885 omnia
454 825 630 886 vastantur.
722 821 808 905 Ergo
836 829 885 888 tot
911 822 1005 888 malis
1033 828 1084 888 tot
1109 822 1247 888 miseriis
1274 819 1369 886 linem
1397 820 1499 885 facere

324 939 489 1021 sperantes
505 936 674 1002 adventum
686 943 838 1020 vestrum
854 938 1028 1007 chrismae
1043 937 1170 1020 singuli,
1186 936 1360 1002 clamamus
1374 955 1496 1000 omnes:

332 1051 411 1117 Verri
431 1055 557 1117 domine
579 1057 667 1130 eeni5
689 1055 826 1138 festiae,
848 1077 890 1120 ne
911 1057 1104 1131 tardaverie3
1131 1055 1248 1118 adveni
1267 1051 1495 1131 dmiderabilr'e,

326 1187 417 1252 queas
453 1181 665 1252 respectemus
698 1173 733 1233 in
766 1182 814 1234 tor
842 1171 1082 1235 tribulationum
1109 1169 1261 1234 werre!
1347 1166 1496 1251 Reliquas

325 1301 431 1347 rernm
454 1288 632 1348 vestrarum
661 1289 761 1349 statas
791 1284 824 1348 in
847 1283 994 1349 Bavaria
1020 1290 1054 1350 et
1076 1283 1215 1350 Saxonis
1241 1283 1318 1348 sads
1348 1301 1496 1368 prospere

326 1397 439 1480 agitur.
530 1398 580 1464 De
607 1399 737 1482 negocio
765 1405 872 1465 antem
900 1397 979 1464 milri
1002 1399 1181 1484 specialiter
1208 1393 1369 1463 iniuncto¹
1395 1403 1496 1484 pater·

326 1513 457 1579 nitatem
478 1521 616 1580 vestram
639 1515 720 1580 scire
743 1514 829 1580 volo:
854 1515 929 1599 qaia
949 1533 1083 1600 cuprum
1105 1514 1145 1580 ad
1169 1514 1387 1600 septingentos
1411 1519 1445 1578 et
1463 1531 1495 1577 eo

327 1627 463 1713 amplius
486 1629 682 1694 centenarios
701 1631 965 1715 comparavimus,
988 1629 1159 1714 exquibus
1181 1635 1339 1696 anmatos
1361 1629 1496 1694 maxima

327 1741 512 1810 difficultate
527 1763 627 1828 usqne
639 1743 908 1812 Schmalchaltoa·
924 1744 1139 1831 perduximus.
1173 1745 1217 1811 Et
1228 1745 1295 1810 iam
1309 1745 1433 1810 viribus
1447 1763 1496 1809 ex-

327 1857 447 1943 hausti,
477 1877 606 1926 manum
630 1861 739 1926 anxilii
762 1862 860 1927 vestri
882 1862 1007 1928 ardenti
1028 1861 1184 1927 desiderio
1210 1859 1444 1945 prestolamus*
1464 1877 1496 1923 ac

327 1974 603 2059 exoptatissimum
633 1977 719 2042 omni
747 1995 845 2059 regno
873 1977 1051 2042 sanctitatis
1073 1981 1178 2042 vestre
1204 1975 1343 2043 reditum
1365 1976 1423 2040 vix
1447 1994 1497 2040 ex·

327 2087 540 2176 spectamns“.

417 2205 465 2271 He
488 2211 563 2272 sunt
584 2205 721 2292 piissimi
744 2206 845 2292 patris
860 2204 1031 2291 Wignandi
1051 2207 1158 2274 littere
1179 2206 1302 2272 calamo
1317 2225 1394 2274 vere
1408 2205 1497 2272 dilec

328 2321 425 2388 tionis
448 2321 575 2407 scripta

421 2440 471 2504 17.
507 2438 568 2504 Hic
585 2441 634 2503 est
648 2435 855 2521 wignandus,
878 2440 1058 2523 predicator
1071 2438 1289 2521 suavissimas,
1312 2457 1409 2522 quem
1432 2438 1500 2523 pivs

329 2554 405 2621 Otto
432 2555 524 2639 quasi
558 2551 801 2619 auricularium¹
833 2553 895 2620 sibi
927 2553 1147 2622 fidelissimum
1180 2552 1316 2637 eligens,
1349 2554 1387 2619 in
1415 2558 1501 2619 tanto

331 2690 438 2736 amore
468 2676 500 2735 et
526 2669 710 2735 reverencia
736 2667 900 2751 habebat,'
917 2675 954 2735 nt
981 2669 1123 2735 omnium
1150 2674 1344 2736 semctornm
1374 2688 1501 2735 suom

330 2786 517 2872 participem
542 2804 614 2851 cnm
636 2784 755 2851 laceret
777 2788 818 2867 et,
842 2784 985 2850 custodia
1002 2784 1140 2851 civitatis
1162 2784 1224 2851 sibi
1246 2784 1502 2870 apostatasse

330 2900 450 2984 legata,
480 2900 575 2967 etiam
604 2900 764 2983 egregium
793 2918 888 2985 opus,
918 2900 1003 2983 qnod
1029 2906 1106 2966 tunc
1132 2900 1355 2983 inchoaverat,
1384 2900 1503 2966 sance

330 3016 459 3082 domum
487 3016 589 3081 sancti
612 3014 698 3082 Petri
726 3015 856 3095 maimis
884 3014 1015 3081 ecclesia
1036 3034 1107 3081 cum
1137 3014 1278 3081 turribus
1299 3014 1342 3080 ad
1370 3014 1504 3082 moenia

330 3132 451 3215 ignium
481 3130 622 3217 pericula
644 3130 769 3217 cupreis
791 3131 916 3217 operire
944 3129 1087 3214 laminis,
1117 3132 1184 3197 eins
1212 3130 1417 3217 potissimam
1439 3150 1503 3196 ma·

329 3247 460 3329 gisterio
485 3240 722 3312 committerot⁸.
757 3244 824 3312 Nec
845 3246 1003 3312 inmerito.

420 3360 501 3427 Erat
523 3362 607 3426 enim
630 3363 679 3426 vir
701 3361 803 3427 tocius
825 3360 993 3447 prudentie
1013 3366 1047 3426 et
1068 3360 1260 3444 sagacitatis,
1283 3380 1378 3444 quem
1399 3360 1505 3426 videre

332 3482 366 3544 et
388 3475 498 3542 audire
520 3475 622 3559 gloria
642 3476 705 3542 init
727 3476 847 3542 ordinis
868 3476 979 3558 nostri,
1007 3496 1072 3541 non
1095 3473 1196 3541 solnm
1221 3474 1381 3560 spirituali
1403 3476 1505 3559 gratia

332 3592 604 3678 prestantissimae
626 3591 683 3656 sed
705 3597 737 3657 et
760 3592 901 3676 corporis
924 3595 1088 3656 venustate
1110 3596 1142 3655 et
1169 3610 1295 3656 morum
1315 3590 1505 3675 habitasque

333 3706 498 3773 dulcedine
527 3705 672 3773 omnibus
705 3705 859 3771 amabilis.
900 3705 997 3771 Cuius
1026 3705 1232 3772 reverendam
1255 3712 1455 3774 senectutem
1475 3710 1505 3772 a

331 3830 430 3909 capnt
451 3822 492 3888 ad
515 3820 755 3887 similitudinem
770 3820 889 3887 Christi
911 3822 1081 3887 candidum
1103 3821 1199 3888 liceat
1219 3820 1312 3887 nobis
1334 3841 1505 3908 parumper

333 3938 438 4021 dignis
462 3936 590 4003 vocibus
617 3936 792 4022 predicare.
833 3935 916 4002 Nam
949 3955 1021 4001 cnm
1050 3956 1133 4023 pena
1161 3938 1377 4003 centenariam
1399 3940 1506 4020 agera

334 4059 450 4120 etatem
474 4056 506 4119 et
527 4052 700 4138 plurimum
722 4051 756 4116 in
779 4070 874 4136 opere
897 4050 957 4117 Dei
979 4055 1071 4118 nocte
1094 4051 1207 4135 dieque
1229 4051 1401 4135 laboraret,
1425 4048 1503 4117 oenli

407 4234 428 4269 a.
453 4219 637 4269 schmalklialtnn
656 4218 680 4276 0,
699 4218 881 4267 schmalahaltsn
896 4220 927 4267 B.
1019 4219 1043 4266 b.
1066 4219 1218 4279 prestolamur
1232 4219 1262 4265 Β.

407 4326 432 4378 1.
451 4324 583 4379 ecclesiae
596 4323 624 4379 Β.
634 4322 708 4379 Petri
718 4322 930 4392 Bambergensis
941 4336 1028 4393 enpro
1039 4322 1190 4393 tegendam
1207 4338 1235 4378 v.
1247 4322 1362 4392 capla.
1418 4323 1445 4376 2.
1462 4314 1500 4374 Gi.

335 4411 496 4483 iltsg.23,
515 4412 558 4466 23.
648 4412 674 4466 3.
692 4427 764 4466 anno
783 4412 862 4467 1127.
889 4412 925 4469 V.
943 4427 1027 4482 snpra
1044 4412 1110 4467 al.
