3142 4850
335 335 462 384 naonis
486 335 564 383 vrri
588 335 745 384 onnours.
779 335 845 382 nra.
862 335 888 382 11
909 333 995 382 e-rr
1189 316 1256 382 633

89 515 200 580 easque
234 495 388 562 ministris
423 515 460 562 ao
488 493 702 562 sacerdotibus
728 494 851 561 idoneis
881 493 1080 560 committens
1107 493 1345 578 omniqne1124

90 615 198 676 ornatu
222 610 432 680 eeclesiastico
455 610 622 694 diligenter
644 611 822 676 instituens.

178 727 229 791 10.
252 701 326 792 'Sed
342 745 541 812 nequaquam
557 725 686 792 silencio
712 723 965 810 pretereundum,
987 722 1143 809 quomodo
1159 723 1255 789 etium

89 840 231 908 miraculi
254 841 456 908 attestatione
471 839 626 907 Dominus
647 837 770 905 fidelem
793 859 885 904 snum
908 837 1097 924 operarium,
1121 837 1256 904 viriliter

87 975 144 1041 pro
168 975 202 1022 se
225 957 454 1039 agonizantem,
478 955 637 1022 illustrare
653 955 874 1037 dignatusest,
896 954 980 1021 nont
993 973 1048 1020 ore
1070 952 1255 1039 prophetico

88 1070 282 1158 predixerat:
308 1071 503 1158 Quicmque
523 1071 746 1156 qimufieooesdt
767 1093 826 1150 me,
848 1069 1031 1155 qionflcobo
1053 1065 1149 1134 eam¹.
1188 1067 1256 1134 Ma·

89 1189 176 1252 trone
200 1184 276 1269 dne,
307 1185 408 1252 adhue
430 1205 537 1251 errore
558 1184 745 1268 gentilitatis
768 1184 904 1267 irretita,
927 1183 1117 1267 grarimma
1138 1181 1255 1266 egritu-

88 1299 169 1366 dinis
197 1301 341 1368 molestia
368 1301 604 1389 detinebantur3
634 1301 680 1364 ita
709 1303 760 1382 ut,
794 1300 881 1366 omni
911 1298 1122 1365 membrorum
1151 1295 1256 1363 officio

88 1413 251 1500 destitute,
281 1417 376 1482 morti
405 1417 468 1482 iam
498 1416 641 1500 proxime
668 1414 859 1481 viderentur.
900 1413 952 1480 Ad
979 1433 1057 1498 quas
1086 1413 1158 1499 pius
1180 1412 1255 1479 octo

88 1531 232 1611 accessit,
262 1531 391 1598 verbnm
420 1531 548 1614 salutis,
583 1535 677 1616 prout
704 1549 817 1616 capere
847 1534 1007 1615 poterant,
1035 1529 1254 1610 annutiavit3

87 1651 119 1710 et
141 1650 252 1712 sancta
274 1666 331 1732 spe
353 1647 393 1712 de
415 1645 632 1714 misericordia
653 1643 771 1712 Christi
795 1663 995 1731 presumens,
1025 1643 1185 1731 pollicitos
1208 1649 1257 1710 eat

87 1761 148 1843 eia,
180 1762 208 1827 si
231 1762 358 1828 credere
386 1767 418 1828 et
445 1761 601 1848 baptizari
624 1760 756 1844 vellent,
785 1780 849 1826 non
877 1759 979 1825 solum
1009 1759 1114 1825 anime
1141 1759 1197 1825 sed
1224 1764 1257 1825 et

86 1876 227 1961 eorporis
250 1875 404 1943 medelam
431 1883 464 1944 st
484 1877 720 1960 integerrimam
744 1876 923 1942 sanitatem.
965 1874 1054 1953 Quod
1076 1874 1146 1941 aina
1168 1893 1258 1940 mora

86 1990 307 2076 pollicentibus
335 1992 413 2077 illis,
444 2012 553 2059 servos
576 1991 637 2058 Dei
668 1991 810 2058 credone
838 1991 924 2058 laeta
945 2009 1058 2056 manus
1084 1989 1257 2074 capitibus·

87 2125 194 2172 aarum
223 2107 390 2193 imposuit,
420 2107 509 2191 signo
538 2107 639 2172 erucis
669 2112 701 2174 et
723 2106 942 2173 benedictione
964 2125 1018 2172 aaa
1040 2105 1255 2172 communivit

87 2219 265 2306 Statimque
286 2223 403 2306 fugatis
424 2222 594 2306 doloribus,
618 2223 751 2308 pristine
774 2223 904 2288 sanitati
927 2228 1002 2288 sont
1022 2221 1160 2301 reddite3
1184 2226 1217 2286 et
1238 2240 1259 2286 a

85 2335 204 2424 duplici
228 2343 344 2420 morte,
374 2338 433 2404 hoc
456 2344 505 2404 est
527 2337 668 2422 eorporis
692 2344 723 2404 et
746 2339 866 2421 anime,
896 2339 1133 2425 perorationes
1156 2339 1257 2404 sancti

85 2452 221 2539 presulis
245 2452 399 2537 absolute,
422 2454 507 2519 unda
529 2453 660 2520 salutari
676 2474 747 2520 cum
770 2454 886 2537 gaudio
909 2474 1024 2537 magno
1039 2460 1114 2520 sunt
1128 2474 1258 2537 regene-

84 2574 164 2635 rato.
200 2566 371 2653 Multisque
394 2570 516 2635 occasio
541 2568 651 2635 salutis
674 2575 707 2637 et
729 2569 943 2635 conversionis
964 2570 1062 2635 fuere.

179 2686 230 2749 11.
265 2683 439 2751 lulinenses
462 2689 578 2767 antem,
607 2684 660 2770 qui
683 2684 801 2750 dudum
824 2683 968 2750 veriatis
990 2702 1159 2770 preconem
1182 2704 1202 2750 a
1223 2704 1259 2751 se

84 2798 278 2885 repulerant,
301 2818 371 2866 cum
396 2800 558 2867 audissent
581 2798 775 2867 Stetinenses
797 2798 892 2865 fidem
913 2799 1080 2885 recepisse,
1103 2806 1183 2867 nutu
1197 2798 1258 2865 Dei

85 2920 193 2981 mente
208 2915 398 3000 compuncti,
421 2915 541 2998 legatos
564 2913 763 2981 honorabiles
786 2914 826 2981 ad
849 2914 1058 2981 revocandum
1077 2914 1182 2979 rirnm
1197 2913 1258 2981 Dei

85 3030 250 3097 miserunt
289 3029 408 3108 Quibus
436 3029 490 3096 ille
513 3031 605 3113 visis,
636 3030 703 3095 zelo
727 3030 855 3115 pietatis
878 3034 996 3096 motus:
1022 3031 1110 3112 Quid
1129 3034 1257 3097 seobreo

84 3144 190 3229 inquit
212 3148 256 3210 od
278 3168 343 3226 me,
367 3147 522 3212 bominem
545 3168 635 3232 quem
659 3149 769 3211 odietis
792 3159 820 3211 et
843 3146 1005 3232 capaliana
1028 3171 1049 3211 a
1070 3147 1178 3212 nobee?
1213 3144 1259 3211 Aa

83 3260 131 3326 illi
162 3259 274 3325 humili
302 3260 518 3327 satisfactione
547 3260 671 3327 veniam
701 3266 861 3346 petentes:
895 3262 965 3327 Noe
992 3260 1140 3345 inquiunt
1166 3275 1258 3348 poter

84 3374 280 3456 honorande,
304 3380 470 3463 antiquorem
487 3389 620 3463 patorem
642 3390 671 3442 et
693 3380 851 3442 maiorum
871 3390 1051 3442 coenosum
1073 3378 1169 3463 leqem
1190 3381 1258 3443 eine

84 3514 237 3557 oensem
256 3496 442 3579 promotam,
468 3514 545 3577 quoe
568 3494 603 3557 ia
626 3492 684 3557 boc
706 3490 878 3573 stetinensi
896 3505 1006 3558 nonno
1019 3492 1186 3579 metropoli
1206 3516 1257 3561 re·

84 3630 243 3687 ceremur,
279 3608 454 3693 iosedoqero
482 3630 546 3672 ooo
573 3610 832 3694 presumpserant.
879 3607 946 3674 Sed
971 3621 1141 3694 postquam
1167 3610 1257 3674 Deua

84 3736 156 3789 tam
178 3726 341 3809 pmooipeo
363 3736 485 3789 coenos
508 3724 571 3789 eibi
587 3746 649 3809 per
671 3737 700 3789 te
721 3724 851 3807 aedepol,
873 3745 930 3788 noa
946 3745 1079 3809 qaoque,
1104 3728 1191 3789 omni
1206 3748 1256 3789 re·

84 3852 171 3905 mota
193 3840 454 3919 contradictione,
484 3842 610 3905 monitae
637 3842 698 3905 tuis
722 3839 933 3924 obteinpmre
954 3852 984 3904 et
1006 3841 1182 3904 doctrinam
1203 3862 1257 3905 aa·

85 3954 160 4019 lotio
184 3957 326 4040 conopeo-e
351 3959 462 4041 parati
489 3977 605 4020 eumue.
652 3952 719 4031 Quo
743 3952 867 4035 audito,
894 3953 1026 4018 antistes
1049 3952 1178 4018 Domini
1200 3973 1257 4039 po·

85 4068 156 4134 sitis
179 4068 311 4151 genibus
335 4067 402 4135 Deo
426 4070 544 4152 gratiam
569 4069 647 4152 egit;
676 4068 897 4154 profectosque
923 4087 996 4133 oum
1024 4068 1070 4134 eis
1093 4074 1126 4134 et
1151 4068 1257 4135 debita

86 4203 104 4248 a
134 4182 344 4250 Inlinensibus
373 4185 550 4251 reverentia
578 4188 757 4269 susceptus,
792 4174 934 4249 veriatis
962 4183 1045 4248 viam
1078 4183 1257 4249 errantibus

85 4298 213 4384 apernit
241 4305 273 4365 et
301 4298 450 4385 baptismi
478 4304 675 4366 sacramento
704 4296 874 4383 purificans
897 4298 1081 4383 adoptivum
1103 4296 1172 4365 Deo
1200 4318 1257 4384 po·

160 4452 180 4486 a
205 4440 274 4501 capiti
293 4438 317 4487 0.
514 4428 758 4500 1.11teg.2‚30.
