3142 4850
309 279 376 343 tot
695 291 861 340 unnumor
883 291 1010 340 connx.
1047 288 1098 340 113

187 468 255 521 1103
309 454 401 521 hodie
417 459 466 520 ast
480 454 512 518 in
529 452 681 519 ecclesia?
708 451 743 518 In
754 451 915 538 Babylone
931 451 1079 518 contusae
1094 456 1169 518 sunt
1183 451 1309 534 linguae
1322 453 1473 535 gentium

144 541 294 587 F⁸b¹''¹¹¹¹¹'
308 572 342 636 in
377 569 509 637 ecclesia
537 567 721 633 diuiduntur
752 567 881 650 liuguae
914 571 947 632 et
974 572 1095 634 mentes
1130 566 1333 633 credentium.
1423 568 1476 634 Ait

308 684 420 752 Patras
443 685 477 749 in
500 683 634 768 epistola
656 703 730 748 sua:
756 682 959 750 Salutarem
984 661 1127 762 coclerio,
1152 705 1233 768 qaae
1255 696 1300 748 ort
1319 686 1355 747 e'a
1378 683 1474 748 Badi-

309 804 379 866 loae
401 795 554 866 collecta¹.
591 798 751 865 Hactenus
770 797 1012 883 interpretabar,
1034 797 1104 862 ideo
1120 797 1257 863 voluisse
1272 795 1400 863 Petrum
1425 817 1477 883 per

307 915 492 982 Babilonem
521 914 646 996 signare
669 911 818 995 Romam,
849 913 924 996 qnia
951 916 1026 977 tuuc
1047 913 1199 997 temporis
1222 910 1323 977 Roma
1350 913 1478 978 marusa

181 1015 184 1020 ¹
309 1037 377 1097 erat
403 1029 553 1095 idolatria
579 1035 612 1094 et
640 1028 726 1094 omni
755 1027 921 1113 spurcicia.
964 1027 1008 1092 At
1040 1045 1125 1092 nnnc
1158 1027 1247 1092 dolor
1280 1047 1370 1094 maus
1402 1027 1478 1092 mihi

307 1147 549 1230 intorpretatur,
578 1144 662 1228 qnod
683 1141 796 1208 Petrus
819 1142 1002 1228 prophetico
1026 1142 1156 1226 spiritu,
1186 1142 1292 1208 dicens
1316 1141 1478 1210 ecclesiam

307 1261 341 1326 in
355 1259 507 1326 Babilone
530 1258 703 1341 collectam,
727 1257 921 1343 praeviderit
942 1257 1156 1324 confusionem
1180 1257 1396 1340 dissensionis,
1421 1277 1479 1343 qua

308 1375 401 1440 hodie
423 1374 576 1440 scinditur
599 1373 741 1440 ecclesia.
782 1372 862 1438 Nam
888 1373 1032 1456 quamvis
1056 1372 1187 1438 ecclesia
1210 1373 1252 1439 sit
1273 1374 1306 1439 in
1328 1372 1480 1440 Babilone

307 1490 432 1574 mundi,
455 1496 562 1555 tamen
585 1489 678 1554 debet
700 1508 769 1556 csse
793 1487 925 1554 collecta
952 1508 1009 1573 per
1031 1489 1203 1554 fraternam
1227 1489 1478 1556 unanimitatem.

397 1604 456 1682 Qui
485 1605 550 1670 sint
580 1607 718 1670 arcina
736 1609 786 1670 ab
816 1605 956 1690 affrico,
993 1603 1143 1670 discimus
1174 1602 1326 1688 paciendo
1360 1605 1479 1687 magia·

308 1741 404 1806 qnam
431 1720 574 1804 legendo.
615 1721 668 1786 De
689 1734 775 1786 tara
797 1720 959 1798 terribili,
989 1717 1173 1784 aRomana
1196 1718 1314 1785 scilicet
1337 1719 1480 1802 ecclesia,

307 1840 387 1902 oraio
419 1840 501 1902 dara
530 1839 682 1901 adamata
704 1849 749 1901 eat
769 1837 865 1914 mide}
896 1834 969 1900 inde
999 1834 1107 1915 turba,
1138 1838 1369 1919 attemptantes
1396 1836 1482 1902 venit

307 1951 348 2018 ab
362 1950 491 2017 Affrico.
569 1949 730 2016 Romanus
746 1950 829 2016 enim
847 1949 983 2036 praesul,
1002 1955 1092 2034 pater
1108 1949 1246 2014 omnium
1264 1947 1480 2033 ecclesiarum,

225 2068 236 2082 ⁵
307 2067 430 2134 litteras
445 2070 556 2132 contra
571 2084 627 2130 nos
643 2066 743 2130 mittit
753 2060 935 2146 thberto)²
951 2063 975 2130 F
978 2064 1192 2131 landrensium
1208 2065 1326 2148 comiti,
1345 2085 1480 2148 quarum

307 2181 469 2267 exemplar
492 2180 556 2247 tale
578 2185 641 2246 ast:
1162 2233 1165 2238 l

202 2317 289 2364 naar
399 2295 603 2380 „Paschalisl
637 2296 803 2381 episcopus
837 2315 945 2362 servus
973 2314 1136 2362 serrorum
1164 2293 1224 2361 Dei
1254 2294 1368 2362 dilecto
1398 2294 1481 2362 filio·

307 2411 462 2479 litberto·¹
493 2411 734 2479 Flandrensium
768 2411 877 2478 comiti
911 2410 1044 2477 salutem
1079 2415 1111 2476 et
1145 2410 1350 2497 apostolicam
1386 2410 1482 2479 bane-

307 2528 487 2595 dictionem.
577 2527 765 2593 Benedictus
794 2527 940 2593 domiuus
963 2527 1050 2592 Deus
1073 2526 1185 2609 Israel,
1216 2527 1269 2610 qui
1291 2526 1325 2591 in
1347 2532 1381 2591 te
1406 2546 1483 2593 suae

308 2644 434 2709 virtutis
463 2642 630 2709 efficatiam
659 2647 818 2727 operatur.
863 2642 1032 2725 Quoniam,
1066 2661 1211 2707 reversus
1240 2640 1279 2708 ab
1307 2640 1482 2709 Ierusalem

308 2758 435 2845 Syriae,
464 2760 498 2823 in
521 2757 659 2824 celorum
683 2757 854 2823 Ierusalem
877 2757 979 2823 iustae
1005 2756 1142 2823 miliciae
1164 2757 1311 2842 operibus
1335 2759 1384 2822 ire
1407 2776 1483 2825 con·

307 2873 421 2940 tendis.
462 2874 530 2939 Hoc
552 2877 602 2939 est
628 2871 762 2955 legitimi
785 2872 912 2954 militis,
942 2875 979 2935 ut
1000 2872 1049 2936 sui
1071 2872 1154 2955 regis
1179 2872 1283 2938 hostes
1306 2872 1483 2940 instantius

307 2994 524 3083 persequatur.
566 2986 693 3053 Gratias
716 3007 789 3070 ergo
813 2986 998 3072 prudentiae
1020 2991 1094 3053 tuae
1117 2986 1256 3071 agimus,
1279 2988 1363 3071 quod
1388 3009 1483 3073 praa·

307 3109 431 3190 ceptum
460 3108 603 3168 nostram
631 3104 666 3168 in
688 3102 908 3168 cameracensi
936 3102 1103 3186 parrochia
1131 3106 1278 3167 executus
1307 3120 1350 3167 es.
1447 3103 1485 3170 Id

306 3220 410 3305 ipsum
443 3218 482 3285 de
508 3216 752 3285 Laodicenaibus
780 3216 1058 3284 excommunicatis
1086 3216 1328 3303 pseudoclericis
1356 3218 1484 3304 praeci·

306 3335 421 3420 pimus.
456 3333 575 3399 lustum
592 3333 676 3399 enim
694 3340 753 3415 est,
775 3338 821 3415 nt,
846 3332 898 3416 qui
915 3338 1015 3397 semet
1036 3332 1123 3418 ipsos
1140 3352 1159 3398 a
1174 3331 1327 3399 catholica
1346 3334 1485 3401 ecelesia

307 3455 528 3531 segregarunt,
557 3468 614 3534 per
636 3448 806 3515 catholicos
836 3447 875 3513 ab
899 3446 1049 3513 ecclesiae
1076 3446 1233 3515 beneficiis
1263 3456 1482 3533 segregentur.

306 3563 373 3631 Nec
399 3566 433 3629 in
455 3564 515 3629 hac
536 3570 659 3631 tantum
687 3571 794 3649 parte,
824 3565 880 3631 sed
906 3564 1082 3647 ubicunqne
1111 3564 1245 3649 poteris,
1276 3564 1483 3633 Heinricum·

307 3679 515 3746 hereticorum
550 3684 646 3764 caput
678 3686 711 3745 et
741 3680 811 3746 eins
844 3679 984 3745 fautores
1017 3698 1075 3764 pro
1111 3679 1228 3745 viribus
1265 3684 1483 3765 persequaris.

306 3794 435 3860 Nullum
462 3794 603 3880 proiecto
626 3795 746 3876 gratius
770 3794 838 3860 Deo
862 3792 1049 3860 sacrificium
1078 3792 1189 3859 offerre
1217 3794 1351 3879 poteris,
1382 3817 1484 3881 quam

307 3909 335 3975 si
357 3931 428 3976 enm
450 3911 628 3995 impugnas,
653 3912 707 3995 qui
729 3931 763 3977 se
787 3916 897 3976 contra
911 3908 1013 3976 Deum
1037 3909 1152 3990 erexit3
1177 3910 1230 3993 qui
1251 3908 1403 3977 ecclesiae
1418 3912 1485 3981 Dei

305 4045 437 4108 regnum
467 4025 590 4091 auferre
617 4031 764 4106 conatum
801 4026 855 4108 qui
883 4026 916 4091 in
943 4026 1011 4091 loco
1041 4012 1149 4093 sancto
1178 4023 1325 4109 Symouis
1357 4026 1485 4095 idolum

307 4141 434 4221 statuit3
462 4139 516 4223 qui
546 4159 565 4204 a
593 4140 789 4226 principibus
818 4138 878 4206 Dei
907 4140 1024 4207 sanctis
1054 4138 1204 4224 apostolis
1233 4158 1404 4225 eorumque
1431 4142 1485 4208 vi·

376 4301 397 4335 a.
420 4287 542 4335 nimisVZ.
615 4289 638 4335 b.
658 4289 683 4335 P.
697 4290 720 4336 V.
794 4303 813 4336 a.
835 4290 918 4338 dilecto
934 4290 983 4339 lilio
998 4289 1076 4337 oral'.
1149 4290 1172 4336 d.
1192 4287 1220 4335 Βἡ
1234 4287 1277 4336 Vll.
1351 4304 1371 4337 a.
1392 4290 1420 4337 Η.
1436 4292 1485 4340 ΓΖ

378 4385 403 4437 1.
423 4382 563 4454 chir.5,
577 4384 619 4437 13.
708 4384 788 4439 2.st
