3142 4850
306 302 372 367 742
606 317 786 366 orsoenos
809 316 990 365 orsnocus.
1025 318 1121 363 umr
1143 312 1178 364 m

216 476 286 532 1139
304 478 384 540 dolor,
407 477 483 529 modo
500 494 558 529 rars
576 486 616 529 est
630 476 659 527 in
678 474 760 527 tonis.
833 475 928 527 Omnes
945 476 1015 527 enirn
1038 492 1113 541 pene,
1131 484 1254 543 quotquot
1270 492 1363 537 snmus,
1380 474 1477 541 eloquio

220 550 287 597 ¹⁸¹³
303 568 384 633 magis
402 584 477 633 quam
495 581 573 632 opere
591 564 717 633 proximos
736 563 856 615 edificare
875 564 1005 615 studemus
1011 582 1019 625 ς
1044 565 1091 615 sed
1113 564 1161 616 iste
1179 564 1265 616 docuit
1281 566 1372 627 verbo,
1395 564 1478 616 doerit

303 655 432 722 exemplo;
460 655 523 706 dixit
540 665 567 706 ot
584 654 652 706 i'scit.
689 651 777 704 Talem
800 668 861 717 ergo
885 650 1012 704 lucernam
1036 653 1068 704 dc
1091 653 1174 705 medio
1191 654 1270 704 nostri
1288 653 1396 704 ablstam
1414 670 1478 718 equa

302 754 387 796 mente
405 744 471 794 torro
489 744 644 809 poterimus?
736 741 789 793 Sed
807 741 873 793 rado
892 742 925 792 ad
944 740 1054 793 altiores.
1082 740 1163 792 Huius
1182 742 1249 793 enim
1261 742 1387 793 interitum
1404 750 1477 802 etto,

303 834 451 885 oRomane
468 831 581 898 pontifex
600 840 688 883 sancte
705 831 794 882 matris
813 829 933 891 ecclesie,
958 830 1067 891 senties;
1091 840 1176 891 etto,
1199 840 1318 896 regnator
1335 831 1417 891 orbis,
1433 847 1478 881 rex

303 921 461 983 Alamannis,
480 922 616 986 imperator
624 920 797 973 Romanorum
809 927 925 985 auguste,
942 934 1027 970 cesum
1041 936 1139 985 quoque
1152 920 1225 970 huius
1237 918 1373 985 experieris
1378 938 1387 979 ;
1405 919 1478 969 ambo

302 1010 463 1077 permaximi,
491 1026 585 1075 magna
611 1008 684 1059 clade
708 1007 808 1059 multati
826 1007 896 1059 estis.
928 1006 1037 1073 Magnus
1061 1008 1127 1058 suun
1146 1007 1237 1058 Attiou
1258 1007 1299 1057 illc
1323 1006 1479 1058 ambidexter

304 1099 374 1151 vobis
392 1098 509 1150 occubuit
515 1116 523 1158 3
547 1096 664 1148 occubuit
681 1096 738 1158 ille,
762 1096 804 1163 qui
823 1103 929 1160 utraque
947 1112 1022 1146 manu
1041 1113 1087 1161 pro
1106 1096 1209 1146 dextero
1227 1094 1369 1155 utebatur’‚
1394 1095 1478 1146 Israe-

303 1186 371 1238 litice
389 1186 473 1253 gentis
492 1186 579 1237 ductor
597 1186 730 1251 egregium
754 1182 872 1235 occubuit
890 1183 992 1250 inquam
1012 1182 1062 1245 ills,
1081 1184 1124 1247 qui
1141 1184 1207 1248 potis
1226 1192 1281 1234 erst
1299 1192 1324 1234 et
1342 1183 1479 1234 industries

304 1284 330 1329 et
347 1293 428 1343 prona
440 1274 569 1327 voluntate
586 1273 694 1325 reddero
706 1273 788 1325 cessri
807 1288 855 1338 que
874 1272 969 1323 cesaris
988 1278 1056 1333 sunt,
1074 1280 1101 1322 et
1112 1272 1167 1324 Deo
1187 1288 1235 1338 quo
1247 1272 1296 1323 Dei
1314 1271 1398 1323 sunt‘.
1421 1272 1479 1323 Non

303 1364 359 1427 tibi,
377 1362 541 1430 oimperialis
559 1362 689 1423 maiestas,
707 1379 758 1412 non
777 1361 822 1411 tibi
836 1361 885 1411 cito
898 1370 1033 1425 consurget
1047 1358 1097 1411 alia
1108 1358 1250 1427 columpna,
1268 1362 1323 1412 cui·
1341 1370 1395 1412 tam
1412 1360 1478 1411 fidu-

304 1452 400 1505 cisliter
417 1452 490 1503 inniti
513 1467 590 1517 queas
596 1469 605 1511 ;
628 1450 669 1499 hic
693 1458 719 1501 te
743 1450 845 1515 quidem
867 1466 918 1499 non
941 1447 1021 1499 solum
1043 1448 1134 1499 divitiis
1159 1458 1186 1499 et
1207 1449 1342 1515 prudentia
1364 1448 1479 1511 seculari,

304 1542 364 1604 sod,
383 1542 450 1607 quod
468 1548 575 1606 utroque
592 1539 674 1589 maius
692 1547 746 1599 est,
764 1538 860 1589 meritis
879 1554 908 1588 ac
926 1538 1060 1588 sanctitate
1078 1536 1193 1589 suffulsit.
1221 1538 1361 1589 Sanctitate
1379 1538 1478 1603 inquam

304 1638 331 1682 et
347 1630 467 1681 virtutum
484 1628 580 1679 meritis
599 1627 776 1694 imperatorem
795 1626 890 1693 psriter
908 1635 934 1677 et
957 1626 1090 1693 imperium
1113 1627 1268 1689 coniecerim
1292 1626 1390 1679 iusticia
1414 1628 1478 1679 cuim

305 1728 332 1770 et
348 1718 471 1770 sanctitas
488 1717 514 1768 in
533 1717 639 1767 dextera
656 1716 719 1767 eius.
747 1715 807 1767 Non
825 1732 904 1782 parto
922 1732 963 1767 res
981 1724 1039 1767 acta
1055 1724 1108 1777 est,
1133 1734 1185 1768 non
1208 1733 1287 1783 parva
1310 1716 1358 1767 hec
1375 1717 1478 1769 mutatio

304 1808 331 1859 iu
348 1806 455 1859 ecclesia
467 1806 528 1867 Dei;
547 1823 597 1857 non
616 1822 677 1871 ergo
696 1804 785 1855 leviter
804 1803 910 1854 ferendo
928 1813 968 1855 est
985 1804 1042 1855 talis
1055 1804 1101 1856 viri
1120 1804 1221 1857 oblatio.
1252 1804 1302 1856 Ubi
1320 1806 1412 1857 amodo
1430 1806 1479 1858 tate

305 1896 448 1963 ingenium,
472 1894 548 1947 talem
566 1894 740 1961 prudentiam,
763 1892 841 1945 talem
859 1892 1014 1943 inveniemus
1033 1893 1188 1945 bonitatem?
1277 1893 1331 1952 Sed
1348 1895 1478 1945 redeamus

305 1985 339 2036 ad
356 1984 506 2045 monachos,
529 1983 662 2034 redeamus
681 1983 714 2033 ad
738 1980 859 2049 populum
883 1981 1051 2047 spiritualem
1076 1982 1227 2035 detrimento
1249 1982 1349 2034 illorum
1370 1983 1477 2035 iamenu

305 2074 378 2126 nobis
395 2074 499 2125 faciunt.
531 2072 598 2133 Quid
616 2071 662 2123 liet
679 2071 712 2121 de
730 2069 798 2121 illis?
823 2070 884 2135 quid
902 2070 947 2121 fiet
965 2071 997 2122 de
1014 2072 1144 2123 monachis
1162 2081 1189 2123 ot
1206 2073 1369 2139 pauperibus,
1388 2072 1478 2139 quial

305 2164 352 2214 lias
370 2180 458 2213 manus
477 2170 594 2227 spectare
605 2161 807 2211 consueverant?
832 2160 945 2227 Lugotis,
964 2159 1046 2220 video,
1065 2170 1091 2211 et
1102 2160 1169 2211 lictis
1182 2162 1301 2213 Ottousm
1313 2173 1437 2223 vestrum
1454 2174 1478 2213 et

306 2259 374 2302 corte
391 2268 442 2301 non
459 2249 584 2301 inmerito.
611 2248 690 2300 Vobis
709 2248 776 2299 onim
795 2247 837 2299 ille
856 2248 979 2309 occubuit,
998 2249 1068 2300 vobis
1086 2248 1186 2301 ablatus
1204 2258 1256 2311 sst;
1278 2268 1324 2303 tos
1342 2251 1419 2311 onim,
1437 2270 1477 2303 sos

307 2338 470 2399 omonschi,
488 2336 633 2404 specialiter
650 2336 759 2403 populus
777 2353 872 2403 pssoue
890 2336 944 2388 sius
962 2345 989 2388 et
1006 2354 1066 2389 ores
1084 2354 1174 2388 manus
1192 2338 1270 2391 eius⁴.
1299 2338 1350 2390 Hic
1368 2341 1477 2406 profecto

307 2438 370 2490 erat,
391 2428 435 2494 qui
451 2428 485 2478 de
502 2427 677 2478 habundantia
695 2425 801 2478 divitum
819 2426 892 2479 huius
912 2425 998 2477 mundi
1015 2435 1125 2480 vestram
1143 2428 1253 2494 inopiam
1271 2429 1393 2495 supplere
1412 2429 1476 2481 solli·

307 2517 371 2569 citus
388 2516 450 2577 fuit3
473 2517 514 2567 hic
533 2531 627 2582 magno
645 2515 801 2566 auctoritatis
820 2515 936 2582 exemplo
960 2515 1062 2581 gloriari
1081 2515 1194 2578 solebat,
1218 2517 1317 2568 dicens:
1343 2518 1476 2586 „Spolisvir

307 2606 440 2673 Egyptiom
459 2604 549 2656 ditarit
560 2605 702 2656 Hebreos“.
733 2603 800 2654 Nam
819 2621 846 2654 re
864 2621 925 2656 sera
942 2613 1030 2656 sancto
1048 2621 1078 2656 ac
1095 2604 1213 2671 religiose
1230 2605 1309 2658 multa
1327 2607 1476 2660 esculentus

307 2695 424 2755 extorsit,
443 2690 550 2761 quibus*
569 2692 700 2759 penuriam
718 2691 863 2744 sublevaret
880 2691 1054 2759 spiritualium.
1091 2693 1185 2746 Sancta
1203 2702 1228 2746 et
1246 2695 1366 2762 religiosa
1384 2697 1476 2759 frande

306 2793 336 2834 ut
358 2784 394 2834 ita
417 2783 514 2844 dicam,
538 2781 628 2832 divites
652 2781 887 2842 circumveniebat⁰‚
911 2791 940 2832 ut
964 2783 1112 2834 elemosinas
1130 2783 1243 2836 facerent
1261 2785 1414 2852 quandoque
1431 2803 1476 2838 non

307 2873 439 2939 cogitatus.
474 2871 675 2936 Argumentosus
698 2870 766 2921 enim
790 2879 846 2922 eret
868 2869 893 2922 in
917 2870 1007 2923 divinis
1030 2871 1106 2923 lucris
1113 2890 1121 2934 ς
1146 2889 1204 2924 omn
1226 2883 1253 2924 et
1274 2891 1364 2928 manus
1382 2875 1477 2928 Domini

307 2978 364 3012 cum
381 2977 412 3012 eo
430 2961 509 3011 crat‘.
537 2959 559 3011 0
578 2977 653 3025 quam
670 2957 762 3010 multos
780 2958 871 3010 divites
890 2975 945 3010 cum
964 2961 1078 3012 omnibus
1096 2960 1188 3012 divitiis
1207 2961 1258 3014 suis
1276 2963 1310 3014 sd
1326 2964 1477 3029 spiritualem

307 3050 385 3101 vitam
401 3049 507 3100 traiecit.
538 3045 681 3115 Quicquid‘¹
699 3065 871 3113 personarum,
890 3049 1007 3115 quicquid
1026 3066 1108 3100 rorum
1126 3050 1168 3101 rol
1185 3067 1260 3116 opum
1279 3053 1365 3104 seculo
1384 3053 1477 3106 aufsm

307 3137 397 3206 potuit,
415 3137 470 3190 Deo
488 3137 616 3203 coaptarit
633 3137 735 3203 pietatis
753 3153 784 3187 ac
801 3137 971 3189 misericordie
984 3139 1096 3190 obtentu.
1124 3138 1177 3190 Sed
1188 3139 1249 3205 quid
1260 3141 1364 3192 multis?
1383 3143 1477 3194 misssi·

308 3227 394 3279 cordia
416 3227 470 3278 eius
488 3241 564 3293 snper
582 3225 666 3277 onmia
683 3241 761 3291 opera
779 3226 848 3286 eius3
872 3226 1042 3280 misericordia
1060 3227 1110 3278 Dei
1128 3237 1187 3279 onte
1205 3229 1290 3281 oculos
1309 3231 1364 3282 cius
1384 3249 1479 3299 semper

308 3315 363 3366 fuit.
395 3314 474 3366 Orate
492 3331 568 3380 ergo,
586 3314 741 3366 dilectissimi
759 3315 864 3375 iratres,
883 3322 954 3366 orate
972 3315 1106 3378 attentius,
1125 3325 1153 3367 ut
1170 3317 1270 3383 etipse
1287 3319 1365 3371 hodie
1383 3322 1478 3372 misem-

309 3403 419 3455 cordiam
436 3412 617 3469 consequatur;
636 3413 716 3466 orate,
735 3411 764 3454 ut
781 3403 826 3454 illa
843 3403 989 3454 beatissima
1001 3405 1093 3467 animo,
1111 3421 1185 3470 quem
1199 3406 1314 3470 credidit,
1333 3425 1411 3474 quam
1422 3427 1478 3477 spe-

308 3492 386 3553 ravit,
409 3507 483 3556 quam
505 3491 605 3554 dilexit,
626 3509 655 3543 re
673 3492 797 3559 ipsa=Dei
814 3492 1010 3545 misericordiam
1027 3493 1104 3546 hodie
1121 3495 1252 3562 percipiat.
1289 3497 1415 3564 Equidem
1433 3517 1479 3552 noo

309 3579 392 3631 surdis
418 3580 520 3631 auribus
543 3580 606 3632 illud
628 3581 804 3648 euangelicum
827 3581 937 3648 accepit:
964 3581 1053 3647 „Beati
1076 3583 1263 3647 misericordes,
1292 3589 1411 3652 quoniam
1436 3589 1481 3655 ipsi

308 3668 505 3720 misericordiam
528 3671 746 3736 oomcquentursst
764 3680 804 3720 et:
830 3670 934 3734 „Estote
952 3671 1140 3734 misericordes,
1159 3673 1223 3724 sicut
1241 3683 1315 3740 pater
1332 3685 1418 3728 vester
1435 3679 1480 3729 mi-

309 3757 416 3809 sericors
438 3757 520 3808 est“⁷.
554 3758 646 3809 Nullus
669 3767 754 3810 autem
776 3759 917 3810 misericors
940 3776 997 3812 esse
1021 3769 1120 3827 potest,
1145 3761 1188 3828 qui
1208 3762 1308 3815 humilis
1325 3781 1377 3816 non
1394 3765 1481 3825 fuerin

309 3846 390 3898 omnis
413 3861 475 3912 ergo
498 3846 639 3898 misericors
658 3847 735 3898 etiam
753 3847 853 3899 humilis
872 3857 919 3898 est.
955 3848 1030 3900 Unde
1048 3850 1113 3901 bone
1131 3849 1224 3902 inferre
1242 3867 1391 3918 possumus,
1416 3854 1480 3920 quod

309 3950 396 3986 voram
412 3942 440 3985 et
456 3950 542 3985 coram
558 3934 614 3986 Deo
632 3935 764 4000 probatem
785 3933 949 3988 homilitstom
966 3937 1056 3988 habuit
1073 3939 1175 4004 spiritus
1194 3940 1261 4004 eius,
1285 3941 1327 4006 qui
1345 3950 1418 3994 unte
1435 3943 1480 3994 mi·

381 4091 402 4124 a.
428 4077 464 4124 cai
478 4100 503 4109 -
516 4089 586 4137 queas
601 4092 644 4124 ons.
656 4077 687 4134 N,
704 4076 782 4139 recepi
798 4093 826 4124 sc
842 4079 872 4125 R.
954 4079 976 4125 b.
1002 4079 1084 4140 quibus
1098 4105 1122 4113 -
1136 4083 1287 4142 spiritualium
1303 4098 1346 4131 osc
1358 4085 1388 4139 Ν,
1406 4083 1482 4145 recepi

311 4172 340 4203 so
356 4155 386 4202 R.
480 4171 499 4203 c.
524 4157 701 4204 circumscribat
716 4157 747 4204 N.
841 4157 862 4204 d.
887 4159 989 4219 quicquit
1006 4159 1037 4208 N.

385 4253 409 4304 1.
428 4249 500 4307 Aod.
590 4253 615 4306 2.
634 4252 694 4307 lud.
706 4253 731 4322 3,
746 4253 793 4308 15:
813 4251 892 4323 „dod
902 4283 934 4293 -
946 4255 992 4323 qui
1009 4259 1124 4325 utraque
1137 4271 1219 4310 mana
1236 4271 1286 4326 pro
1298 4255 1412 4312 dextera
1424 4263 1479 4312 ute

316 4337 423 4393 batur“.
495 4341 521 4394 3.
539 4339 687 4409 matthee,
700 4341 743 4395 21.
815 4341 841 4396 4.
859 4341 904 4397 Ps.
915 4343 958 4411 94,
970 4343 996 4397 7.
1068 4343 1093 4398 5.
1111 4343 1178 4399 Luc.
1190 4345 1213 4414 1,
1226 4345 1269 4400 66.
1340 4347 1367 4401 6.
1385 4343 1477 4399 Μ

314 4425 378 4492 5‚'l.
468 4426 494 4480 t.
512 4427 579 4481 Luc.
591 4428 617 4496 6,
634 4428 679 4483 86.
1567 4437 1569 4452 “
