3142 4850
451 289 616 336 unnnanor
639 287 767 338 oonnx.
802 287 856 338 noo
1175 272 1243 338 455

85 445 255 512 introduxit.
295 445 364 514 Hoc
392 445 470 512 illud
493 452 542 514 eet
562 448 612 515 ius
641 449 761 532 ligendi
789 454 823 515 et
850 449 1009 532 solvendi,
1037 449 1116 516 hae·
1138 449 1242 516 eleves

84 562 160 644 regni
182 560 341 628 caelorum
352 558 369 644 ¹,
397 583 475 647 quas
498 564 677 648 specialiter
700 563 794 632 Petro
816 563 955 632 salvator
977 563 1121 631 credidit
1207 564 1241 630 Sl

83 675 143 742 ideo
165 675 224 742 soli
239 673 343 760 Petro,
367 679 441 761 quia
455 678 515 744 soli
531 678 635 764 Petro,
661 685 849 766 potestatem
865 679 947 747 bano
961 679 1105 763 contulit,
1127 699 1242 763 ergone

84 789 216 858 looobnm
246 791 416 860 Iohannem
440 795 600 862 Andream
628 802 660 862 et
687 797 793 882 ipsum
815 794 948 861 Paulum
978 815 1106 862 mencos
1135 801 1167 862 et
1192 796 1242 862 iu·

82 905 164 972 utiles
186 907 333 992 reddidit,
357 909 470 993 quibus
493 911 582 995 quasi
606 911 727 977 deuotis
750 909 944 976 mensoribus
965 909 1080 977 falcem
1102 931 1120 978 o
1140 912 1243 978 mnni-

83 1021 133 1088 bus
153 1023 311 1090 excussit?
345 1024 405 1091 Ubi
434 1030 483 1092 est
510 1045 601 1109 ergo,
628 1026 710 1112 quod
740 1026 883 1112 pluribus
906 1026 1070 1113 discipulis
1098 1032 1171 1113 post
1191 1047 1242 1093 re-

81 1139 294 1206 surrectionem
326 1159 415 1206 suam
444 1161 602 1227 apparens
630 1141 804 1208 insufflavit
831 1148 864 1208 et
891 1142 974 1208 dixit
1001 1145 1064 1209 eis:
1098 1145 1243 1229 Accipite

82 1253 231 1340 sportam
252 1269 412 1332 sanctonas
439 1279 574 1343 psoram
596 1262 778 1325 remiseras
800 1272 940 1345 peccota,
962 1263 1163 1326 remiseram
1185 1263 1240 1340 cis,

80 1383 105 1434 st
118 1393 248 1456 poor-um
263 1375 464 1453 redeuntes,
487 1387 604 1440 recola
620 1370 730 1440 rond?
764 1373 825 1440 Ubi
841 1380 889 1440 est
904 1374 1012 1459 etiam,
1028 1375 1111 1460 quod
1126 1374 1242 1441 iterum

78 1483 162 1551 dicit:
187 1487 301 1552 Messala
324 1491 450 1574 quidem
472 1491 589 1566 molter
618 1504 726 1576 roqote
748 1493 911 1556 dominam
932 1494 1056 1572 moses,
1083 1505 1119 1558 ut
1140 1495 1243 1558 mittat

78 1606 234 1687 operarios
257 1607 292 1667 ira
307 1625 434 1670 messem
448 1600 576 1670 saom³?
609 1605 643 1672 Si
659 1605 756 1688 igitur
771 1605 806 1671 in
820 1605 1012 1672 hereditarie
1027 1606 1240 1691 apostolorum

76 1717 268 1783 successione
283 1717 342 1784 soli
357 1719 539 1786 remittendi
561 1724 750 1806 potestatem
772 1721 890 1787 hebent
905 1721 1056 1808 episcopi,
1079 1741 1152 1787 vore
1168 1742 1242 1807 ope·

75 1833 146 1898 rruii
163 1833 334 1900 admodum
358 1835 450 1920 pauci
474 1841 506 1902 et
527 1855 725 1921 nequaquam
749 1836 940 1904 sufficientes
963 1837 1004 1902 ad
1027 1857 1162 1904 messem
1176 1836 1242 1902 Do-

75 1948 163 2032 mini,
191 1949 426 2018 contradicente
449 1953 622 2038 scriptura:
651 1954 869 2020 &numento
893 1975 944 2018 eor
971 1967 1000 2019 et
1026 1975 1123 2040 super
1149 1954 1241 2018 tare-

74 2062 160 2130 oom⁴
176 2113 185 2130 .
203 2115 211 2130 .
230 2114 263 2132 ..
299 2065 383 2144 Quos
406 2087 481 2150 ergo
503 2087 599 2153 snper
622 2067 770 2134 herenam
798 2067 1025 2154 multiplicatos
1051 2068 1241 2149 dinumerat,

72 2178 130 2246 nisi
152 2200 233 2265 qnos
258 2183 413 2266 superiori
436 2203 529 2248 uersu
552 2184 669 2248 amicos
693 2183 753 2250 Dei
775 2184 871 2250 nimis
893 2183 1063 2250 honoratos
1084 2185 1242 2269 nimisque

72 2295 262 2364 confortatos
285 2299 317 2362 in
341 2299 521 2384 principatu
544 2319 602 2364 suo
626 2295 803 2385 appellat⁵i

157 2411 248 2497 Soio,
277 2413 352 2499 qnia
380 2413 477 2499 aliqui
504 2414 672 2499 vestruml,
697 2414 937 2501 parrochianum
961 2436 1068 2482 curum
1097 2422 1242 2501 gerentes

71 2528 102 2595 in
123 2530 229 2615 plebe,
251 2550 379 2598 necesse
395 2531 524 2597 babent:
550 2531 706 2598 subiectos
720 2532 754 2597 in
770 2531 866 2599 verbo
882 2531 1011 2597 Domini
1027 2532 1143 2615 iugiter
1157 2552 1242 2599 oom-

70 2664 214 2730 mouere,
245 2651 277 2713 et
301 2646 518 2730 delinquentes
541 2646 581 2713 ab
609 2646 742 2713 ecclesia
768 2666 994 2730 nonnunquam
1023 2647 1181 2733 expellere
1209 2655 1243 2715 et

70 2761 107 2827 sd
129 2763 359 2829 correctionem
389 2762 522 2829 oliorum
553 2763 771 2829 communione
801 2764 944 2849 privaro;
973 2783 1013 2829 ne
1040 2783 1241 2849 perpaucas

70 2896 140 2945 ores
162 2878 326 2945 morbidas
348 2885 433 2945 totus
457 2898 532 2962 grex
557 2880 797 2945 contaminetur.
833 2879 869 2943 ln
886 2898 946 2963 quo
963 2898 1037 2960 ergo
1052 2878 1111 2945 boc
1126 2878 1240 2962 facitis,

69 2994 94 3059 si
116 3000 308 3080 potestatem
331 2994 364 3060 in
389 2993 511 3080 Spiritu
533 3001 642 3061 sancto
665 3014 728 3059 non
752 2994 939 3079 accepistis?

154 3110 191 3177 Si
216 3116 335 3193 autom,
357 3116 395 3175 ut
409 3110 522 3176 vestris
544 3109 679 3177 fortasse
694 3115 766 3176 utar
781 3110 898 3193 verbis,
920 3129 978 3175 nos
997 3108 1176 3175 sacerdotes
1191 3109 1241 3175 ius

69 3230 189 3291 tuntum
214 3226 353 3311 ligandi⁸
376 3226 538 3309 babemus,
561 3245 633 3292 oum
651 3230 791 3312 potestas
807 3224 949 3291 solvendi
964 3245 1061 3310 penos
1076 3226 1242 3310 episeopos
1365 3238 1369 3245 ’

69 3340 117 3425 sit,
132 3334 364 3409 'ineunotunter
379 3342 463 3407 dico:
489 3342 572 3426 quia,
597 3342 624 3405 si
639 3341 685 3407 ita
700 3348 758 3424 est,
783 3339 1026 3407 miserabiliores
1042 3360 1151 3407 sumus
1174 3359 1241 3405 om·

69 3456 156 3523 nibus
179 3458 375 3541 hominibus,
398 3458 463 3543 qui,
486 3476 558 3524 oum
581 3456 697 3540 regulis
716 3462 748 3523 et
762 3456 991 3542 scorpionibus,
1014 3476 1085 3522 oum
1103 3454 1188 3542 lupis
1209 3461 1243 3522 et

69 3569 209 3640 leonibus
233 3572 339 3641 ledere
355 3592 533 3659 possumus,
557 3571 688 3639 cunundi
703 3591 776 3637 vcro
797 3576 984 3657 potestatem
999 3590 1064 3637 non
1078 3571 1239 3638 hebemus.

68 3686 187 3774 Adbuc,
213 3688 299 3774 quod
314 3688 452 3756 deterius
468 3694 526 3772 eo,
548 3688 633 3753 dico:
657 3688 732 3771 quia
746 3687 891 3753 inmundi
905 3686 1036 3773 spiritns
1051 3684 1241 3753 mortificare

70 3804 191 3887 quidem
229 3810 381 3891 possunt,
416 3805 471 3871 sed
501 3802 679 3870 vivilioandi
712 3808 902 3889 potestatem
930 3802 1034 3869 sortiti
1066 3822 1131 3867 nou
1155 3808 1239 3868 sunt

68 3918 167 3996 Quare
191 3939 270 4004 ergo
294 3928 326 3987 et
340 3940 397 3986 nos
422 3920 462 3985 od
484 3918 723 3985 similitudinem
740 3918 928 3984 daemonum
950 3917 1101 3984 fratribus
1123 3918 1240 3982 nostris

136 4058 156 4091 s.
182 4044 278 4091 besel'.
341 4044 363 4091 b.
385 4042 455 4105 aliqui
471 4042 573 4090 exvobis
584 4042 610 4089 Z.
673 4057 692 4089 e.
712 4056 758 4089 non
773 4041 942 4103 superscripsit
956 4056 1039 4088 mnus
1050 4040 1240 4102 posteriorisl’.

137 4134 160 4187 1.
179 4131 280 4187 Mattb.
296 4132 342 4201 16,
362 4131 403 4185 19.
521 4130 546 4185 2.
571 4128 627 4184 loh.
641 4130 689 4199 20,
709 4130 752 4185 22.
766 4130 810 4183 23.
928 4130 955 4182 3.
979 4126 1075 4181 Mutth.
1088 4128 1120 4196 9,
1138 4128 1182 4182 37.
1195 4128 1239 4183 38.

68 4218 159 4275 ars.
173 4222 244 4289 138,
262 4222 311 4275 18:
340 4216 547 4289 ,Dinumerabo
575 4232 622 4273 eos
652 4222 680 4273 et
707 4233 791 4287 super
817 4232 928 4271 aronam
955 4215 1239 4286 multiplicabuntur“.

68 4307 92 4361 5.
113 4308 158 4363 Ps.
173 4310 238 4378 138,
253 4309 300 4363 17ε
321 4307 402 4379 „tlibi
420 4312 512 4361 entem
531 4306 611 4361 nimis
629 4304 799 4361 honorificati
812 4311 877 4361 sunt
888 4305 968 4360 amici
982 4306 1031 4374 tui,
1050 4305 1141 4375 Deus3
1159 4304 1241 4360 nimis

70 4394 239 4453 confort-stus
258 4401 301 4453 est
318 4396 487 4467 principatus
505 4394 626 4451 eorum“.
