3142 4850
416 331 605 381 semmuro
624 330 905 381 senescerere.
941 328 959 379 e
1207 311 1274 379 495

105 490 238 576 proximi
264 492 300 557 in
327 491 504 559 cordetuo
531 490 682 575 haberes,
709 511 774 557 non
803 495 929 557 tecum
954 488 1098 556 omnihus
1123 484 1363 559 tuisilli¹1021

103 607 228 691 suisque
250 606 454 673 servitutibus
476 605 584 687 dures3
607 611 645 672 ut
658 607 749 673 visos
771 612 804 672 et
824 610 968 673 mortuns
991 603 1115 671 illorum
1140 604 1185 669 sis
1208 573 1274 670 sel-

103 742 159 787 vus
186 722 221 787 in
249 722 371 805 secula,
400 721 476 787 dum
504 720 546 787 ad
572 721 756 787 servitutem
779 720 842 787 Dei
866 742 885 787 a
907 726 939 787 te
963 720 1027 787 sint
1055 719 1119 785 illis
1148 720 1274 806 provisa

102 857 243 923 quaeque
263 838 451 905 necessaria.
485 836 548 903 Pro
564 838 819 903 remuneratione
842 836 935 904 huius
958 836 1159 921 perfectionis
1183 835 1276 900 unxit

101 959 133 1019 te
153 952 310 1019 Dominus
332 952 409 1019 oleo*
430 951 555 1019 leticiae
584 972 641 1037 pre
663 952 861 1019 consortibus
884 948 982 1017 tuis¹.·
1018 950 1061 1017 Et
1089 951 1141 1035 qui
1172 956 1203 1017 te
1234 949 1273 1016 nd

101 1068 272 1152 regendum
301 1068 453 1155 populum
481 1068 638 1133 invicem
666 1084 757 1133 snam
786 1066 1005 1153 temporaliter
1033 1066 1186 1149 elegerat,
1216 1084 1273 1150 per

100 1184 254 1251 ricarium
276 1183 430 1270 principie
453 1182 669 1268 apostolorum
684 1188 791 1249 votum
808 1188 897 1249 tuum
921 1180 1072 1269 perficere
1089 1187 1183 1265 atque
1199 1200 1273 1247 con-

98 1299 228 1367 firmare
250 1301 305 1386 pia
325 1297 532 1385 dispositione
554 1298 702 1380 curabat3
725 1304 761 1365 ut
782 1299 815 1365 in
838 1298 909 1384 ipso
925 1298 1141 1383 dispositionis
1164 1296 1274 1363 ordine

99 1416 294 1483 voluntatem
322 1416 391 1483 eius
419 1413 548 1481 credula
574 1414 675 1481 virtus
704 1414 805 1500 possit
834 1433 1014 1496 agnoscere.
1103 1412 1274 1499 Euporie

98 1532 271 1617 agnitionis
298 1550 405 1613 meae,
434 1529 573 1597 medulla
599 1530 703 1596 cordis
732 1529 772 1597 ab
800 1530 929 1613 intima,
958 1528 1119 1595 ordinator
1148 1533 1271 1595 tuorum

96 1649 142 1714 sit
163 1647 348 1715 benedictus
370 1647 404 1712 in
419 1646 540 1728 secula3
565 1646 732 1731 omniaque
755 1651 812 1712 tna
826 1644 1011 1728 magnificae
1029 1644 1095 1709 sint
1116 1643 1183 1709 eius
1207 1643 1273 1729 pie·

96 1764 157 1831 tati
179 1762 360 1831 commissa

259 1877 400 1945 Laudem
422 1877 524 1945 scribo
546 1881 646 1960 tuam,
669 1882 726 1944 tua
746 1876 816 1943 laus
840 1896 879 1943 ne
896 1880 1040 1961 vesperet
1062 1893 1229 1959 umquam

260 1993 343 2073 Quin
366 2013 490 2079 semper
512 1992 590 2061 cleri
613 1993 766 2059 clarescat
788 1991 907 2059 lumine
930 1991 1051 2077 scripti,

261 2107 362 2175 (ilaris
386 2108 461 2176 dum
484 2108 612 2195 scriptis
633 2112 777 2175 remanet
800 2128 875 2193 pars
897 2106 1004 2173 debita
1025 2105 1139 2173 landis.

261 2222 334 2309 Sed,
357 2224 451 2292 eadat
464 2230 501 2291 ut
515 2230 618 2292 tecum
634 2223 704 2290 laus
724 2223 812 2307 haee,
835 2222 930 2289 nimis
954 2242 1073 2305 auguro
1097 2226 1228 2305 certum,

260 2338 390 2407 Flebilis
412 2344 445 2408 et
465 2340 538 2407 linis
561 2339 673 2407 studiis
697 2340 860 2424 confingat
881 2338 1032 2405 honestis.

260 2454 337 2524 lude
357 2457 417 2524 tibi
438 2457 552 2539 longae
573 2457 709 2543 deposco
732 2461 876 2542 tempora
898 2455 993 2540 vitae,

261 2570 378 2639 Laetus
401 2577 438 2640 nt
458 2573 593 2659 imperio
616 2572 770 2638 consistas
794 2577 936 2658 tempore
958 2571 1067 2656 long03

259 2687 392 2776 Insuper
414 2694 447 2756 et
467 2689 609 2774 requiem
632 2688 784 2756 merearis
808 2687 923 2756 habere
947 2707 1127 2773 perennem.

260 2803 374 2874 Lector
397 2805 497 2871 dicat:
521 2828 629 2884 omem
651 2805 748 2870 faciat
770 2805 816 2870 sio
838 2803 980 2870 clausula
1000 2803 1104 2872 finem.

260 2965 428 3044 'Quamvis
450 2965 495 3031 sis
517 2967 638 3031 cunctis
660 2965 774 3031 merito
797 2963 973 3031 laudandus
996 2965 1029 3029 in
1054 2963 1142 3048 actis,

259 3079 319 3148 Est
341 3087 447 3148 temen
470 3081 547 3147 haec
568 3079 697 3146 landum
722 3080 898 3146 clarissima
920 3099 1045 3163 gemme
1067 3085 1210 3146 tuarum:

260 3195 349 3274 Quod
370 3197 465 3262 nimis
489 3196 621 3264 odibiles
644 3197 712 3261 odis
734 3201 770 3261 tu
793 3197 932 3262 maxime
954 3195 1050 3280 fures,

257 3311 323 3379 Nec
345 3333 451 3379 cessas
474 3313 570 3397 digna
593 3312 761 3379 sceleratos
785 3311 918 3398 perdere
941 3331 1052 3398 poena,

259 3429 319 3506 Qui
341 3428 435 3494 furtis
458 3429 610 3494 mnndum
633 3429 800 3494 devastant
822 3447 909 3494 more
932 3428 1079 3513 luporum

259 3543 302 3610 Et
322 3544 444 3609 iaciunt
467 3543 573 3630 plures
595 3544 682 3610 luctu
705 3544 885 3610 miserando
909 3547 1079 3627 gementes.

259 3659 328 3725 Ahl
353 3660 455 3744 qualis
478 3665 606 3744 questus
630 3659 766 3726 dominis
791 3665 839 3725 est
859 3657 932 3726 inde
957 3664 1097 3745 paratus,

260 3775 335 3854 Quis
359 3777 436 3842 dens
460 3782 509 3842 est
529 3771 657 3842 venter⁸
679 3775 909 3859 tantummodo,
933 3795 991 3840 nec
1014 3773 1090 3840 deus
1114 3773 1203 3840 alter.

260 3891 352 3958 Tales
375 3891 520 3958 iusticiae
542 3911 600 3977 per
622 3911 761 3957 amorem
784 3909 915 3976 prorsus
939 3890 1082 3974 abhorre,

258 4007 364 4093 Atque
387 4006 574 4075 diabolicam
597 4008 702 4073 furum
727 4011 891 4092 prosterne
914 4011 1088 4087 catervam

164 4192 187 4224 ι.
217 4175 264 4229 Qui
278 4183 407 4239 mter
422 4191 505 4224 cerrus
519 4175 545 4224 in
561 4175 647 4223 codicis
660 4174 708 4237 sol
720 4177 771 4223 233
787 4173 925 4235 Hieronymi
940 4173 966 4220 in
981 4172 1070 4220 Ionium
1086 4171 1224 4234 expositioni
1240 4173 1273 4221 ad

90 4257 185 4305 aem
195 4253 329 4317 praem
344 4254 479 4302 caraem

166 4352 195 4406 1.
214 4351 283 4406 Deo.
373 4353 399 4405 2.
423 4350 524 4420 Pell,
543 4351 575 4405 8:
601 4351 703 4420 „unxit
719 4355 747 4406 te
765 4350 855 4420 Deus,
880 4349 949 4406 deus
967 4354 1045 4418 tuus,
1071 4348 1131 4405 oleo
1150 4349 1271 4406 borinas

90 4455 162 4511 prae
182 4437 356 4495 consortibus
373 4439 455 4494 tuis“.
563 4441 589 4493 3.
611 4437 766 4508 Philippii,
781 4439 824 4493 19.
