3142 4850
421 365 585 412 annaeum
608 364 736 413 connx.
771 362 832 414 aaa.
845 361 899 414 eno
1186 348 1254 414 413

92 520 169 605 berc,
199 527 367 608 antequam
390 542 503 590 cauma
533 523 600 590 eiua
623 525 726 591 exitus
750 529 913 610 appareat.
953 523 1032 591 Item
1055 545 1096 591 ex
1118 524 1253 612 epistola
1270 542 1362 607 (net)

91 633 210 702 Felieie¹
232 657 345 724 papae,
369 641 488 726 scripta
504 641 677 706 Athanasio
702 641 863 707 etaetatis
885 641 1042 726 episcopis
1063 641 1096 706 in
1113 639 1253 707 Alexan·

91 751 171 817 ddna
193 754 314 839 synodo
336 758 548 840 congregatis:
572 758 624 822 De
645 759 801 823 indocile·
825 761 1058 844 epicopum,
1090 761 1173 822 unde
1195 780 1253 823 noa

89 870 296 952 concatenatio,
327 875 468 938 dioeccac
491 899 511 939 a
533 875 678 960 putridae
706 873 834 959 reptilae
861 877 1036 938 invenimus
1060 876 1251 939 comtitataa.

91 983 220 1066 Quidam
244 991 325 1052 enim
348 991 393 1054 ad
413 990 592 1077 repellenda
615 993 829 1076 impetitorum
850 990 1102 1054 machinamenta
1128 1003 1157 1054 et
1177 1011 1252 1054 cuae

84 1106 320 1188 praeparandae
342 1109 560 1192 responsiones
583 1119 612 1171 ct
625 1118 712 1171 testea
729 1107 959 1187 confirmandae
972 1119 1011 1186 et
1027 1106 1161 1169 concilia
1184 1108 1252 1192 epi·

86 1237 245 1303 cauponem
268 1223 438 1306 paciendo,
463 1244 582 1287 onnam
605 1234 632 1287 et
647 1243 702 1286 aec
716 1243 835 1286 menaea
857 1223 1087 1287 mandaverunt
1108 1223 1252 1298 concedi3

86 1335 210 1417 puidam
232 1349 335 1401 antem
358 1360 493 1414 annam,-
515 1342 551 1402 in
574 1359 635 1423 pao
657 1338 794 1423 plurimi
814 1339 1014 1402 concordant.
1051 1338 1251 1402 Minnione

85 1469 174 1534 paam
201 1473 256 1516 aec
283 1475 402 1518 menaea
429 1475 494 1518 non
521 1456 665 1540 repperi·
700 1456 778 1539 qaia
807 1453 861 1517 lieo
889 1453 980 1517 luicio
1013 1452 1141 1518 indulta
1167 1466 1250 1532 cant,

85 1579 196 1650 quanto
219 1571 321 1653 mapia
344 1571 565 1636 sacerdotibus.
609 1569 761 1633 induciae
781 1591 919 1653 namque
946 1590 1011 1633 non
1038 1569 1095 1632 aad
1119 1579 1251 1654 aequato

83 1691 224 1767 tempore,
250 1686 305 1748 ced
325 1685 382 1749 aab
404 1685 500 1770 lonpo
522 1688 632 1772 spacio
656 1685 870 1750 concedendae
890 1697 974 1763 cunt,
1001 1696 1037 1749 ut
1058 1687 1199 1750 ucmccati
1219 1707 1252 1748 ee

78 1818 275 1884 praeparare
298 1813 326 1864 et
348 1813 435 1866 tentet
456 1823 576 1888 parare
599 1813 692 1886 atquc
709 1814 818 1865 contra
840 1801 1042 1865 inuidiatorea
1062 1800 1199 1886 pleniter
1219 1823 1253 1866 ee

81 1917 200 1979 munire
223 1915 358 1980 calcant.
401 1916 525 1981 Iadicee
549 1929 652 1982 antem
675 1929 703 1982 ct
725 1929 922 1982 accacatorco
945 1915 1021 1982 talea
1044 1937 1109 1979 ecce
1131 1916 1250 1996 debent,

82 2031 135 2112 pai
155 2033 245 2094 omni
267 2043 394 2097 careant
415 2035 594 2119 auepicione
616 2045 644 2098 et
666 2054 704 2097 eu
727 2035 869 2097 comitatio
891 2033 1000 2096 radice
1021 2053 1112 2097 auom
1130 2032 1251 2097 decide·

79 2157 144 2210 cent
166 2150 352 2212 ammaum
371 2169 525 2234 promere.

79 2343 165 2416 235.
186 2349 377 2416 Addici-tm
393 2351 416 2416 I
434 2352 689 2439 arciicpiecopaa
705 2353 912 2439 Mopantinne
929 2353 1074 2418 Honooio
1087 2351 1130 2416 Il
1146 2375 1253 2439 papae

185 2470 536 2535 excommunicationem
548 2466 727 2537 Gebeiacdi
740 2472 883 2556 epiceopi
896 2468 1159 2553 ll'irzeburpmeia
1173 2490 1250 2555 pro·

184 2582 263 2647 bare
284 2578 455 2649 videam&
1109 2581 1148 2664 (Ε
1172 2583 1250 2663 329)

160 2712 200 2779 Ν.
227 2716 427 2783 sanctissimo
451 2720 484 2781 et
504 2716 675 2783 universali
698 2736 802 2803 papae
824 2716 1041 2796 Aidelbertue)
1064 2715 1124 2782 Dei
1146 2716 1251 2798 matta
1268 2729 1360 2795 (1127)

74 2834 200 2895 sanetae
216 2828 422 2914 Mogentiana
440 2832 591 2899 eccleciae
614 2832 741 2901 humilis
765 2832 910 2900 minister
932 2837 964 2899 et
987 2830 1179 2918 apostolicae
1200 2851 1250 2897 ee·

74 2941 120 3009 dic
141 2944 271 3029 legatas
294 2946 449 3031 debitam,
479 2954 515 3017 ut
537 2953 626 3015 tanto
650 2948 838 3036 apostolico,
866 2947 1078 3015 obedientiam
1101 2952 1134 3013 et
1155 2947 1250 3013 devo·

73 3058 241 3145 tissimum,
265 3068 302 3129 ut
323 3067 412 3129 tanto
435 3064 530 3149 patri,
553 3064 771 3131 reverentiam.

158 3178 314 3265 Acceptis
329 3179 506 3247 sanctitatis
522 3184 647 3247 vestrae
669 3179 783 3247 litteris
801 3199 896 3264 cuper
911 3199 1009 3246 cauea
1022 3178 1130 3244 fratris
1152 3178 1249 3262 illiue,

74 3290 229 3361 ettamen
254 3293 355 3360 frater
377 3294 439 3360 dici
462 3294 569 3379 debet,
601 3295 654 3379 qui
677 3294 738 3361 eibi
760 3300 888 3361 sanatae
904 3292 1176 3377 wirzeburgensis
1199 3314 1250 3363 ee·

73 3404 183 3476 alesine
207 3410 428 3497 episcopatum
444 3416 587 3497 usurpat,
611 3408 841 3477 intelleximus:
865 3411 962 3477 totius
977 3430 1091 3477 caueae
1106 3409 1249 3477 ordinem

72 3520 161 3607 longe
186 3526 299 3608 aliter,
330 3524 424 3610 qua'm
448 3546 482 3593 se
505 3527 621 3591 veritae
645 3525 756 3609 habet,
784 3547 908 3593 nummo
931 3526 1121 3613 apostolatui
1144 3532 1249 3593 vestro

72 3638 265 3721 innotuisae;
291 3642 365 3727 qnia
379 3641 480 3707 multa
495 3640 597 3708 solent
612 3662 669 3727 per
681 3642 934 3727 subreptionem·
949 3641 1028 3708 lieri.
1057 3640 1142 3708 Idem
1159 3662 1249 3707 nam-

73 3774 128 3838 que
151 3758 319 3823 sanctitati
342 3762 466 3823 veetrae
490 3762 600 3823 contra
622 3778 679 3823 noe
702 3756 847 3843 querelae
870 3758 1032 3843 deposuit,
1062 3757 1185 3841 dicens,
1215 3778 1248 3825 ee

73 3873 203 3941 anobis
228 3873 458 3960 praeiudicium
483 3874 638 3941 sustinere
665 3878 699 3940 et
720 3879 832 3940 contra
852 3874 1011 3942 inetioiam
1035 3874 1247 3958 praegravari.

72 3982 133 4053 Noa
156 4010 234 4056 vero
266 3990 298 4054 in
328 3989 387 4054 hao
416 4008 510 4055 causa
533 3988 600 4055 Deo
630 3995 711 4056 testa
740 3996 772 4056 et
800 3989 992 4056 conscientia
1020 3995 1130 4055 nostra
1151 3988 1247 4055 nichil

72 4104 201 4189 egimus,
229 4105 313 4189 qnod
330 4104 490 4171 canonicis
513 4104 630 4189 regulis
653 4106 756 4193 possit
772 4105 909 4188 obviare,
933 4104 1031 4171 nichil
1053 4106 1136 4171 unde
1158 4124 1248 4171 euno·

140 4243 161 4274 u
186 4226 325 4276 iudiciis&
387 4227 410 4275 b.
435 4228 668 4286 actiaco-138,
685 4230 708 4277 Ζ
718 4230 903 4291 paee—30⁴,
921 4227 942 4277 C'
956 4230 1092 4277 ide—dd.
1154 4243 1175 4276 e.
1197 4242 1247 4277 aar·

73 4308 194 4365 reptionem
212 4309 237 4355 V.

141 4386 165 4438 1.
185 4385 213 4438 ll
233 4401 323 4453 papae
330 4428 337 4454 ,
362 4402 421 4455 cup.
438 4386 483 4455 15,
508 4370 533 4441 ι.
550 4387 709 4441 Decretalee
728 4386 1026 4442 Pseudo-Isidorianae
1045 4387 1087 4442 ad.
1102 4386 1248 4443 llinschiue

73 4484 97 4537 p.
109 4472 177 4543 4893
197 4473 351 4529 Barchardi
371 4488 431 4528 can.
452 4474 508 4529 L.I
527 4490 550 4529 o.
566 4474 625 4529 180.
716 4478 741 4531 2.
765 4473 808 4531 Os.
827 4492 911 4546 nupta
928 4494 954 4546 p.
968 4478 1021 4532 412
1040 4492 1066 4533 n.
1079 4477 1105 4533 4.
