3142 4850
450 287 615 337 unanarm
637 289 764 338 uonna
799 286 892 339 sess
1213 275 1255 341 ol

6 449 7 464 ¹
88 443 142 510 bae
163 445 259 526 scivi3
281 463 351 531 nec,
374 447 403 514 si
426 465 496 514 eam
520 448 679 533 observet,
708 454 840 536 propter
860 450 1013 536 temporis
1036 451 1258 538 compendium
1277 469 1347 524 1075

87 559 243 644 inquirere
265 563 364 647 potui.
1286 543 1334 589 ¹⁸²

169 675 220 741 Da
250 679 398 744 castitate
425 697 500 744 varo
529 678 714 746 clericorum
745 684 777 746 et
799 679 839 745 da
861 681 1044 766 symoniace
1067 682 1187 764 heresi,
1216 683 1258 750 ad

6 851 7 854 ,
87 807 240 858 summam
263 793 303 858 de
327 793 483 878 omnibus,
507 813 587 878 quae
609 794 689 860 mibi
702 795 890 880 mandastis,
913 815 1049 882 semper,
1072 801 1167 882 prout
1187 797 1258 884 ipse

6 925 7 946 ³
88 905 250 991 adiuverit,
273 909 418 976 obediam
441 909 510 976 Deo
533 915 565 975 et
587 909 686 976 vobis.

168 1021 244 1088 Erit
272 1030 378 1091 summ
406 1023 598 1112 apostolieae
628 1025 877 1092 mansuetudinis
905 1031 938 1093 et
965 1030 1118 1112 paternae
1138 1028 1257 1096 disere·

6 1217 7 1220 ,
87 1136 192 1204 tionis:
217 1139 265 1206 sic
287 1139 328 1206 ad
349 1141 464 1206 fratres
488 1139 700 1208 ecdesiastica
721 1141 874 1208 mandata
890 1142 1041 1226 dirigere,
1065 1148 1102 1210 at
1123 1149 1156 1210 et
1177 1150 1257 1211 tem

6 1331 7 1334 Ἴ
86 1271 193 1337 porum
218 1256 451 1340 oportunitates
475 1262 507 1322 at
529 1255 724 1339 singulorum
747 1257 990 1343 possibilitatem
1013 1258 1186 1342 dignemini
1207 1261 1256 1327 in·

6 1353 7 1414 Ϊ
86 1368 219 1452 spicere;
245 1374 280 1436 ut
303 1375 336 1436 et
357 1371 556 1438 deviantibus
579 1377 611 1438 et
633 1371 760 1438 discolis
784 1372 987 1440 adhibeatur·
1011 1373 1257 1460 disciplineque

6 1517 7 1520 =
61 1467 223 1570 ¹debetur,
247 1491 281 1552 at
302 1485 437 1552 infirmis
459 1492 492 1553 et
517 1505 596 1573 opus
619 1486 807 1554 habentibus
830 1488 953 1554 medico
976 1490 1153 1575 compassio
1174 1491 1257 1558 cari·

6 1647 7 1694 3
85 1601 156 1666 tatis
177 1620 244 1666 non
272 1607 414 1685 negetur.
450 1601 566 1687 Sisque
594 1603 784 1670 examinetis
812 1604 1015 1687 negociorum
1040 1605 1144 1672 causis
1167 1605 1256 1673 adbi—

6 1725 7 1804 j
87 1713 190 1782 beetur
220 1717 331 1783 iudicii
358 1736 505 1802 censura,
535 1723 571 1784 ut
600 1719 792 1804 apostoliens
819 1719 1019 1786 discretionis
1046 1727 1079 1786 et
1104 1727 1256 1807 paternae

6 1891 7 1904 ,
85 1831 208 1914 pietatis
232 1833 363 1898 modum
385 1853 448 1899 non
472 1833 603 1900 excedet
625 1833 770 1900 iusticias
791 1853 950 1902 mensura.

6 1925 8 1942 ’
168 1946 323 2013 Sanctam
353 1947 564 2034 apostolatum
596 1959 736 2015 vestrum
768 1949 946 2035 pronubis
974 1955 1116 2018 orantem
1144 1951 1256 2020 Sama·

6 2041 7 2078 ³
85 2062 155 2128 rites
177 2063 234 2129 ille
257 2064 425 2148 custodiat
449 2065 503 2150 qui
526 2065 559 2130 in
582 2065 785 2131 custodiendo
809 2083 902 2131 suum
924 2064 1022 2132 isreel
1049 2087 1113 2136 non
1139 2068 1257 2138 dormit

85 2177 198 2262 nequa*
223 2178 384 2245 dormitat
419 2178 463 2244 Et
485 2179 655 2247 divisiones
677 2181 870 2265 gratiarum,
901 2199 979 2264 qaas
1001 2181 1037 2248 iu
1058 2182 1147 2250 clave
1168 2183 1256 2252 Petri

6 2287 7 2372 3
84 2293 242 2379 adunavit,
264 2296 335 2380 ipse
357 2295 392 2360 in
414 2295 503 2364 vobis
525 2297 631 2364 unitas
654 2297 858 2383 integrasque
875 2302 1051 2382 conservet,
1074 2299 1129 2383 qui
1150 2299 1255 2386 ipsam

85 2407 199 2477 elavem
223 2410 314 2479 vobis
337 2411 505 2478 commisit

86 2621 142 2691 43.
166 2624 384 2690 Herimannae
400 2626 424 2691 Ι
441 2630 605 2715 apocopae
621 2626 864 2713 Bumberpeasc'e
882 2625 1036 2713 Grepors'o
1059 2630 1128 2697 VII
1148 2654 1256 2718 popae

6 2736 7 2747 ’
167 2745 308 2828 aporuit,
334 2763 433 2827 quare
455 2744 499 2807 cd
521 2764 591 2807 euru
612 2743 753 2807 eoadem
780 2747 944 2809 accerseret
964 2766 1065 2830 nequo
1086 2748 1131 2811 cd
1158 2769 1254 2831 syco-

166 2859 244 2921 dem
268 2857 449 2923 Romanum
470 2870 617 2923 cantares
640 2860 690 2923 sit.
729 2858 913 2925 Diaconum
933 2863 1055 2925 mium
1119 2858 1159 2941 (E
1177 2861 1253 2943 135)

6 3062 7 3081 χ
165 2988 434 3057 Reverentissimo
462 2995 681 3057 sacrosanctae
707 2990 793 3057 sedis
828 2991 1020 3078 apostolicae
1050 2992 1255 3076 gubernatori
1302 3008 1371 3063 1075

6 3094 7 3127 r
85 3101 119 3167 N.
139 3122 210 3170 eum
239 3104 395 3189 singulari
418 3106 579 3173 servitulis
607 3105 774 3173 devotione
802 3107 928 3173 enicem
954 3108 990 3175 ia
1013 3107 1158 3175 omnibus
1180 3108 1253 3178 obe-
1270 3080 1392 3128 ¹⁸¹¹'F⁰¹'¹'

6 3270 7 3307 3
85 3217 239 3287 dieutiam.

6 3334 7 3425 Τ
166 3334 358 3403 Benedictus
387 3332 474 3403 Deus
502 3341 533 3403 at
561 3342 653 3423 pater
680 3336 802 3404 domini
830 3338 931 3405 nostri
953 3338 1025 3405 lesa
1047 3338 1176 3423 Christi,
1200 3340 1254 3425 qui
1391 3389 1395 3395 -

6 3430 7 3437 ἵ
84 3449 113 3515 in
139 3456 205 3517 tam
241 3450 420 3538 periculosa
452 3452 677 3539 multiplicium
708 3452 929 3520 scandalorum
955 3457 1146 3540 tempestate
1173 3454 1254 3523 cele-
1303 3546 1309 3554 ⁶

84 3562 249 3633 berrimam
277 3566 376 3634 vestri
403 3568 604 3654 prudentiam
633 3567 783 3636 ecelesiae
811 3588 888 3636 suae
916 3568 1136 3653 gubernaculis
1162 3590 1254 3657 prae-

6 3706 7 3713 *
84 3680 181 3748 ddere
208 3681 324 3766 voluit,
352 3682 406 3749 ubi
429 3702 487 3749 nec
510 3703 626 3751 nocens
654 3683 738 3751 fallit
764 3704 823 3770 per
845 3685 999 3751 astuciam
1022 3704 1082 3752 noc
1103 3686 1253 3754 innocens

61 3774 276 3882 'poenam
298 3818 357 3885 per
379 3797 541 3866 iuvidiam.

165 3913 210 3979 Et
231 3932 303 3979 mea
327 3914 452 3998 quidem
477 3914 638 3982 humilitas
668 3913 707 3982 ab
730 3914 810 4001 ipsis
831 3914 898 3981 lere
921 3916 1104 4001 primordiis
1125 3916 1253 3985 ordea

6 4046 7 4103 3
83 4026 172 4093 tionis
194 4034 321 4095 vestrae
343 4028 384 4095 ad
407 4030 591 4115 obsequium
615 4034 755 4097 vestrum
778 4030 970 4097 desideravit
991 4051 1168 4113 occurrere;
1197 4032 1253 4099 sed

6 4198 7 4225 ¹
85 4148 274 4226 emergentes
309 4143 460 4211 ecelesiae
486 4148 613 4212 nostrae
646 4146 849 4213 necessitates
884 4146 1074 4213 desiderium
1108 4152 1252 4216 nostrum

146 4334 168 4365 a
192 4320 334 4381 adbpbaatur
349 4321 376 4369 Ζ.
437 4322 460 4369 b.
483 4336 526 4369 naa
542 4324 571 4369 B.
635 4336 653 4369 c.
678 4338 706 4371 ac
723 4324 888 4379 Vol—dte,
908 4324 966 4385 Zp.
977 4326 1022 4371 s⁷.·
1043 4324 1178 4393 Epistola
1198 4326 1252 4373 lle·

85 4397 205 4447 rimant
229 4399 489 4459 Babsnbergenais
512 4403 547 4449 sd
570 4402 815 4450 lliltbabrandum
838 4416 945 4463 papam.
