3142 4850
309 288 353 353 80
702 305 869 353 uniemur
891 303 1018 352 coms.
1052 300 1089 353 aa

212 481 280 535 1071
309 468 429 546 autem,
459 463 493 528 iu
516 462 605 528 cuius
626 482 724 529 manu
747 468 822 529 sunt
842 463 940 529 corde
960 483 1070 546 regum
1093 466 1127 528 et
1148 461 1256 527 omnia
1275 460 1348 526 iura
1368 481 1481 543 reguo·

196 553 254 612 ⁸¹¹*
263 554 292 600 ¹⁷
308 598 390 662 rum,
412 579 459 644 ita
479 577 634 664 principie
657 577 800 644 animum
814 578 982 662 mitigavit,
1005 583 1043 644 ut
1056 577 1097 643 sd
1112 576 1363 643 exhortationem
1378 595 1482 642 saeer-

307 693 416 761 dotum
438 691 537 759 nichil
558 693 766 780 responderet
788 714 946 780 asperum,
969 692 1068 759 nichil
1090 692 1281 759 christianae
1295 690 1482 778 disciplinae

307 809 485 877 adversum.
527 806 619 874 Dixit
645 814 768 876 nmen:
793 829 828 876 se
849 809 899 893 id,
925 809 1011 894 quod
1030 808 1164 891 fecerat,
1192 809 1221 874 si
1246 813 1371 893 poseat,
1399 808 1482 873 iuste

308 923 405 992 velle·
428 923 612 1005 deienders;
642 925 726 1011 quod
755 925 783 992 ai
810 926 916 992 minus
939 923 1139 1011 procederet,
1167 923 1265 990 nichil
1291 943 1328 990 se
1354 923 1483 990 divinae

308 1040 490 1107 auctoritati
512 1041 678 1107 contraire.
714 1040 762 1108 lta
784 1039 889 1106 verbis
911 1040 1110 1107 sacerdotum
1132 1039 1292 1123 delinitus,
1316 1038 1483 1106 nobiscum

308 1155 474 1222 concilium
496 1156 644 1238 intrarit3
674 1161 707 1224 et
728 1155 798 1239 ille,
821 1155 861 1222 de
883 1175 946 1240 qne
968 1155 1091 1240 questio
1113 1161 1197 1239 erat,
1224 1155 1266 1223 ad
1288 1154 1483 1222 audientiam

308 1271 404 1338 venit
439 1269 552 1337 Vocati
579 1291 653 1338 vero
676 1273 877 1338 intraverunt
903 1277 936 1340 et
962 1270 1020 1338 filii
1043 1271 1296 1339 Constantiensis
1318 1270 1482 1354 ecclesiae,

307 1385 431 1453 libellos
455 1387 663 1454 accusationis
691 1387 888 1474 porrigentes
911 1394 959 1472 et,
989 1408 1024 1453 se
1050 1388 1200 1454 canonice
1221 1387 1411 1474 probaturos
1434 1406 1483 1470 en,

309 1501 421 1587 quibus
437 1522 604 1588 personum
626 1502 865 1588 insimulabant,
887 1507 1109 1590 protestantes.
1144 1503 1253 1570 lllultis
1267 1507 1373 1569 autern
1389 1521 1483 1569 aecu·

308 1618 484 1686 sationibus
506 1617 589 1685 ultro
613 1619 753 1704 citroque
778 1619 934 1704 decursis,
957 1619 1032 1704 quia
1053 1619 1162 1686 multis
1184 1620 1220 1685 in
1242 1619 1408 1686 adversum
1431 1619 1484 1683 ni·

307 1732 447 1801 tentibus
470 1753 521 1800 res
543 1735 577 1800 in
592 1734 780 1821 profundam
802 1740 926 1802 noctem
940 1740 1103 1822 protracta
1124 1742 1183 1818 est,
1206 1733 1373 1801 concilium
1387 1733 1484 1800 huius

309 1849 382 1933 diei,
410 1849 527 1916 intecto
557 1849 659 1917 adbuc
687 1851 833 1935 negocio,
857 1850 1035 1917 necessario
1057 1848 1267 1936 diremptum*
1295 1857 1353 1916 est
1445 1848 1485 1916 ln

196 1983 254 2040 sug.
262 1983 293 2030 ιι
310 1966 482 2032 crastinum
512 1969 616 2032 autem
645 1965 827 2050 designatus
853 1966 924 2050 ille,
959 1965 1027 2032 Deo
1054 1970 1091 2031 ut
1119 1966 1276 2032 eredimus
1309 1965 1378 2032 eius
1407 1984 1484 2032 con·

310 2082 473 2149 scientiam
502 2086 679 2166 coarteute,
713 2102 777 2148 non
808 2081 894 2148 ultra
921 2086 1092 2168 expectans
1126 2080 1321 2148 sudandam
1355 2080 1485 2148 eondlii

309 2217 367 2265 nec
389 2197 548 2264 sustinens
570 2196 694 2283 pondus
717 2197 911 2264 imminentis
933 2197 1058 2281 iudicii,
1080 2197 1206 2283 ipsein
1230 2217 1266 2264 se
1287 2197 1483 2264 sentenciam

309 2313 391 2380 tulit
434 2311 477 2380 Et
504 2311 633 2378 anulum
662 2317 694 2379 et
720 2312 857 2380 ferulam
882 2313 1075 2401 pastoralem
1102 2315 1147 2396 ei,
1179 2333 1282 2398 squo
1306 2318 1484 2399 acceperat,

309 2429 454 2513 reddens,
477 2449 534 2495 nos
558 2428 652 2513 longn
674 2430 838 2514 questione
853 2436 886 2497 et
905 2430 1092 2514 fatigatione
1107 2429 1256 2512 absolvit3
1279 2430 1339 2496 boc
1355 2434 1483 2497 tantum

308 2544 518 2632 praetendens
542 2546 767 2613 excusationis:
792 2546 878 2631 qnod
897 2548 987 2613 iuxta
1001 2546 1172 2613 Caelestini
1192 2566 1295 2633 pupae
1310 2545 1485 2613 decretalia

309 2662 475 2749 episcopus
498 2660 568 2727 dari
588 2661 687 2729 nodet
709 2663 817 2729 inritis
827 2658 844 2729 ¹.

398 2775 501 2864 Super
526 2778 577 2845 bis
606 2784 680 2863 er'go
709 2783 741 2846 st
767 2798 864 2865 super
891 2778 1037 2846 omnibus
1060 2776 1220 2846 beneficiis
1246 2777 1484 2845 misericordiae

309 2914 384 2963 suae
412 2895 530 2979 grstias
559 2894 698 2981 primum
727 2894 851 2979 agimus
879 2896 963 2981 patri
995 2893 1300 2977 misericordiarum,
1335 2894 1390 2979 qui
1423 2913 1483 2961 nos

308 3010 443 3078 bumiles
471 3030 580 3077 serres
607 3028 680 3076 suos
709 3010 745 3075 in
773 3011 982 3097 temptatione
1010 3010 1179 3078 clementer
1202 3008 1379 3091 exaudirit3
1407 3009 1485 3077 dein

310 3124 500 3212 apostolieae
528 3125 596 3191 sedi
623 3124 753 3211 eiusque
780 3127 1035 3194 reverentissimo
1063 3124 1217 3213 praesuli,
1252 3146 1273 3191 a
1300 3144 1363 3210 qus
1390 3132 1486 3212 petra

309 3238 462 3327 profluxit
487 3240 545 3307 hec
571 3244 640 3306 tota
661 3244 915 3327 perseverantius
942 3248 1070 3309 nostrae
1096 3241 1265 3323 tortitud03
1294 3246 1422 3308 orantus
1451 3247 1486 3309 et

308 3355 505 3443 postulantes
533 3355 694 3423 dominum
711 3356 828 3425 Deum
855 3363 1012 3425 nostrum:
1048 3362 1084 3425 ut
1110 3359 1290 3425 interuentu
1317 3357 1367 3425 sui
1393 3356 1485 3424 Petri

309 3472 401 3540 buius
430 3472 648 3540 sanctissimae
677 3472 760 3541 sedis
790 3474 912 3562 apicem
946 3472 1052 3541 stabili
1085 3474 1148 3541 fide
1177 3494 1255 3561 pace
1283 3478 1316 3541 et
1345 3473 1380 3539 in
1407 3493 1484 3540 con-

307 3588 444 3657 fessione
466 3589 516 3657 sui
538 3589 674 3655 nominis
689 3590 736 3657 ita
751 3590 888 3658 solidare
905 3597 939 3659 et
952 3590 1138 3659 confirmare
1153 3590 1309 3674 dignetur,
1332 3590 1484 3675 quatinus

309 3704 496 3773 universalis
525 3703 654 3772 ecclesie
681 3705 861 3794 plenitudo,
896 3728 977 3792 qnae
1005 3712 1055 3774 est
1083 3727 1198 3793 corpus
1225 3705 1360 3789 Obristi,
1387 3705 1484 3773 huius

309 3822 422 3908 cupitis
445 3822 580 3889 sanimte
603 3826 755 3909 perpetuo
778 3820 924 3908 proficiat
945 3828 979 3890 et
999 3822 1161 3907 glorietur.

397 3936 512 4003 Ratnm
540 3941 647 4004 sutem
675 3938 841 4023 duximus,
871 3938 964 4004 buius
991 3936 1118 4004 mucilii
1139 3938 1281 4005 ordinem
1305 3941 1339 4003 et
1360 3938 1484 4005 exitum

307 4056 432 4119 vestm
460 4050 637 4135 significare
665 4053 843 4135 sanctitati3
877 4058 928 4137 ut,
955 4053 1045 4121 cuius
1080 4052 1267 4120 auctoritate
1294 4058 1486 4139 captumst

308 4167 482 4233 confectum
507 4173 566 4252 est,
590 4168 656 4235 eius
681 4173 713 4235 et
734 4188 866 4234 assensu
889 4174 1047 4235 mereatur
1070 4169 1222 4236 roborari.

378 4330 400 4363 n.
424 4316 493 4363 vallet
506 4318 549 4365 VZ.
643 4319 666 4365 b.
691 4318 805 4378 direptum
819 4318 843 4365 V.

381 4412 406 4463 1.
425 4426 451 4464 v.
465 4424 550 4479 supra
566 4425 594 4479 p.
607 4412 641 4466 76
660 4428 686 4467 ιι.
700 4414 725 4467 2.
