<?xml version="1.0" encoding="UTF-8"?>
<!DOCTYPE html PUBLIC "-//W3C//DTD XHTML 1.0 Transitional//EN"
    "http://www.w3.org/TR/xhtml1/DTD/xhtml1-transitional.dtd">
<html xmlns="http://www.w3.org/1999/xhtml" xml:lang="en" lang="en">
 <head>
  <title>
</title>
<meta http-equiv="Content-Type" content="text/html;charset=utf-8" />
  <meta name='ocr-system' content='tesseract 3.04.00' />
  <meta name='ocr-capabilities' content='ocr_page ocr_carea ocr_par ocr_line ocrx_word'/>
</head>
<body>
  <div class='ocr_page' id='page_1' title='image "./bibliothecareru06jaffgoog_0290.png"; bbox 0 0 3142 4850; ppageno 0'>
   <div class='ocr_carea' id='block_1_1' title="bbox 449 250 1246 356">
    <p class='ocr_par' dir='ltr' id='par_1_1' title="bbox 449 250 1246 356">
     <span class='ocr_line' id='line_1_1' title="bbox 449 250 1246 356; baseline 0.003 -2"><span class='ocrx_word' id='word_1_1' title='bbox 449 305 615 354; x_wconf 82' lang='lat' dir='ltr'><strong>unsnnror</strong></span> <span class='ocrx_word' id='word_1_2' title='bbox 638 305 765 355; x_wconf 88' lang='lat' dir='ltr'><strong>ooonx.</strong></span> <span class='ocrx_word' id='word_1_3' title='bbox 804 303 854 355; x_wconf 77' lang='lat' dir='ltr'><strong>rao</strong></span> <span class='ocrx_word' id='word_1_4' title='bbox 1176 250 1246 356; x_wconf 47' lang='grc' dir='ltr'><strong>273ἱ</strong></span> 
     </span>
    </p>
   </div>
   <div class='ocr_carea' id='block_1_2' title="bbox 64 463 1364 4027">
    <p class='ocr_par' dir='ltr' id='par_1_2' title="bbox 64 463 1364 4027">
     <span class='ocr_line' id='line_1_2' title="bbox 89 463 1347 552; baseline 0.008 -24"><span class='ocrx_word' id='word_1_5' title='bbox 89 469 133 529; x_wconf 88' lang='lat' dir='ltr'><strong>aut</strong></span> <span class='ocrx_word' id='word_1_6' title='bbox 155 476 327 549; x_wconf 89' lang='lat' dir='ltr'><strong>nunquam·</strong></span> <span class='ocrx_word' id='word_1_7' title='bbox 350 466 418 532; x_wconf 89' lang='lat' dir='ltr'><strong>sine</strong></span> <span class='ocrx_word' id='word_1_8' title='bbox 444 466 564 552; x_wconf 81' lang='lat' dir='ltr'>rapinis</span> <span class='ocrx_word' id='word_1_9' title='bbox 595 463 768 548; x_wconf 76' lang='lat' dir='ltr'><strong>sacrilegiis</strong></span> <span class='ocrx_word' id='word_1_10' title='bbox 796 465 950 531; x_wconf 88' lang='lat' dir='ltr'><strong>incendiis</strong></span> <span class='ocrx_word' id='word_1_11' title='bbox 979 471 1036 532; x_wconf 89' lang='lat' dir='ltr'><strong>ant</strong></span> <span class='ocrx_word' id='word_1_12' title='bbox 1062 467 1240 534; x_wconf 76' lang='lat' dir='ltr'><strong>homicidiis</strong></span> <span class='ocrx_word' id='word_1_13' title='bbox 1278 484 1347 537; x_wconf 83' lang='lat'><em>1111</em></span> 
     </span>
     <span class='ocr_line' id='line_1_3' title="bbox 89 555 1364 669; baseline 0.004 -24"><span class='ocrx_word' id='word_1_14' title='bbox 89 579 263 646; x_wconf 71' lang='lat' dir='ltr'><strong>exuuntur.</strong></span> <span class='ocrx_word' id='word_1_15' title='bbox 298 579 436 648; x_wconf 73' lang='lat' dir='ltr'><strong>mmet</strong></span> <span class='ocrx_word' id='word_1_16' title='bbox 451 581 536 648; x_wconf 70' lang='lat' dir='ltr'><strong>enim</strong></span> <span class='ocrx_word' id='word_1_17' title='bbox 556 581 666 648; x_wconf 76' lang='lat' dir='ltr'><strong>suns</strong></span> <span class='ocrx_word' id='word_1_18' title='bbox 689 581 828 648; x_wconf 68' lang='lat' dir='ltr'><strong>marsei</strong></span> <span class='ocrx_word' id='word_1_19' title='bbox 842 582 949 648; x_wconf 65' lang='lat' dir='ltr'><strong>sune</strong></span> <span class='ocrx_word' id='word_1_20' title='bbox 962 582 1038 649; x_wconf 71' lang='lat' dir='ltr'><strong>neu</strong></span> <span class='ocrx_word' id='word_1_21' title='bbox 1053 588 1142 665; x_wconf 71' lang='lat' dir='ltr'><strong>sune</strong></span> <span class='ocrx_word' id='word_1_22' title='bbox 1167 586 1242 669; x_wconf 70' lang='lat' dir='ltr'><strong>qus</strong></span> <span class='ocrx_word' id='word_1_23' title='bbox 1256 555 1364 603; x_wconf 53' lang='grc' dir='ltr'>Μ</span> 
     </span>
     <span class='ocr_line' id='line_1_4' title="bbox 87 695 1242 784; baseline 0.003 -23"><span class='ocrx_word' id='word_1_24' title='bbox 87 695 209 762; x_wconf 76' lang='lat' dir='ltr'><strong>usitatas</strong></span> <span class='ocrx_word' id='word_1_25' title='bbox 237 696 369 762; x_wconf 81' lang='lat' dir='ltr'><strong>ducatus</strong></span> <span class='ocrx_word' id='word_1_26' title='bbox 396 697 553 764; x_wconf 87' lang='lat' dir='ltr'><strong>marchias</strong></span> <span class='ocrx_word' id='word_1_27' title='bbox 584 701 726 764; x_wconf 77' lang='lat' dir='ltr'><strong>monetas</strong></span> <span class='ocrx_word' id='word_1_28' title='bbox 755 704 861 764; x_wconf 88' lang='lat' dir='ltr'><strong>curtes</strong></span> <span class='ocrx_word' id='word_1_29' title='bbox 890 703 923 764; x_wconf 90' lang='lat' dir='ltr'><strong>et</strong></span> <span class='ocrx_word' id='word_1_30' title='bbox 950 699 1056 765; x_wconf 85' lang='lat' dir='ltr'><strong>cetera</strong></span> <span class='ocrx_word' id='word_1_31' title='bbox 1083 699 1124 765; x_wconf 93' lang='lat' dir='ltr'><strong>ad</strong></span> <span class='ocrx_word' id='word_1_32' title='bbox 1150 699 1242 784; x_wconf 84' lang='lat' dir='ltr'><strong>regni</strong></span> 
     </span>
     <span class='ocr_line' id='line_1_5' title="bbox 85 811 1240 901; baseline 0.005 -26"><span class='ocrx_word' id='word_1_33' title='bbox 85 811 230 877; x_wconf 75' lang='lat' dir='ltr'><strong>servitium</strong></span> <span class='ocrx_word' id='word_1_34' title='bbox 257 813 449 898; x_wconf 81' lang='lat' dir='ltr'><strong>pertinentia</strong></span> <span class='ocrx_word' id='word_1_35' title='bbox 479 834 497 879; x_wconf 87' lang='lat' dir='ltr'><strong>a</strong></span> <span class='ocrx_word' id='word_1_36' title='bbox 523 813 650 896; x_wconf 85' lang='lat' dir='ltr'><strong>regibus</strong></span> <span class='ocrx_word' id='word_1_37' title='bbox 682 818 880 901; x_wconf 81' lang='lat' dir='ltr'><strong>aeceperunt</strong></span> <span class='ocrx_word' id='word_1_38' title='bbox 974 813 1065 880; x_wconf 90' lang='lat' dir='ltr'><strong>Unde</strong></span> <span class='ocrx_word' id='word_1_39' title='bbox 1093 815 1143 882; x_wconf 73' lang='lat' dir='ltr'><strong>et&#39;</strong></span> <span class='ocrx_word' id='word_1_40' title='bbox 1171 835 1240 882; x_wconf 89' lang='lat' dir='ltr'><strong>mos</strong></span> 
     </span>
     <span class='ocr_line' id='line_1_6' title="bbox 85 925 1240 1016; baseline 0.003 -24"><span class='ocrx_word' id='word_1_41' title='bbox 85 925 214 993; x_wconf 84' lang='lat' dir='ltr'><strong>ecclesiae</strong></span> <span class='ocrx_word' id='word_1_42' title='bbox 236 927 445 995; x_wconf 88' lang='lat' dir='ltr'><strong>intolerabilis</strong></span> <span class='ocrx_word' id='word_1_43' title='bbox 467 929 607 1013; x_wconf 84' lang='lat' dir='ltr'><strong>inolevit,</strong></span> <span class='ocrx_word' id='word_1_44' title='bbox 632 937 666 996; x_wconf 91' lang='lat' dir='ltr'><strong>ut</strong></span> <span class='ocrx_word' id='word_1_45' title='bbox 689 929 781 998; x_wconf 89' lang='lat' dir='ltr'><strong>electi</strong></span> <span class='ocrx_word' id='word_1_46' title='bbox 799 930 940 1016; x_wconf 76' lang='lat' dir='ltr'><strong>episcopi</strong></span> <span class='ocrx_word' id='word_1_47' title='bbox 954 929 1041 995; x_wconf 93' lang='lat' dir='ltr'><strong>nullo</strong></span> <span class='ocrx_word' id='word_1_48' title='bbox 1056 930 1150 996; x_wconf 89' lang='lat' dir='ltr'><strong>modo</strong></span> <span class='ocrx_word' id='word_1_49' title='bbox 1166 949 1240 996; x_wconf 90' lang='lat' dir='ltr'><strong>con·</strong></span> 
     </span>
     <span class='ocr_line' id='line_1_7' title="bbox 83 1041 1240 1132; baseline 0.006 -26"><span class='ocrx_word' id='word_1_50' title='bbox 83 1044 273 1110; x_wconf 76' lang='lat' dir='ltr'><strong>sperationem</strong></span> <span class='ocrx_word' id='word_1_51' title='bbox 295 1045 489 1130; x_wconf 83' lang='lat' dir='ltr'><strong>acciperent,</strong></span> <span class='ocrx_word' id='word_1_52' title='bbox 520 1047 583 1111; x_wconf 89' lang='lat' dir='ltr'><strong>nisi</strong></span> <span class='ocrx_word' id='word_1_53' title='bbox 607 1041 696 1132; x_wconf 88' lang='lat' dir='ltr'><strong>prius</strong></span> <span class='ocrx_word' id='word_1_54' title='bbox 719 1067 776 1132; x_wconf 91' lang='lat' dir='ltr'><strong>per</strong></span> <span class='ocrx_word' id='word_1_55' title='bbox 804 1065 933 1112; x_wconf 90' lang='lat' dir='ltr'><strong>manum</strong></span> <span class='ocrx_word' id='word_1_56' title='bbox 962 1046 1082 1129; x_wconf 86' lang='lat' dir='ltr'><strong>regiam</strong></span> <span class='ocrx_word' id='word_1_57' title='bbox 1109 1047 1240 1113; x_wconf 84' lang='lat' dir='ltr'><strong>inresti-</strong></span> 
     </span>
     <span class='ocr_line' id='line_1_8' title="bbox 82 1159 1239 1248; baseline 0.003 -24"><span class='ocrx_word' id='word_1_58' title='bbox 82 1164 183 1224; x_wconf 86' lang='lat' dir='ltr'><strong>rentur.</strong></span> <span class='ocrx_word' id='word_1_59' title='bbox 218 1159 287 1238; x_wconf 85' lang='lat' dir='ltr'><strong>Qua</strong></span> <span class='ocrx_word' id='word_1_60' title='bbox 310 1181 349 1226; x_wconf 84' lang='lat' dir='ltr'><strong>ex</strong></span> <span class='ocrx_word' id='word_1_61' title='bbox 365 1180 460 1226; x_wconf 89' lang='lat' dir='ltr'><strong>cansa</strong></span> <span class='ocrx_word' id='word_1_62' title='bbox 484 1167 515 1227; x_wconf 91' lang='lat' dir='ltr'><strong>et</strong></span> <span class='ocrx_word' id='word_1_63' title='bbox 537 1163 738 1247; x_wconf 77' lang='lat' dir='ltr'><strong>symoniacae</strong></span> <span class='ocrx_word' id='word_1_64' title='bbox 753 1162 874 1229; x_wconf 77' lang='lat' dir='ltr'><strong>heresis</strong></span> <span class='ocrx_word' id='word_1_65' title='bbox 893 1162 1036 1248; x_wconf 76' lang='lat' dir='ltr'><strong>pravitas</strong></span> <span class='ocrx_word' id='word_1_66' title='bbox 1059 1167 1092 1228; x_wconf 86' lang='lat' dir='ltr'><strong>et</strong></span> <span class='ocrx_word' id='word_1_67' title='bbox 1109 1161 1239 1228; x_wconf 76' lang='lat' dir='ltr'><strong>ambitio</strong></span> 
     </span>
     <span class='ocr_line' id='line_1_9' title="bbox 81 1277 1240 1365; baseline 0.005 -27"><span class='ocrx_word' id='word_1_68' title='bbox 81 1291 289 1361; x_wconf 90' lang='lat' dir='ltr'><strong>nonnunquam</strong></span> <span class='ocrx_word' id='word_1_69' title='bbox 305 1282 393 1343; x_wconf 84' lang='lat' dir='ltr'><strong>tanta</strong></span> <span class='ocrx_word' id='word_1_70' title='bbox 414 1277 601 1363; x_wconf 80' lang='lat' dir='ltr'><strong>praevaluit,</strong></span> <span class='ocrx_word' id='word_1_71' title='bbox 624 1285 670 1362; x_wconf 79' lang='lat' dir='ltr'><strong>ut,</strong></span> <span class='ocrx_word' id='word_1_72' title='bbox 693 1277 781 1344; x_wconf 90' lang='lat' dir='ltr'><strong>nulla</strong></span> <span class='ocrx_word' id='word_1_73' title='bbox 795 1279 948 1345; x_wconf 89' lang='lat' dir='ltr'><strong>electione</strong></span> <span class='ocrx_word' id='word_1_74' title='bbox 963 1278 1149 1365; x_wconf 74' lang='lat' dir='ltr'><strong>praemissa,</strong></span> <span class='ocrx_word' id='word_1_75' title='bbox 1171 1279 1240 1364; x_wconf 87' lang='lat' dir='ltr'><strong>epi·</strong></span> 
     </span>
     <span class='ocr_line' id='line_1_10' title="bbox 79 1391 1239 1480; baseline 0.001 -22"><span class='ocrx_word' id='word_1_76' title='bbox 79 1391 205 1477; x_wconf 84' lang='lat' dir='ltr'><strong>seopales</strong></span> <span class='ocrx_word' id='word_1_77' title='bbox 230 1393 414 1460; x_wconf 58' lang='lat' dir='ltr'><strong>cathedram</strong></span> <span class='ocrx_word' id='word_1_78' title='bbox 438 1394 672 1460; x_wconf 82' lang='lat' dir='ltr'><strong>invaderentur.</strong></span> <span class='ocrx_word' id='word_1_79' title='bbox 707 1394 889 1479; x_wconf 85' lang='lat' dir='ltr'><strong>Aliquando</strong></span> <span class='ocrx_word' id='word_1_80' title='bbox 911 1394 961 1462; x_wconf 72' lang='lat' dir='ltr'><strong>et*¹</strong></span> <span class='ocrx_word' id='word_1_81' title='bbox 982 1394 1063 1460; x_wconf 82' lang='lat' dir='ltr'><strong>viris</strong></span> <span class='ocrx_word' id='word_1_82' title='bbox 1082 1394 1239 1480; x_wconf 88' lang='lat' dir='ltr'><strong>episeopis</strong></span> 
     </span>
     <span class='ocr_line' id='line_1_11' title="bbox 79 1506 1239 1596; baseline 0.002 -24"><span class='ocrx_word' id='word_1_83' title='bbox 79 1506 202 1574; x_wconf 84' lang='lat' dir='ltr'><strong>investiti</strong></span> <span class='ocrx_word' id='word_1_84' title='bbox 226 1516 310 1577; x_wconf 84' lang='lat' dir='ltr'><strong>sunt</strong></span> <span class='ocrx_word' id='word_1_85' title='bbox 402 1509 460 1576; x_wconf 87' lang='lat' dir='ltr'><strong>His</strong></span> <span class='ocrx_word' id='word_1_86' title='bbox 484 1515 516 1575; x_wconf 91' lang='lat' dir='ltr'><strong>et</strong></span> <span class='ocrx_word' id='word_1_87' title='bbox 538 1509 609 1575; x_wconf 83' lang='lat' dir='ltr'><strong>aliis</strong></span> <span class='ocrx_word' id='word_1_88' title='bbox 632 1509 778 1596; x_wconf 91' lang='lat' dir='ltr'><strong>plurimis</strong></span> <span class='ocrx_word' id='word_1_89' title='bbox 802 1509 905 1594; x_wconf 87' lang='lat' dir='ltr'><strong>malis,</strong></span> <span class='ocrx_word' id='word_1_90' title='bbox 930 1529 1010 1595; x_wconf 88' lang='lat' dir='ltr'><strong>qnae</strong></span> <span class='ocrx_word' id='word_1_91' title='bbox 1032 1529 1090 1596; x_wconf 87' lang='lat' dir='ltr'><strong>per</strong></span> <span class='ocrx_word' id='word_1_92' title='bbox 1109 1511 1239 1576; x_wconf 82' lang='lat' dir='ltr'><strong>investi·</strong></span> 
     </span>
     <span class='ocr_line' id='line_1_12' title="bbox 76 1623 1239 1712; baseline 0.003 -24"><span class='ocrx_word' id='word_1_93' title='bbox 76 1628 165 1688; x_wconf 87' lang='lat' dir='ltr'><strong>taram</strong></span> <span class='ocrx_word' id='word_1_94' title='bbox 195 1623 382 1712; x_wconf 91' lang='lat' dir='ltr'><strong>plerumque</strong></span> <span class='ocrx_word' id='word_1_95' title='bbox 409 1626 620 1710; x_wconf 74' lang='lat' dir='ltr'><strong>contigerant,</strong></span> <span class='ocrx_word' id='word_1_96' title='bbox 652 1625 911 1710; x_wconf 79' lang='lat' dir='ltr'><strong>praedecessores</strong></span> <span class='ocrx_word' id='word_1_97' title='bbox 939 1625 1040 1691; x_wconf 84' lang='lat' dir='ltr'><strong>nostri</strong></span> <span class='ocrx_word' id='word_1_98' title='bbox 1068 1623 1239 1708; x_wconf 80' lang='lat' dir='ltr'><strong>Gregorius</strong></span> 
     </span>
     <span class='ocr_line' id='line_1_13' title="bbox 76 1739 1239 1827; baseline 0.002 -24"><span class='ocrx_word' id='word_1_99' title='bbox 76 1739 214 1824; x_wconf 86' lang='lat' dir='ltr'><strong>septimus</strong></span> <span class='ocrx_word' id='word_1_100' title='bbox 241 1747 273 1807; x_wconf 90' lang='lat' dir='ltr'><strong>et</strong></span> <span class='ocrx_word' id='word_1_101' title='bbox 295 1740 440 1808; x_wconf 89' lang='lat' dir='ltr'><strong>Urbanus</strong></span> <span class='ocrx_word' id='word_1_102' title='bbox 464 1739 619 1807; x_wconf 87' lang='lat' dir='ltr'><strong>secundus</strong></span> <span class='ocrx_word' id='word_1_103' title='bbox 642 1739 743 1808; x_wconf 84' lang='lat' dir='ltr'><strong>felicis</strong></span> <span class='ocrx_word' id='word_1_104' title='bbox 770 1742 943 1808; x_wconf 90' lang='lat' dir='ltr'><strong>memoriae</strong></span> <span class='ocrx_word' id='word_1_105' title='bbox 965 1739 1130 1827; x_wconf 84' lang='lat' dir='ltr'><strong>pontifices</strong></span> <span class='ocrx_word' id='word_1_106' title='bbox 1154 1741 1239 1807; x_wconf 80' lang='lat' dir='ltr'><strong>enci·</strong></span> 
     </span>
     <span class='ocr_line' id='line_1_14' title="bbox 74 1855 1238 1943; baseline 0.004 -25"><span class='ocrx_word' id='word_1_107' title='bbox 74 1855 134 1936; x_wconf 85' lang='lat' dir='ltr'><strong>tati,</strong></span> <span class='ocrx_word' id='word_1_108' title='bbox 155 1857 294 1923; x_wconf 87' lang='lat' dir='ltr'><strong>collectis</strong></span> <span class='ocrx_word' id='word_1_109' title='bbox 317 1858 498 1943; x_wconf 83' lang='lat' dir='ltr'><strong>frequenter</strong></span> <span class='ocrx_word' id='word_1_110' title='bbox 521 1856 753 1943; x_wconf 88' lang='lat' dir='ltr'><strong>episcopalibus</strong></span> <span class='ocrx_word' id='word_1_111' title='bbox 771 1856 923 1940; x_wconf 85' lang='lat' dir='ltr'><strong>conciliis,</strong></span> <span class='ocrx_word' id='word_1_112' title='bbox 945 1857 1150 1923; x_wconf 86' lang='lat' dir='ltr'><strong>investituras</strong></span> <span class='ocrx_word' id='word_1_113' title='bbox 1166 1856 1238 1923; x_wconf 91' lang='lat' dir='ltr'><strong>illas</strong></span> 
     </span>
     <span class='ocr_line' id='line_1_15' title="bbox 73 1971 1238 2060; baseline 0.004 -25"><span class='ocrx_word' id='word_1_114' title='bbox 73 1989 173 2038; x_wconf 88' lang='lat' dir='ltr'><strong>manus</strong></span> <span class='ocrx_word' id='word_1_115' title='bbox 196 1971 299 2038; x_wconf 89' lang='lat' dir='ltr'><strong>laicae</strong></span> <span class='ocrx_word' id='word_1_116' title='bbox 321 1974 574 2060; x_wconf 84' lang='lat' dir='ltr'><strong>dampnaverunt</strong></span> <span class='ocrx_word' id='word_1_117' title='bbox 597 1977 644 2055; x_wconf 83' lang='lat' dir='ltr'><strong>et,</strong></span> <span class='ocrx_word' id='word_1_118' title='bbox 672 1973 700 2038; x_wconf 93' lang='lat' dir='ltr'><strong>si</strong></span> <span class='ocrx_word' id='word_1_119' title='bbox 724 1974 778 2057; x_wconf 88' lang='lat' dir='ltr'><strong>qui</strong></span> <span class='ocrx_word' id='word_1_120' title='bbox 801 1972 986 2039; x_wconf 88' lang='lat' dir='ltr'><strong>clericorum</strong></span> <span class='ocrx_word' id='word_1_121' title='bbox 1010 1991 1067 2059; x_wconf 87' lang='lat' dir='ltr'><strong>per</strong></span> <span class='ocrx_word' id='word_1_122' title='bbox 1090 1993 1160 2039; x_wconf 90' lang='lat' dir='ltr'><strong>eam</strong></span> <span class='ocrx_word' id='word_1_123' title='bbox 1182 1971 1238 2040; x_wconf 87' lang='lat' dir='ltr'><strong>ob·</strong></span> 
     </span>
     <span class='ocr_line' id='line_1_16' title="bbox 74 2085 1238 2176; baseline 0.006 -27"><span class='ocrx_word' id='word_1_124' title='bbox 74 2085 232 2155; x_wconf 86' lang='lat' dir='ltr'><strong>tinnissent</strong></span> <span class='ocrx_word' id='word_1_125' title='bbox 261 2089 424 2172; x_wconf 85' lang='lat' dir='ltr'><strong>ecclesias,</strong></span> <span class='ocrx_word' id='word_1_126' title='bbox 460 2088 676 2176; x_wconf 55' lang='lat' dir='ltr'><strong>deponendos</strong></span> <span class='ocrx_word' id='word_1_127' title='bbox 711 2089 837 2154; x_wconf 87' lang='lat' dir='ltr'><strong>datores</strong></span> <span class='ocrx_word' id='word_1_128' title='bbox 867 2107 990 2173; x_wconf 86' lang='lat' dir='ltr'><strong>quoquc</strong></span> <span class='ocrx_word' id='word_1_129' title='bbox 1018 2089 1238 2156; x_wconf 87' lang='lat' dir='ltr'><strong>communione</strong></span> 
     </span>
     <span class='ocr_line' id='line_1_17' title="bbox 72 2201 1236 2291; baseline 0.003 -25"><span class='ocrx_word' id='word_1_130' title='bbox 72 2201 232 2286; x_wconf 83' lang='lat' dir='ltr'><strong>privandos</strong></span> <span class='ocrx_word' id='word_1_131' title='bbox 256 2225 326 2272; x_wconf 87' lang='lat' dir='ltr'><strong>osse</strong></span> <span class='ocrx_word' id='word_1_132' title='bbox 352 2210 555 2286; x_wconf 84' lang='lat' dir='ltr'><strong>censuerunt3</strong></span> <span class='ocrx_word' id='word_1_133' title='bbox 585 2205 676 2271; x_wconf 85' lang='lat' dir='ltr'><strong>iuxta</strong></span> <span class='ocrx_word' id='word_1_134' title='bbox 697 2203 776 2271; x_wconf 92' lang='lat' dir='ltr'><strong>illud</strong></span> <span class='ocrx_word' id='word_1_135' title='bbox 806 2205 1050 2291; x_wconf 87' lang='lat' dir='ltr'><strong>apostolicorum</strong></span> <span class='ocrx_word' id='word_1_136' title='bbox 1080 2225 1236 2272; x_wconf 91' lang='lat' dir='ltr'><strong>canonum</strong></span> 
     </span>
     <span class='ocr_line' id='line_1_18' title="bbox 73 2319 1236 2408; baseline 0.003 -25"><span class='ocrx_word' id='word_1_137' title='bbox 73 2319 244 2405; x_wconf 87' lang='lat' dir='ltr'><strong>capitulum,</strong></span> <span class='ocrx_word' id='word_1_138' title='bbox 269 2321 353 2406; x_wconf 90' lang='lat' dir='ltr'><strong>quod</strong></span> <span class='ocrx_word' id='word_1_139' title='bbox 375 2322 422 2387; x_wconf 90' lang='lat' dir='ltr'><strong>ita</strong></span> <span class='ocrx_word' id='word_1_140' title='bbox 444 2341 479 2387; x_wconf 89' lang='lat' dir='ltr'><strong>se</strong></span> <span class='ocrx_word' id='word_1_141' title='bbox 502 2319 610 2387; x_wconf 84' lang='lat' dir='ltr'><strong>habet:</strong></span> <span class='ocrx_word' id='word_1_142' title='bbox 637 2321 678 2387; x_wconf 81' lang='lat' dir='ltr'><strong>Si</strong></span> <span class='ocrx_word' id='word_1_143' title='bbox 699 2325 770 2408; x_wconf 78' lang='lat' dir='ltr'><strong>qoa&#39;a</strong></span> <span class='ocrx_word' id='word_1_144' title='bbox 789 2324 965 2408; x_wconf 73' lang='lat' dir='ltr'><strong>epiecopus,</strong></span> <span class='ocrx_word' id='word_1_145' title='bbox 989 2323 1087 2386; x_wconf 72' lang='lat' dir='ltr'><strong>accub</strong></span> <span class='ocrx_word' id='word_1_146' title='bbox 1098 2335 1236 2408; x_wconf 79' lang='lat' dir='ltr'><strong>potcsta-</strong></span> 
     </span>
     <span class='ocr_line' id='line_1_19' title="bbox 73 2436 1234 2526; baseline 0.003 -28"><span class='ocrx_word' id='word_1_147' title='bbox 73 2436 142 2501; x_wconf 84' lang='lat' dir='ltr'><strong>bbas</strong></span> <span class='ocrx_word' id='word_1_148' title='bbox 161 2462 248 2519; x_wconf 81' lang='lat' dir='ltr'><strong>usos,</strong></span> <span class='ocrx_word' id='word_1_149' title='bbox 270 2462 333 2526; x_wconf 83' lang='lat' dir='ltr'><strong>per</strong></span> <span class='ocrx_word' id='word_1_150' title='bbox 346 2442 434 2525; x_wconf 71' lang='lat' dir='ltr'><strong>specs</strong></span> <span class='ocrx_word' id='word_1_151' title='bbox 450 2440 610 2505; x_wconf 78' lang='lat' dir='ltr'><strong>eeclesiam</strong></span> <span class='ocrx_word' id='word_1_152' title='bbox 626 2440 789 2518; x_wconf 61' lang='lat' dir='ltr'><strong>obtinetur,</strong></span> <span class='ocrx_word' id='word_1_153' title='bbox 813 2440 991 2525; x_wconf 76' lang='lat' dir='ltr'><strong>deponatur·</strong></span> <span class='ocrx_word' id='word_1_154' title='bbox 1005 2452 1034 2504; x_wconf 83' lang='lat' dir='ltr'><strong>ct</strong></span> <span class='ocrx_word' id='word_1_155' title='bbox 1048 2452 1234 2525; x_wconf 68' lang='lat' dir='ltr'><strong>segregetur,</strong></span> 
     </span>
     <span class='ocr_line' id='line_1_20' title="bbox 71 2548 1236 2641; baseline 0.004 -27"><span class='ocrx_word' id='word_1_156' title='bbox 71 2572 225 2640; x_wconf 78' lang='lat' dir='ltr'><strong>omnesque</strong></span> <span class='ocrx_word' id='word_1_157' title='bbox 242 2558 303 2641; x_wconf 80' lang='lat' dir='ltr'><strong>qui</strong></span> <span class='ocrx_word' id='word_1_158' title='bbox 322 2556 375 2619; x_wconf 83' lang='lat' dir='ltr'><strong>illi</strong></span> <span class='ocrx_word' id='word_1_159' title='bbox 391 2552 634 2620; x_wconf 66' lang='lat' dir='ltr'><strong>communicant*</strong></span> <span class='ocrx_word' id='word_1_160' title='bbox 644 2548 660 2617; x_wconf 93' lang='lat'><strong>¹.</strong></span> <span class='ocrx_word' id='word_1_161' title='bbox 692 2552 832 2631; x_wconf 83' lang='lat' dir='ltr'><strong>Quorum</strong></span> <span class='ocrx_word' id='word_1_162' title='bbox 849 2554 983 2637; x_wconf 82' lang='lat' dir='ltr'><strong>vestigia</strong></span> <span class='ocrx_word' id='word_1_163' title='bbox 998 2554 1236 2639; x_wconf 77' lang='lat' dir='ltr'><strong>subsequentes,</strong></span> 
     </span>
     <span class='ocr_line' id='line_1_21' title="bbox 72 2666 1236 2756; baseline 0.004 -24"><span class='ocrx_word' id='word_1_164' title='bbox 72 2670 98 2731; x_wconf 85' lang='lat' dir='ltr'><strong>ct</strong></span> <span class='ocrx_word' id='word_1_165' title='bbox 116 2688 169 2735; x_wconf 91' lang='lat' dir='ltr'><strong>nos</strong></span> <span class='ocrx_word' id='word_1_166' title='bbox 186 2690 297 2735; x_wconf 88' lang='lat' dir='ltr'><strong>eorum</strong></span> <span class='ocrx_word' id='word_1_167' title='bbox 314 2670 503 2736; x_wconf 89' lang='lat' dir='ltr'><strong>sententiam</strong></span> <span class='ocrx_word' id='word_1_168' title='bbox 520 2668 691 2756; x_wconf 87' lang='lat' dir='ltr'><strong>episcopali</strong></span> <span class='ocrx_word' id='word_1_169' title='bbox 708 2670 840 2737; x_wconf 89' lang='lat' dir='ltr'><strong>concilio</strong></span> <span class='ocrx_word' id='word_1_170' title='bbox 862 2668 1094 2736; x_wconf 82' lang='lat' dir='ltr'><strong>confirmemus.</strong></span> <span class='ocrx_word' id='word_1_171' title='bbox 1164 2666 1236 2737; x_wconf 84' lang='lat' dir='ltr'><strong>Tibi</strong></span> 
     </span>
     <span class='ocr_line' id='line_1_22' title="bbox 69 2781 1235 2873; baseline 0.005 -28"><span class='ocrx_word' id='word_1_172' title='bbox 69 2781 173 2868; x_wconf 84' lang='lat' dir='ltr'><strong>itaque,</strong></span> <span class='ocrx_word' id='word_1_173' title='bbox 196 2784 244 2851; x_wconf 89' lang='lat' dir='ltr'><strong>iili</strong></span> <span class='ocrx_word' id='word_1_174' title='bbox 268 2786 452 2869; x_wconf 80' lang='lat' dir='ltr'><strong>karissime,</strong></span> <span class='ocrx_word' id='word_1_175' title='bbox 483 2784 655 2867; x_wconf 76' lang='lat' dir='ltr'><strong>Hleinrice)</strong></span> <span class='ocrx_word' id='word_1_176' title='bbox 679 2806 735 2852; x_wconf 86' lang='lat' dir='ltr'><strong>rex</strong></span> <span class='ocrx_word' id='word_1_177' title='bbox 759 2794 792 2853; x_wconf 91' lang='lat' dir='ltr'><strong>et</strong></span> <span class='ocrx_word' id='word_1_178' title='bbox 817 2805 902 2852; x_wconf 89' lang='lat' dir='ltr'><strong>nuuc</strong></span> <span class='ocrx_word' id='word_1_179' title='bbox 925 2806 982 2873; x_wconf 88' lang='lat' dir='ltr'><strong>per</strong></span> <span class='ocrx_word' id='word_1_180' title='bbox 1011 2786 1149 2851; x_wconf 86' lang='lat' dir='ltr'><strong>officium</strong></span> <span class='ocrx_word' id='word_1_181' title='bbox 1179 2804 1235 2851; x_wconf 92' lang='lat' dir='ltr'><strong>no·</strong></span> 
     </span>
     <span class='ocr_line' id='line_1_23' title="bbox 69 2900 1236 2988; baseline 0.003 -25"><span class='ocrx_word' id='word_1_182' title='bbox 69 2903 156 2965; x_wconf 87' lang='lat' dir='ltr'><strong>strum</strong></span> <span class='ocrx_word' id='word_1_183' title='bbox 180 2900 242 2968; x_wconf 90' lang='lat' dir='ltr'><strong>Dei</strong></span> <span class='ocrx_word' id='word_1_184' title='bbox 267 2902 372 2985; x_wconf 85' lang='lat' dir='ltr'><strong>gratia</strong></span> <span class='ocrx_word' id='word_1_185' title='bbox 394 2900 606 2969; x_wconf 89' lang='lat' dir='ltr'><strong>Romanorum</strong></span> <span class='ocrx_word' id='word_1_186' title='bbox 637 2902 826 2988; x_wconf 86' lang='lat' dir='ltr'><strong>imperator,</strong></span> <span class='ocrx_word' id='word_1_187' title='bbox 855 2907 888 2968; x_wconf 86' lang='lat' dir='ltr'><strong>et</strong></span> <span class='ocrx_word' id='word_1_188' title='bbox 910 2922 1007 2985; x_wconf 89' lang='lat' dir='ltr'><strong>regno</strong></span> <span class='ocrx_word' id='word_1_189' title='bbox 1036 2900 1157 2985; x_wconf 88' lang='lat' dir='ltr'><strong>regalia</strong></span> <span class='ocrx_word' id='word_1_190' title='bbox 1179 2900 1236 2967; x_wconf 90' lang='lat' dir='ltr'><strong>illa</strong></span> 
     </span>
     <span class='ocr_line' id='line_1_24' title="bbox 69 3012 1236 3104; baseline 0.006 -26"><span class='ocrx_word' id='word_1_191' title='bbox 69 3012 247 3083; x_wconf 88' lang='lat' dir='ltr'><strong>dimittenda</strong></span> <span class='ocrx_word' id='word_1_192' title='bbox 272 3018 494 3103; x_wconf 84' lang='lat' dir='ltr'><strong>praecipimus,</strong></span> <span class='ocrx_word' id='word_1_193' title='bbox 524 3036 603 3102; x_wconf 87' lang='lat' dir='ltr'><strong>quac</strong></span> <span class='ocrx_word' id='word_1_194' title='bbox 627 3018 666 3083; x_wconf 93' lang='lat' dir='ltr'><strong>ad</strong></span> <span class='ocrx_word' id='word_1_195' title='bbox 690 3038 821 3101; x_wconf 88' lang='lat' dir='ltr'><strong>regnum</strong></span> <span class='ocrx_word' id='word_1_196' title='bbox 845 3018 1012 3084; x_wconf 79' lang='lat' dir='ltr'><strong>manifeste</strong></span> <span class='ocrx_word' id='word_1_197' title='bbox 1035 3016 1236 3104; x_wconf 82' lang='lat' dir='ltr'><strong>pertinebant</strong></span> 
     </span>
     <span class='ocr_line' id='line_1_25' title="bbox 67 3132 1233 3219; baseline 0.003 -24"><span class='ocrx_word' id='word_1_198' title='bbox 67 3135 197 3218; x_wconf 86' lang='lat' dir='ltr'><strong>tempore</strong></span> <span class='ocrx_word' id='word_1_199' title='bbox 212 3132 337 3216; x_wconf 83' lang='lat' dir='ltr'><strong>Karoli,</strong></span> <span class='ocrx_word' id='word_1_200' title='bbox 352 3132 523 3216; x_wconf 83' lang='lat' dir='ltr'><strong>Ludewici‚</strong></span> <span class='ocrx_word' id='word_1_201' title='bbox 545 3132 703 3199; x_wconf 80' lang='lat' dir='ltr'><strong>Heinrici⁸</strong></span> <span class='ocrx_word' id='word_1_202' title='bbox 718 3138 752 3200; x_wconf 89' lang='lat' dir='ltr'><strong>et</strong></span> <span class='ocrx_word' id='word_1_203' title='bbox 765 3140 940 3201; x_wconf 86' lang='lat' dir='ltr'><strong>ceterorum</strong></span> <span class='ocrx_word' id='word_1_204' title='bbox 955 3133 1233 3219; x_wconf 87' lang='lat' dir='ltr'><strong>praedecessorum</strong></span> 
     </span>
     <span class='ocr_line' id='line_1_26' title="bbox 67 3248 1234 3317; baseline 0.005 -7"><span class='ocrx_word' id='word_1_205' title='bbox 67 3249 190 3314; x_wconf 86' lang='lat' dir='ltr'><strong>tuorum.</strong></span> <span class='ocrx_word' id='word_1_206' title='bbox 286 3248 506 3315; x_wconf 88' lang='lat' dir='ltr'><strong>Interdicimus</strong></span> <span class='ocrx_word' id='word_1_207' title='bbox 534 3248 636 3314; x_wconf 74' lang='lat' dir='ltr'><strong>enimh</strong></span> <span class='ocrx_word' id='word_1_208' title='bbox 660 3254 693 3315; x_wconf 91' lang='lat' dir='ltr'><strong>et</strong></span> <span class='ocrx_word' id='word_1_209' title='bbox 714 3248 773 3315; x_wconf 94' lang='lat' dir='ltr'><strong>sub</strong></span> <span class='ocrx_word' id='word_1_210' title='bbox 801 3248 997 3317; x_wconf 78' lang='lat' dir='ltr'><strong>districtione</strong></span> <span class='ocrx_word' id='word_1_211' title='bbox 1024 3248 1234 3316; x_wconf 81' lang='lat' dir='ltr'><strong>anathematis</strong></span> 
     </span>
     <span class='ocr_line' id='line_1_27' title="bbox 66 3362 1234 3451; baseline 0.005 -26"><span class='ocrx_word' id='word_1_212' title='bbox 66 3362 277 3443; x_wconf 82' lang='lat' dir='ltr'><strong>probibemus:</strong></span> <span class='ocrx_word' id='word_1_213' title='bbox 301 3384 342 3429; x_wconf 92' lang='lat' dir='ltr'><strong>ne</strong></span> <span class='ocrx_word' id='word_1_214' title='bbox 358 3364 423 3449; x_wconf 68' lang='lat' dir='ltr'><strong>qui¹</strong></span> <span class='ocrx_word' id='word_1_215' title='bbox 443 3366 662 3450; x_wconf 85' lang='lat' dir='ltr'><strong>episcoporum</strong></span> <span class='ocrx_word' id='word_1_216' title='bbox 679 3384 734 3429; x_wconf 91' lang='lat' dir='ltr'><strong>seu</strong></span> <span class='ocrx_word' id='word_1_217' title='bbox 751 3362 911 3447; x_wconf 88' lang='lat' dir='ltr'><strong>abbatum,</strong></span> <span class='ocrx_word' id='word_1_218' title='bbox 935 3362 1003 3431; x_wconf 63' lang='lat' dir='ltr'><strong>vel*</strong></span> <span class='ocrx_word' id='word_1_219' title='bbox 1019 3366 1234 3451; x_wconf 85' lang='lat' dir='ltr'><strong>praesentiam</strong></span> 
     </span>
     <span class='ocr_line' id='line_1_28' title="bbox 66 3477 1233 3564; baseline 0.005 -23"><span class='ocrx_word' id='word_1_220' title='bbox 66 3477 107 3543; x_wconf 83' lang='lat' dir='ltr'><strong>rel</strong></span> <span class='ocrx_word' id='word_1_221' title='bbox 126 3478 319 3564; x_wconf 84' lang='lat' dir='ltr'><strong>futurorum,</strong></span> <span class='ocrx_word' id='word_1_222' title='bbox 344 3480 453 3548; x_wconf 87' lang='lat' dir='ltr'><strong>cadem</strong></span> <span class='ocrx_word' id='word_1_223' title='bbox 477 3478 597 3563; x_wconf 84' lang='lat' dir='ltr'><strong>regalia</strong></span> <span class='ocrx_word' id='word_1_224' title='bbox 620 3480 780 3564; x_wconf 75' lang='lat' dir='ltr'><strong>invadant,</strong></span> <span class='ocrx_word' id='word_1_225' title='bbox 807 3480 841 3545; x_wconf 91' lang='lat' dir='ltr'><strong>id</strong></span> <span class='ocrx_word' id='word_1_226' title='bbox 864 3485 913 3545; x_wconf 91' lang='lat' dir='ltr'><strong>est</strong></span> <span class='ocrx_word' id='word_1_227' title='bbox 934 3481 1078 3547; x_wconf 86' lang='lat' dir='ltr'><strong>civitates</strong></span> <span class='ocrx_word' id='word_1_228' title='bbox 1101 3481 1233 3547; x_wconf 88' lang='lat' dir='ltr'><strong>ducatus</strong></span> 
     </span>
     <span class='ocr_line' id='line_1_29' title="bbox 66 3594 1233 3663; baseline 0.006 -8"><span class='ocrx_word' id='word_1_229' title='bbox 66 3594 211 3661; x_wconf 77' lang='lat' dir='ltr'><strong>nmebias</strong></span> <span class='ocrx_word' id='word_1_230' title='bbox 236 3598 406 3663; x_wconf 86' lang='lat' dir='ltr'><strong>comitatus</strong></span> <span class='ocrx_word' id='word_1_231' title='bbox 428 3600 572 3663; x_wconf 84' lang='lat' dir='ltr'><strong>monetes</strong></span> <span class='ocrx_word' id='word_1_232' title='bbox 596 3595 776 3661; x_wconf 89' lang='lat' dir='ltr'><strong>theloneum</strong></span> <span class='ocrx_word' id='word_1_233' title='bbox 791 3600 966 3661; x_wconf 87' lang='lat' dir='ltr'><strong>mercatum</strong></span> <span class='ocrx_word' id='word_1_234' title='bbox 985 3595 1167 3661; x_wconf 78' lang='lat' dir='ltr'><strong>advocatias</strong></span> <span class='ocrx_word' id='word_1_235' title='bbox 1183 3616 1233 3662; x_wconf 90' lang='lat' dir='ltr'><strong>re·</strong></span> 
     </span>
     <span class='ocr_line' id='line_1_30' title="bbox 65 3709 1231 3795; baseline 0.001 -19"><span class='ocrx_word' id='word_1_236' title='bbox 65 3709 131 3792; x_wconf 76' lang='lat' dir='ltr'><strong>gni‘,</strong></span> <span class='ocrx_word' id='word_1_237' title='bbox 158 3712 232 3777; x_wconf 90' lang='lat' dir='ltr'><strong>iura</strong></span> <span class='ocrx_word' id='word_1_238' title='bbox 256 3712 476 3777; x_wconf 84' lang='lat' dir='ltr'><strong>centurionum</strong></span> <span class='ocrx_word' id='word_1_239' title='bbox 506 3716 539 3777; x_wconf 91' lang='lat' dir='ltr'><strong>et</strong></span> <span class='ocrx_word' id='word_1_240' title='bbox 561 3716 682 3794; x_wconf 88' lang='lat' dir='ltr'><strong>curtes,</strong></span> <span class='ocrx_word' id='word_1_241' title='bbox 714 3731 793 3795; x_wconf 89' lang='lat' dir='ltr'><strong>qnae</strong></span> <span class='ocrx_word' id='word_1_242' title='bbox 815 3711 994 3777; x_wconf 73' lang='lat' dir='ltr'><strong>manifeste¹</strong></span> <span class='ocrx_word' id='word_1_243' title='bbox 1016 3712 1106 3795; x_wconf 86' lang='lat' dir='ltr'><strong>regni</strong></span> <span class='ocrx_word' id='word_1_244' title='bbox 1130 3718 1231 3795; x_wconf 70' lang='lat' dir='ltr'><strong>erant,</strong></span> 
     </span>
     <span class='ocr_line' id='line_1_31' title="bbox 65 3826 1232 3912; baseline 0.005 -25"><span class='ocrx_word' id='word_1_245' title='bbox 65 3838 125 3889; x_wconf 90' lang='lat' dir='ltr'><strong>cum</strong></span> <span class='ocrx_word' id='word_1_246' title='bbox 147 3826 353 3912; x_wconf 85' lang='lat' dir='ltr'><strong>pertinentiis</strong></span> <span class='ocrx_word' id='word_1_247' title='bbox 377 3828 451 3910; x_wconf 83' lang='lat' dir='ltr'><strong>suis,</strong></span> <span class='ocrx_word' id='word_1_248' title='bbox 476 3826 627 3893; x_wconf 88' lang='lat' dir='ltr'><strong>miliciam</strong></span> <span class='ocrx_word' id='word_1_249' title='bbox 650 3832 683 3892; x_wconf 89' lang='lat' dir='ltr'><strong>et</strong></span> <span class='ocrx_word' id='word_1_250' title='bbox 704 3831 810 3892; x_wconf 84' lang='lat' dir='ltr'><strong>castra</strong></span> <span class='ocrx_word' id='word_1_251' title='bbox 831 3826 951 3910; x_wconf 82' lang='lat' dir='ltr'><strong>regni¹;</strong></span> <span class='ocrx_word' id='word_1_252' title='bbox 978 3837 1061 3893; x_wconf 82' lang='lat' dir='ltr'><strong>necm</strong></span> <span class='ocrx_word' id='word_1_253' title='bbox 1085 3848 1119 3893; x_wconf 91' lang='lat' dir='ltr'><strong>se</strong></span> <span class='ocrx_word' id='word_1_254' title='bbox 1144 3828 1232 3893; x_wconf 93' lang='lat' dir='ltr'><strong>dein·</strong></span> 
     </span>
     <span class='ocr_line' id='line_1_32' title="bbox 64 3940 1231 4027; baseline 0.006 -25"><span class='ocrx_word' id='word_1_255' title='bbox 64 3954 129 4023; x_wconf 87' lang='lat' dir='ltr'><strong>ceps</strong></span> <span class='ocrx_word' id='word_1_256' title='bbox 148 3943 211 4007; x_wconf 91' lang='lat' dir='ltr'><strong>nisi</strong></span> <span class='ocrx_word' id='word_1_257' title='bbox 236 3960 297 4027; x_wconf 89' lang='lat' dir='ltr'><strong>per</strong></span> <span class='ocrx_word' id='word_1_258' title='bbox 319 3942 454 4025; x_wconf 77' lang='lat' dir='ltr'><strong>gratiam</strong></span> <span class='ocrx_word' id='word_1_259' title='bbox 477 3942 561 4025; x_wconf 89' lang='lat' dir='ltr'><strong>rogis</strong></span> <span class='ocrx_word' id='word_1_260' title='bbox 577 3942 616 4007; x_wconf 93' lang='lat' dir='ltr'><strong>de</strong></span> <span class='ocrx_word' id='word_1_261' title='bbox 632 3940 711 4026; x_wconf 88' lang='lat' dir='ltr'><strong>ipsis</strong></span> <span class='ocrx_word' id='word_1_262' title='bbox 733 3940 892 4024; x_wconf 88' lang='lat' dir='ltr'><strong>regalibus</strong></span> <span class='ocrx_word' id='word_1_263' title='bbox 909 3942 1132 4009; x_wconf 85' lang='lat' dir='ltr'><strong>intromittant</strong></span> <span class='ocrx_word' id='word_1_264' title='bbox 1168 3942 1231 4009; x_wconf 89' lang='lat' dir='ltr'><strong>Sed</strong></span> 
     </span>
    </p>
   </div>
   <div class='ocr_carea' id='block_1_3' title="bbox 64 4081 1231 4368">
    <p class='ocr_par' dir='ltr' id='par_1_3' title="bbox 64 4081 1231 4368">
     <span class='ocr_line' id='line_1_33' title="bbox 124 4081 1230 4130; baseline 0.002 -3"><span class='ocrx_word' id='word_1_265' title='bbox 124 4096 143 4127; x_wconf 80' lang='grc' dir='ltr'>ι</span> <span class='ocrx_word' id='word_1_266' title='bbox 165 4083 230 4130; x_wconf 83' lang='lat' dir='ltr'><strong>nullo</strong></span> <span class='ocrx_word' id='word_1_267' title='bbox 247 4082 318 4129; x_wconf 88' lang='lat' dir='ltr'><strong>modo</strong></span> <span class='ocrx_word' id='word_1_268' title='bbox 333 4082 387 4129; x_wconf 81' lang='lat' dir='ltr'><strong>AD.</strong></span> <span class='ocrx_word' id='word_1_269' title='bbox 475 4083 499 4129; x_wconf 91' lang='lat' dir='ltr'><strong>b.</strong></span> <span class='ocrx_word' id='word_1_270' title='bbox 523 4083 591 4129; x_wconf 56' lang='lat' dir='ltr'><strong>&amp;um</strong></span> <span class='ocrx_word' id='word_1_271' title='bbox 607 4082 660 4128; x_wconf 80' lang='lat' dir='ltr'><strong>AD.</strong></span> <span class='ocrx_word' id='word_1_272' title='bbox 750 4096 769 4129; x_wconf 91' lang='lat' dir='ltr'><strong>c.</strong></span> <span class='ocrx_word' id='word_1_273' title='bbox 794 4081 918 4129; x_wconf 79' lang='lat' dir='ltr'><strong>katlrcdsse</strong></span> <span class='ocrx_word' id='word_1_274' title='bbox 934 4084 960 4130; x_wconf 83' lang='lat' dir='ltr'><strong>Z.</strong></span> <span class='ocrx_word' id='word_1_275' title='bbox 1046 4082 1070 4129; x_wconf 79' lang='lat' dir='ltr'><strong>d</strong></span> <span class='ocrx_word' id='word_1_276' title='bbox 1093 4083 1161 4129; x_wconf 84' lang='lat' dir='ltr'><strong>etism</strong></span> <span class='ocrx_word' id='word_1_277' title='bbox 1177 4084 1230 4130; x_wconf 75' lang='lat' dir='ltr'><strong>Ab.</strong></span> 
     </span>
     <span class='ocr_line' id='line_1_34' title="bbox 64 4158 1231 4223; baseline 0.002 -16"><span class='ocrx_word' id='word_1_278' title='bbox 64 4169 82 4201; x_wconf 62' lang='grc' dir='ltr'><strong>ο·</strong></span> <span class='ocrx_word' id='word_1_279' title='bbox 100 4158 178 4207; x_wconf 80' lang='lat' dir='ltr'><strong>babeat</strong></span> <span class='ocrx_word' id='word_1_280' title='bbox 194 4176 261 4208; x_wconf 70' lang='lat' dir='ltr'><strong>com</strong></span> <span class='ocrx_word' id='word_1_281' title='bbox 272 4160 298 4207; x_wconf 81' lang='lat' dir='ltr'><strong>ia</strong></span> <span class='ocrx_word' id='word_1_282' title='bbox 313 4162 415 4208; x_wconf 71' lang='lat' dir='ltr'><strong>obtineat</strong></span> <span class='ocrx_word' id='word_1_283' title='bbox 428 4162 451 4208; x_wconf 89' lang='lat' dir='ltr'><strong>V.</strong></span> <span class='ocrx_word' id='word_1_284' title='bbox 525 4162 541 4207; x_wconf 86' lang='grc'><strong>1.</strong></span> <span class='ocrx_word' id='word_1_285' title='bbox 564 4162 590 4207; x_wconf 79' lang='lat' dir='ltr'><strong>ia</strong></span> <span class='ocrx_word' id='word_1_286' title='bbox 604 4160 643 4207; x_wconf 75' lang='lat' dir='ltr'><strong>Va</strong></span> <span class='ocrx_word' id='word_1_287' title='bbox 656 4167 788 4222; x_wconf 71' lang='lat' dir='ltr'><strong>sequoretur·</strong></span> <span class='ocrx_word' id='word_1_288' title='bbox 799 4175 835 4218; x_wconf 81' lang='lat' dir='ltr'><strong>ac,</strong></span> <span class='ocrx_word' id='word_1_289' title='bbox 851 4175 912 4223; x_wconf 79' lang='lat' dir='ltr'><strong>quae</strong></span> <span class='ocrx_word' id='word_1_290' title='bbox 926 4161 996 4223; x_wconf 71' lang='lat' dir='ltr'><strong>tasso</strong></span> <span class='ocrx_word' id='word_1_291' title='bbox 1012 4162 1127 4222; x_wconf 67' lang='lat' dir='ltr'><strong>legam,</strong></span> <span class='ocrx_word' id='word_1_292' title='bbox 1144 4162 1231 4209; x_wconf 78' lang='lat' dir='ltr'><strong>serbo:</strong></span> 
     </span>
     <span class='ocr_line' id='line_1_35' title="bbox 64 4234 1230 4302; baseline 0.003 -17"><span class='ocrx_word' id='word_1_293' title='bbox 64 4234 124 4285; x_wconf 83' lang='lat' dir='ltr'><strong>Porro</strong></span> <span class='ocrx_word' id='word_1_294' title='bbox 137 4264 159 4273; x_wconf 90' lang='lat'><em>—</em></span> <span class='ocrx_word' id='word_1_295' title='bbox 172 4256 216 4301; x_wconf 86' lang='lat' dir='ltr'><strong>pro</strong></span> <span class='ocrx_word' id='word_1_296' title='bbox 233 4240 354 4287; x_wconf 83' lang='lat' dir='ltr'><strong>animabus</strong></span> <span class='ocrx_word' id='word_1_297' title='bbox 371 4254 456 4288; x_wconf 85' lang='lat' dir='ltr'><strong>eoram.</strong></span> <span class='ocrx_word' id='word_1_298' title='bbox 528 4252 548 4299; x_wconf 86' lang='lat' dir='ltr'><strong>g.</strong></span> <span class='ocrx_word' id='word_1_299' title='bbox 572 4241 660 4297; x_wconf 73' lang='lat' dir='ltr'><strong>osraA5</strong></span> <span class='ocrx_word' id='word_1_300' title='bbox 676 4240 767 4287; x_wconf 85' lang='lat' dir='ltr'><strong>Ottonls</strong></span> <span class='ocrx_word' id='word_1_301' title='bbox 782 4241 813 4286; x_wconf 87' lang='lat' dir='ltr'><strong>D.</strong></span> <span class='ocrx_word' id='word_1_302' title='bbox 883 4240 907 4287; x_wconf 77' lang='lat' dir='ltr'><strong>lo</strong></span> <span class='ocrx_word' id='word_1_303' title='bbox 930 4242 999 4288; x_wconf 61' lang='lat' dir='ltr'><strong>m</strong></span> <span class='ocrx_word' id='word_1_304' title='bbox 1014 4242 1067 4288; x_wconf 76' lang='lat' dir='ltr'><strong>AD.</strong></span> <span class='ocrx_word' id='word_1_305' title='bbox 1137 4242 1153 4288; x_wconf 90' lang='lat' dir='ltr'><strong>i.</strong></span> <span class='ocrx_word' id='word_1_306' title='bbox 1178 4243 1230 4302; x_wconf 80' lang='lat' dir='ltr'><strong>qula</strong></span> 
     </span>
     <span class='ocr_line' id='line_1_36' title="bbox 65 4316 849 4368; baseline -0.003 0"><span class='ocrx_word' id='word_1_307' title='bbox 65 4316 109 4363; x_wconf 68' lang='lat' dir='ltr'><strong>AD·</strong></span> <span class='ocrx_word' id='word_1_308' title='bbox 197 4321 222 4367; x_wconf 81' lang='lat' dir='ltr'><strong>k.</strong></span> <span class='ocrx_word' id='word_1_309' title='bbox 248 4321 355 4368; x_wconf 62' lang='lat' dir='ltr'><strong>onAD.</strong></span> <span class='ocrx_word' id='word_1_310' title='bbox 448 4321 464 4367; x_wconf 90' lang='grc'><strong>1.</strong></span> <span class='ocrx_word' id='word_1_311' title='bbox 487 4321 592 4367; x_wconf 65' lang='lat' dir='ltr'><strong>consil).</strong></span> <span class='ocrx_word' id='word_1_312' title='bbox 686 4334 715 4366; x_wconf 87' lang='lat' dir='ltr'><strong>m.</strong></span> <span class='ocrx_word' id='word_1_313' title='bbox 736 4322 804 4366; x_wconf 84' lang='lat' dir='ltr'><strong>stne</strong></span> <span class='ocrx_word' id='word_1_314' title='bbox 819 4320 849 4366; x_wconf 89' lang='lat' dir='ltr'><strong>D.</strong></span> 
     </span>
    </p>
   </div>
   <div class='ocr_carea' id='block_1_4' title="bbox 100 4413 1055 4567">
    <p class='ocr_par' dir='ltr' id='par_1_4' title="bbox 100 4413 1055 4567">
     <span class='ocr_line' id='line_1_37' title="bbox 126 4413 1055 4485; baseline 0.003 -18"><span class='ocrx_word' id='word_1_315' title='bbox 126 4413 148 4467; x_wconf 91' lang='lat' dir='ltr'><strong>l.</strong></span> <span class='ocrx_word' id='word_1_316' title='bbox 167 4414 237 4471; x_wconf 85' lang='lat' dir='ltr'><strong>Gan.</strong></span> <span class='ocrx_word' id='word_1_317' title='bbox 252 4416 388 4484; x_wconf 76' lang='lat' dir='ltr'><strong>apostol</strong></span> <span class='ocrx_word' id='word_1_318' title='bbox 409 4414 546 4483; x_wconf 71' lang='lat' dir='ltr'><strong>(Gratiani</strong></span> <span class='ocrx_word' id='word_1_319' title='bbox 564 4414 637 4471; x_wconf 87' lang='lat' dir='ltr'><strong>decr.</strong></span> <span class='ocrx_word' id='word_1_320' title='bbox 656 4415 686 4469; x_wconf 91' lang='lat' dir='ltr'><strong>P.</strong></span> <span class='ocrx_word' id='word_1_321' title='bbox 699 4414 726 4469; x_wconf 90' lang='lat'><strong>11</strong></span> <span class='ocrx_word' id='word_1_322' title='bbox 745 4414 855 4471; x_wconf 64' lang='lat' dir='ltr'><strong>(1¹.le</strong></span> <span class='ocrx_word' id='word_1_323' title='bbox 873 4416 947 4485; x_wconf 73' lang='lat' dir='ltr'><strong>qn?</strong></span> <span class='ocrx_word' id='word_1_324' title='bbox 965 4431 989 4470; x_wconf 91' lang='lat' dir='ltr'><strong>c.</strong></span> <span class='ocrx_word' id='word_1_325' title='bbox 1000 4416 1055 4483; x_wconf 78' lang='lat'>14).</span> 
     </span>
     <span class='ocr_line' id='line_1_38' title="bbox 100 4508 1018 4567; baseline 0.013 -12"><span class='ocrx_word' id='word_1_326' title='bbox 100 4508 175 4563; x_wconf 68' lang='lat' dir='ltr'><strong>Just.</strong></span> <span class='ocrx_word' id='word_1_327' title='bbox 191 4513 341 4559; x_wconf 67' lang='lat' dir='ltr'><strong>nannum</strong></span> <span class='ocrx_word' id='word_1_328' title='bbox 351 4514 380 4557; x_wconf 89' lang='lat' dir='ltr'><strong>v.</strong></span> <span class='ocrx_word' id='word_1_329' title='bbox 984 4513 1018 4567; x_wconf 90' lang='lat'><strong>18</strong></span> 
     </span>
    </p>
   </div>
   <div class='ocr_carea' id='block_1_5' title="bbox 0 0 1576 4850">
    <p class='ocr_par' dir='ltr' id='par_1_5' title="bbox 0 0 1576 4850">
     <span class='ocr_line' id='line_1_39' title="bbox 0 0 1576 4850; baseline 0 6"><span class='ocrx_word' id='word_1_330' title='bbox 0 0 1576 4850; x_wconf 95' lang='lat' dir='ltr'><strong> </strong></span> 
     </span>
    </p>
   </div>
  </div>
 </body>
</html>
