3142 4850
204 516 273 573 1007

164 592 219 651 post
230 590 286 637 llov.
296 591 309 635 1

325 326 391 391 478
641 345 829 393 nnrsronnn
853 344 1130 394 nnrmxnonusss.
1159 341 1183 392 a

326 503 457 587 qaaerit
548 500 718 588 Quociens,
745 504 892 587 exigente
914 476 1041 570 malicia
1061 506 1186 586 nostra,
1215 522 1235 567 a
1256 506 1409 589 potestate
1434 520 1481 566 ne-

326 638 421 704 quam
444 616 628 705 premimur,
652 618 801 703 quicquid
823 614 915 685 hobis
940 616 978 685 ab
1002 638 1039 685 ea
1062 617 1265 705 praecipitur,
1289 616 1371 701 quod
1394 616 1483 683 abde

325 753 387 799 non
417 730 585 799 abhorreat
612 736 645 798 et
671 734 817 818 religioni
846 732 1019 800 catholicae
1048 753 1112 799 non
1143 718 1343 817 adversetur,
1370 732 1484 798 videtur

326 849 404 917 mihi
426 868 495 914 esse
508 847 696 914 faciendum.
731 846 821 914 Dura
837 848 978 915 difficilia
993 847 1127 915 molesta
1142 854 1324 932 grassentur
1339 849 1372 913 in
1386 848 1483 927 nobia3

324 964 499 1052 parendum
522 968 580 1029 est
615 962 702 1041 Quae
725 965 809 1030 enim
834 968 916 1047 sunt,
941 984 959 1030 a
982 962 1049 1030 Deo
1073 964 1219 1059 ordinata
1241 970 1324 1031 sunt.
1359 962 1406 1030 lbi
1428 962 1484 1029 oul-

325 1080 432 1166 panda
451 1084 500 1145 est
521 1078 662 1165 pravitas
684 1084 803 1163 uerba,
827 1098 891 1145 non
913 1078 1055 1146 ferientis
1078 1078 1208 1145 iustitio.
1243 1080 1313 1145 Nou
1333 1078 1415 1145 enim
1429 1077 1484 1143 nisi

325 1193 533 1281 perversitate
555 1199 664 1261 nostm
684 1200 833 1278 regnaret
847 1193 1027 1280 hipocrita.¹
1106 1194 1280 1279 Siquando
1297 1215 1370 1261 vero
1388 1194 1485 1260 buius·

325 1310 411 1376 modi
433 1309 553 1393 aliquid
576 1328 595 1375 a
616 1314 774 1395 potestate
795 1308 852 1376 illa
875 1310 964 1376 nobis
987 1310 1179 1394 iniungatur,
1204 1308 1285 1395 quod
1300 1310 1353 1377 uel
1370 1309 1484 1393 religio

324 1446 396 1492 nem
413 1424 557 1491 vulneret
571 1424 621 1491 vel
637 1424 676 1490 ad
700 1430 864 1510 peccalum
879 1430 998 1509 vergat,
1019 1426 1118 1491 libere
1133 1426 1343 1491 resistendum
1367 1444 1484 1503 censeo3

326 1540 469 1625 quamvis
492 1540 551 1606 hoo
572 1560 636 1606 non
665 1541 792 1626 proprie
818 1540 873 1607 sed
899 1540 1028 1607 abusive
1050 1540 1174 1607 dicatur
1197 1544 1361 1607 resistere:
1392 1546 1485 1608 errata

325 1618 482 1722 declinare
503 1661 535 1722 et
555 1660 640 1721 recto
661 1653 783 1721 itineris
805 1676 916 1739 gressu
934 1656 1075 1723 iustitiae
1096 1676 1222 1723 cursum
1241 1676 1403 1743 peragere.
1432 1656 1484 1721 Er-

324 1778 396 1839 rate
417 1771 501 1837 enim
523 1791 587 1836 nou
602 1777 687 1837 recto
703 1771 800 1837 ductu
816 1778 992 1870 occurrunt,
1016 1772 1082 1856 sed,
1105 1792 1144 1840 ax
1159 1778 1342 1838 transverso
1359 1778 1390 1838 et
1405 1772 1484 1837 deuio

324 1886 492 1969 venientia,
516 1907 537 1951 a
557 1891 643 1952 recto
666 1886 795 1952 tramite
818 1886 974 1973 depellere
999 1886 1116 1954 volunt.
1158 1887 1282 1973 Quippe
1304 1892 1411 1953 errata
1431 1906 1484 1951 non

196 2067 199 2073 .
323 2008 439 2085 essent,
461 2001 524 2067 nisi
539 2023 559 2067 a
573 2006 658 2068 recto
674 2000 753 2068 calle
774 2002 945 2069 deviarent.
981 2002 1071 2069 Unde
1095 2010 1127 2069 et
1141 2004 1174 2068 in
1191 2002 1340 2089 operibus
1353 2002 1484 2069 iustitiae

244 2135 248 2143 ’
322 2118 537 2204 praecipimur
557 2136 659 2201 neque
683 2117 723 2183 ad
745 2117 908 2184 dexteram
938 2138 1038 2203 neque
1061 2118 1101 2184 ad
1124 2118 1285 2185 sinistram
1309 2112 1483 2185 declinare¹.

412 2232 480 2299 Hoc
500 2234 547 2299 ita
562 2230 730 2319 descripto,
752 2234 787 2298 in
803 2232 863 2318 his,
887 2252 966 2319 quae
982 2253 1001 2299 a
1015 2254 1089 2317 rege
1111 2232 1321 2320 postulantur,
1346 2233 1425 2320 nihil
1444 2233 1484 2297 iu·

323 2346 440 2432 venies,
463 2352 499 2413 ut
521 2368 578 2432 ego
601 2368 799 2434 cognoscam,
824 2348 923 2435 quod·
945 2348 1129 2434 religionem
1152 2348 1240 2415 ledat
1262 2350 1311 2414 vel
1336 2349 1378 2415 ad
1401 2348 1484 2415 delic

322 2470 391 2531 tum
413 2463 555 2547 inducat3
580 2485 687 2531 verum
706 2466 814 2531 omnia
828 2466 927 2531 divini
946 2467 1048 2531 cultus
1067 2439 1217 2552 pietatem
1234 2471 1393 2532 tueantur.
1427 2463 1483 2530 lior

323 2580 445 2667 etipse
468 2581 501 2646 in
524 2579 692 2647 sinodo-
711 2579 902 2668 miserabill,
926 2585 1066 2648 attamen
1089 2579 1262 2665 luculenta,
1286 2583 1428 2648 oratione
1449 2615 1483 2624 -

322 2695 525 2782 perstrinxit:
554 2698 637 2781 quia,
661 2697 689 2761 si
711 2717 745 2762 se
767 2696 855 2762 Deus
876 2697 1019 2782 privaret
1039 2697 1144 2763 fructu
1167 2695 1285 2794 ventris
1309 2697 1361 2762 sui
1384 2702 1417 2763 et
1436 2695 1484 2760 bu·

322 2831 417 2879 mana
439 2812 528 2898 prole
551 2811 773 2894 exheredaret,
797 2831 831 2877 se
853 2812 973 2896 Deum,
1001 2812 1028 2878 si
1051 2811 1249 2895 dignaretur,
1278 2809 1413 2878 libenter
1434 2805 1485 2876 sibi

322 2927 469 2994 heredem
497 2929 665 2995 facturum.
706 2927 748 2994 Et
771 2927 812 2992 ad
834 2928 900 2993 hoc·
922 2929 1017 2994 nimis
1046 2927 1208 2993 humiliter
1235 2928 1377 2993 omnium
1404 2945 1485 3013 prae

323 3045 458 3109 sentium
482 3043 632 3126 suffragia
652 3043 763 3129 poscit
801 3042 836 3109 Si
858 3043 1049 3127 interfueris,
1074 3049 1109 3109 ut
1130 3043 1307 3129 propicium
1331 3047 1364 3110 te
1382 3041 1485 3122 sentio,

322 3159 432 3245 procul
454 3157 549 3226 dubio
572 3158 776 3226 miserereris.

411 3274 511 3358 igitur
533 3277 693 3359 mitescat,
722 3295 777 3340 oro
801 3278 848 3357 te,
879 3273 1002 3338 animus
1026 3278 1112 3354 tuus3
1142 3271 1217 3338 laxa
1238 3271 1342 3338 sinum
1367 3271 1485 3360 pietatis

321 3396 410 3473 tnae3
433 3410 527 3477 parce
549 3389 623 3472 tibi;
644 3391 795 3458 miserere
817 3395 953 3456 tuorum.
993 3386 1082 3467 Quod
1105 3387 1279 3474 hipocritae
1299 3390 1368 3472 regi
1390 3389 1485 3454 faeere

322 3507 485 3590 debueras,
499 3507 550 3572 fac
564 3505 638 3572 buic
651 3506 834 3589 religionem
852 3506 1014 3571 astruenti.
1049 3503 1190 3569 Honesta
1205 3503 1360 3590 postulat;
1384 3503 1484 3569 eadem

323 3623 401 3689 satis
429 3630 461 3689 et
483 3643 579 3709 super
605 3622 780 3688 retribuere
807 3627 907 3708 parat.
949 3619 983 3686 Si
1007 3618 1082 3704 quid
1106 3617 1254 3686 ecclesiae
1281 3626 1355 3686 tuae
1383 3633 1485 3703 corpo

322 3737 398 3805 ralis
421 3739 521 3825 spacii
544 3738 757 3822 subtrahitur,
789 3737 848 3802 boc
869 3737 952 3802 idem
984 3733 1143 3821 spirituali
1173 3732 1388 3800 aedificatione
1418 3751 1485 3818 sup·

321 3851 443 3941 pletur3
466 3853 629 3938 multoque
651 3853 834 3919 honoratior
850 3853 910 3918 erit
931 3849 1085 3917 faecunda
1100 3849 1132 3915 in
1149 3847 1224 3933 lilia,
1249 3869 1342 3935 quam
1365 3847 1485 3915 omnino

322 3969 440 4056 absque
463 3969 570 4036 liberis
593 3969 710 4035 sterilis
731 3969 911 4035 remaneret
927 3973 959 4034 et
972 3949 1169 4032 infoecunda.
1200 3965 1301 4032 Aufer
1316 3965 1483 4048 rubiginem

322 4087 459 4169 acorde,
483 4085 615 4152 hilarem
638 4089 671 4151 te
694 4083 826 4150 adhaec
841 4083 947 4150 omnia
963 4082 1109 4167 deinceps
1125 4081 1264 4148 ostende.
1299 4082 1368 4148 Non
1387 4079 1484 4145 veniet

321 4221 407 4286 sero,
436 4221 529 4286 quem
552 4199 638 4268 Deus
661 4201 811 4267 adiuvare
834 4200 910 4265 vult.
951 4197 1041 4264 Unde
1065 4197 1157 4263 modo
1178 4197 1332 4281 tristaris,
1360 4195 1482 4264 worse

321 4317 384 4383 ista
397 4317 616 4403 temptatione,
638 4316 707 4384 Deo
722 4315 865 4402 propicio
880 4313 1016 4381 multum
1032 4311 1104 4378 inde
1120 4311 1276 4380 letaberis.
1313 4310 1480 4397 Temptatio

391 4471 412 4503 a
434 4457 542 4517 ,qm
556 4457 818 4514 211,me
1018 4446 1041 4497 l.
1066 4441 1184 4512 Proui,
1204 4445 1246 4498 27.
