3142 4850
304 267 370 335 ote
708 286 757 333 ux
778 283 948 334 sausoure
970 282 1074 331 urano

214 460 285 515 1135
302 442 409 513 Gaurii
425 480 467 494 --
483 443 551 511 sole
564 443 686 511 nutiles
702 449 736 509 et
749 442 971 511 eminentiores
995 461 1129 529 persone
1150 440 1404 522 emitterentur,
1425 438 1473 503 hic

302 560 441 627 minores
469 566 502 627 et
528 558 677 625 mulieres
700 558 733 624 in
756 557 874 625 Christi
897 558 1044 625 militiam
1068 557 1178 623 ordine
1200 556 1351 622 canonico
1373 554 1475 621 locum

303 675 483 743 assumendi
516 676 722 742 invenirent.
825 672 942 752 Quodsi
972 672 1059 758 quis*
1089 671 1124 737 in
1152 671 1304 738 alterutra
1335 669 1475 751 enclesis,

303 791 423 858 scilicet
438 791 540 857 suncti
555 789 641 857 Petri
655 788 706 855 rel
721 789 823 855 sancti
840 788 1003 875 Stephani,
1028 787 1141 854 maiori
1161 785 1228 853 zelo
1244 786 1343 852 divini
1360 785 1475 851 amoris

302 910 416 991 tactus,
439 905 567 989 artioris
585 942 622 951 -
641 904 676 974 id
699 909 748 971 est
768 904 950 973 monachice
967 940 1005 949 —
1026 902 1230 993 professionis
1246 900 1388 987 regulam
1404 900 1476 967 sut

302 1021 350 1089 ire
364 1020 469 1107 vellet,
493 1041 534 1088 ue
555 1019 603 1085 illi
626 1019 705 1085 alias
729 1020 886 1089 divertere
909 1040 1035 1087 necesse
1060 1024 1152 1103 esset,
1175 1017 1258 1083 idam
1283 1016 1395 1083 beatus
1419 1016 1477 1082 im·

302 1142 431 1223 perator
445 1141 538 1203 extra
552 1134 662 1201 urbem
674 1156 784 1203 versus
801 1136 1049 1221 septentrionem
1072 1134 1234 1201 constituit
1249 1133 1475 1199 monasterium

302 1252 337 1319 io
351 1253 469 1319 honore
484 1250 585 1318 sancti
601 1248 786 1318 Michalrelis
803 1249 982 1332 archangeli
1004 1256 1036 1317 et
1053 1249 1154 1316 sancti
1169 1248 1331 1317 Benedicti
1355 1248 1476 1315 abbatis

302 1373 337 1435 et
358 1366 471 1453 opibus
501 1370 596 1453 atque
622 1370 736 1431 ornatu
764 1363 957 1433 sufficienter
979 1365 1101 1431 ditavit
1198 1361 1275 1431 His¹
1296 1364 1399 1431 tribus
1428 1383 1477 1445 ec·

302 1482 407 1551 olesiis
423 1488 535 1571 postea
548 1501 606 1568 per
621 1480 829 1567 Guntterom,
849 1481 989 1549 eiusdem
1002 1479 1267 1565 Babinbergonsis
1282 1480 1367 1547 sedis
1384 1498 1477 1565 quar-

303 1604 370 1667 tum
393 1598 583 1685 praesulem,
607 1602 640 1665 et
660 1616 719 1683 per
732 1595 939 1679 Reginoldum
962 1595 1118 1681 quendem
1134 1596 1236 1662 virum
1260 1594 1400 1663 nobilem
1424 1594 1477 1661 ad·

303 1714 371 1781 dita
393 1719 442 1781 est
463 1718 577 1798 quarta
599 1712 730 1795 ecclesia
752 1712 785 1777 in
810 1712 928 1779 honore
950 1716 1058 1777 sancte
1073 1708 1192 1777 Mariae
1215 1710 1326 1777 matris
1347 1708 1477 1775 Domini

304 1835 338 1897 et
358 1829 459 1897 sancti
475 1826 616 1913 Gengolfi
641 1827 782 1895 martiris
807 1831 898 1893 exuo
920 1827 1030 1894 urbem
1046 1848 1155 1893 versus
1179 1826 1330 1893 orientem
1356 1826 1389 1891 in
1409 1825 1476 1892 loco

305 1945 443 2011 Tierstat
464 1944 523 2011 sub
546 1942 655 2009 ordine
679 1948 713 2008 et
733 1942 928 2027 professione
951 1942 1111 2009 senonim
1201 1941 1347 2027 Denique
1368 1946 1477 2007 sextm

304 2060 374 2129 eius
388 2060 472 2127 sedis
487 2059 655 2145 opiscopus
670 2057 889 2124 Heremannus
906 2063 997 2123 extra
1011 2057 1120 2124 urbem
1138 2076 1247 2123 versus
1265 2056 1477 2124 oooidentem‘

303 2175 338 2241 in
361 2174 480 2241 honore
508 2173 609 2241 sancti
631 2172 738 2239 Iacobi
760 2172 895 2258 apostoli
920 2171 977 2237 lilii
999 2172 1134 2239 Zebedei
1157 2172 1320 2256 ecelesiam
1346 2172 1406 2239 sub
1430 2192 1478 2239 or·

304 2290 379 2357 diue
406 2289 556 2356 canonico
584 2288 735 2355 iniciavit
777 2286 868 2355 Hanc
891 2288 965 2355 Otto
994 2286 1149 2371 humssisf,
1179 2294 1308 2355 octavus
1338 2288 1477 2355 eiusdem

305 2405 389 2474 sedis
412 2404 588 2493 episeopus,
612 2407 801 2490 cooperante
822 2402 1006 2470 Eberhardo
1030 2404 1221 2490 praeposito,
1248 2404 1479 2472 consummarit

305 2527 338 2590 et
352 2521 510 2590 dedicarit
522 2541 561 2588 ao
575 2521 690 2606 stipem
713 2519 918 2604 ordinemque
938 2519 1004 2587 illio
1018 2519 1086 2586 Deo
1108 2521 1313 2588 servientium
1331 2520 1479 2588 decenter

305 2637 471 2725 disposuit.
569 2634 621 2703 Sic
648 2635 735 2702 locus
763 2633 1029 2722 Bubinbergeusis
1058 2633 1198 2720 ecclesiis
1226 2640 1259 2702 st
1293 2635 1480 2721 patrociniis

305 2758 486 2822 sanctorum
507 2751 542 2819 in
564 2751 691 2818 modum
708 2751 810 2818 ortcis
833 2749 971 2836 undique
994 2751 1134 2818 munitus
1150 2750 1275 2818 Christo
1290 2751 1363 2818 Iesu
1379 2752 1480 2818 cruci-

304 2869 368 2936 fixo
391 2867 597 2936 cottidianum
621 2871 653 2932 et
674 2864 818 2934 sedulum
841 2864 979 2933 celebrat
1008 2863 1145 2932 officium
1169 2872 1201 2934 et
1226 2867 1393 2936 seruitium
1423 2887 1479 2954 pro

234 3008 237 3012 ·
305 2984 411 3070 primo
438 3003 496 3050 suo
523 2981 707 3063 fundatore,
741 2980 890 3048 Heinrico
919 2981 1071 3068 secundo,
1102 2981 1294 3068 imperatore
1322 2983 1480 3067 piissimo,

305 3099 436 3182 eiusque
457 3097 714 3183 cooperatoribus
735 3101 769 3162 et
791 3097 1022 3162 suecessoribus
1039 3095 1088 3164 vel
1104 3098 1398 3181 augmentatoribus
1415 3119 1481 3165 om·

305 3213 408 3278 nibus.
449 3210 493 3278 Et
516 3217 551 3278 ut
572 3211 650 3278 inibi
681 3211 890 3278 militantibus
913 3211 1049 3278 Domino
1079 3213 1181 3278 nidor
1202 3214 1421 3299 tranquillitas
1452 3221 1483 3282 et

306 3327 459 3396 securitas
483 3347 520 3395 ac
545 3327 724 3394 reverentia
746 3325 786 3392 ad
813 3326 1053 3414 supplicandum
1077 3326 1145 3394 Deo
1168 3335 1365 3414 perseveret,
1389 3351 1483 3416 prae

306 3445 390 3511 dicte
413 3443 549 3529 quinque
572 3442 722 3527 ecclesiae
745 3443 791 3509 sio
814 3448 888 3509 sunt
909 3441 1019 3527 locate,
1042 3448 1079 3509 ut
1099 3444 1165 3511 fere
1182 3442 1221 3510 ab
1238 3445 1324 3511 omni
1345 3447 1483 3532 strepitu

308 3565 340 3627 et
372 3557 510 3626 tumultu
542 3559 661 3625 forensi
694 3579 732 3624 ao
765 3555 912 3644 populari
946 3557 1011 3624 sint
1048 3559 1267 3628 decentissime
1306 3567 1482 3644 segregate.

307 3674 395 3743 Obiit
417 3680 523 3745 autem
545 3675 600 3740 ille
622 3673 754 3741 dilectus
777 3673 846 3740 Deo
871 3678 903 3740 et
930 3673 1109 3742 hominibus
1132 3674 1300 3742 Heinricus
1323 3677 1483 3744 secundus

307 3791 490 3877 imperator,
513 3789 602 3855 cuius
618 3790 772 3856 memoris
786 3807 912 3876 semper
926 3789 959 3854 in
977 3788 1192 3856 benedictione
1208 3795 1266 3874 est,
1290 3811 1375 3858 auno
1391 3793 1483 3876 regni

308 3906 358 3972 sui
374 3906 428 3989 24,
451 3905 578 3991 imperii
596 3906 646 3988 ll,
669 3905 735 3970 rite
749 3905 804 3988 52,
826 3905 847 3968 2
864 3903 935 3969 Idus
950 3903 1036 3986 Iulii3
1061 3911 1093 3970 et
1109 3905 1250 3992 sepultus
1265 3911 1315 3972 est
1336 3907 1370 3972 in
1387 3908 1483 3973 domo

307 4021 411 4086 sanai
424 4017 511 4086 Petri
534 4025 568 4086 et
580 4019 682 4086 sancti
696 4017 825 4101 (tegorii
847 4020 998 4105 martyris
1022 4023 1094 4086 aute
1118 4020 1218 4088 altore
1240 4028 1350 4089 sancte
1365 4022 1481 4089 erucis

423 4134 430 4146 '
492 4134 497 4146 '
907 4134 1029 4182 usraedd
1030 4137 1069 4182 ute
1087 4135 1112 4182 T.
1205 4135 1228 4182 d.
1252 4139 1339 4182 mator
1328 4149 1482 4196 rpsupm

307 4329 502 4434 scutatus·
494 4393 522 4431 ιιι
534 4375 617 4433 Vitae
634 4377 754 4433 Heinriei
771 4376 824 4432 lI'
817 4391 882 4446 imp
901 4379 1012 4448 caput'l
1032 4378 1115 4446 (uon.
1127 4377 1219 4435 Germ.
1232 4377 1282 4435 SS.
1294 4379 1335 4436 1v
1349 4379 1420 4447 794).
