<?xml version="1.0" encoding="UTF-8"?>
<!DOCTYPE html PUBLIC "-//W3C//DTD XHTML 1.0 Transitional//EN"
    "http://www.w3.org/TR/xhtml1/DTD/xhtml1-transitional.dtd">
<html xmlns="http://www.w3.org/1999/xhtml" xml:lang="en" lang="en">
 <head>
  <title>
</title>
<meta http-equiv="Content-Type" content="text/html;charset=utf-8" />
  <meta name='ocr-system' content='tesseract 3.04.00' />
  <meta name='ocr-capabilities' content='ocr_page ocr_carea ocr_par ocr_line ocrx_word'/>
</head>
<body>
  <div class='ocr_page' id='page_1' title='image "./bibliothecareru06jaffgoog_0824.png"; bbox 0 0 3142 4850; ppageno 0'>
   <div class='ocr_carea' id='block_1_1' title="bbox 347 321 1257 387">
    <p class='ocr_par' dir='ltr' id='par_1_1' title="bbox 347 321 1257 387">
     <span class='ocr_line' id='line_1_1' title="bbox 347 321 1257 387; baseline 0 -2"><span class='ocrx_word' id='word_1_1' title='bbox 347 338 526 387; x_wconf 82' lang='lat' dir='ltr'><strong>unuaoanr</strong></span> <span class='ocrx_word' id='word_1_2' title='bbox 549 337 728 387; x_wconf 75' lang='lat' dir='ltr'><strong>orauocus.</strong></span> <span class='ocrx_word' id='word_1_3' title='bbox 765 339 830 385; x_wconf 80' lang='lat' dir='ltr'><strong>ura.</strong></span> <span class='ocrx_word' id='word_1_4' title='bbox 847 338 885 384; x_wconf 94' lang='grc' dir='ltr'><strong>ιιι</strong></span> <span class='ocrx_word' id='word_1_5' title='bbox 911 336 950 385; x_wconf 83' lang='grc'><strong>14.</strong></span> <span class='ocrx_word' id='word_1_6' title='bbox 966 335 997 386; x_wconf 83' lang='lat' dir='ltr'><strong>ro</strong></span> <span class='ocrx_word' id='word_1_7' title='bbox 1192 321 1257 385; x_wconf 82' lang='lat'><strong>809</strong></span> 
     </span>
    </p>
   </div>
   <div class='ocr_carea' id='block_1_2' title="bbox 8 497 1457 4519">
    <p class='ocr_par' dir='ltr' id='par_1_2' title="bbox 84 497 1345 2676">
     <span class='ocr_line' id='line_1_2' title="bbox 84 497 1345 567; baseline 0.002 -1"><span class='ocrx_word' id='word_1_8' title='bbox 84 500 227 566; x_wconf 84' lang='lat' dir='ltr'><strong>infideles</strong></span> <span class='ocrx_word' id='word_1_9' title='bbox 252 504 356 566; x_wconf 89' lang='lat' dir='ltr'><strong>autem</strong></span> <span class='ocrx_word' id='word_1_10' title='bbox 379 497 597 565; x_wconf 78' lang='lat' dir='ltr'><strong>turbabantur.</strong></span> <span class='ocrx_word' id='word_1_11' title='bbox 632 498 693 564; x_wconf 92' lang='lat' dir='ltr'><strong>Pre</strong></span> <span class='ocrx_word' id='word_1_12' title='bbox 717 498 861 565; x_wconf 90' lang='lat' dir='ltr'><strong>omnibns</strong></span> <span class='ocrx_word' id='word_1_13' title='bbox 886 503 990 564; x_wconf 76' lang='lat' dir='ltr'><strong>summ</strong></span> <span class='ocrx_word' id='word_1_14' title='bbox 1009 499 1138 565; x_wconf 81' lang='lat' dir='ltr'><strong>nefandi</strong></span> <span class='ocrx_word' id='word_1_15' title='bbox 1153 519 1257 565; x_wconf 87' lang='lat' dir='ltr'><strong>sacer-</strong></span> <span class='ocrx_word' id='word_1_16' title='bbox 1279 514 1345 567; x_wconf 79' lang='grc'><strong>1121</strong></span> 
     </span>
     <span class='ocr_line' id='line_1_3' title="bbox 86 614 1257 697; baseline -0.001 -15"><span class='ocrx_word' id='word_1_17' title='bbox 86 616 176 682; x_wconf 89' lang='lat' dir='ltr'><strong>dotes</strong></span> <span class='ocrx_word' id='word_1_18' title='bbox 199 616 304 682; x_wconf 88' lang='lat' dir='ltr'><strong>furere</strong></span> <span class='ocrx_word' id='word_1_19' title='bbox 327 620 360 682; x_wconf 92' lang='grc'><strong>11</strong></span> <span class='ocrx_word' id='word_1_20' title='bbox 381 616 517 681; x_wconf 78' lang='lat' dir='ltr'><strong>furorem</strong></span> <span class='ocrx_word' id='word_1_21' title='bbox 541 616 575 680; x_wconf 92' lang='lat' dir='ltr'><strong>in</strong></span> <span class='ocrx_word' id='word_1_22' title='bbox 598 614 690 681; x_wconf 90' lang='lat' dir='ltr'><strong>turba</strong></span> <span class='ocrx_word' id='word_1_23' title='bbox 711 614 850 680; x_wconf 83' lang='lat' dir='ltr'><strong>excitare</strong></span> <span class='ocrx_word' id='word_1_24' title='bbox 865 614 1026 697; x_wconf 88' lang='lat' dir='ltr'><strong>festinant,</strong></span> <span class='ocrx_word' id='word_1_25' title='bbox 1050 615 1128 682; x_wconf 86' lang='lat' dir='ltr'><strong>adeo</strong></span> <span class='ocrx_word' id='word_1_26' title='bbox 1142 619 1179 680; x_wconf 91' lang='lat' dir='ltr'><strong>nt</strong></span> <span class='ocrx_word' id='word_1_27' title='bbox 1194 615 1257 681; x_wconf 91' lang='lat' dir='ltr'><strong>ccl·</strong></span> 
     </span>
     <span class='ocr_line' id='line_1_4' title="bbox 84 730 1258 815; baseline 0 -18"><span class='ocrx_word' id='word_1_28' title='bbox 84 731 167 799; x_wconf 90' lang='lat' dir='ltr'><strong>lecta</strong></span> <span class='ocrx_word' id='word_1_29' title='bbox 193 752 289 798; x_wconf 91' lang='lat' dir='ltr'><strong>manu</strong></span> <span class='ocrx_word' id='word_1_30' title='bbox 313 736 504 799; x_wconf 85' lang='lat' dir='ltr'><strong>armatorum</strong></span> <span class='ocrx_word' id='word_1_31' title='bbox 529 730 693 797; x_wconf 87' lang='lat' dir='ltr'><strong>ecclesiam</strong></span> <span class='ocrx_word' id='word_1_32' title='bbox 716 730 854 815; x_wconf 89' lang='lat' dir='ltr'><strong>undique</strong></span> <span class='ocrx_word' id='word_1_33' title='bbox 877 731 1039 813; x_wconf 76' lang='lat' dir='ltr'>cingerent</span> <span class='ocrx_word' id='word_1_34' title='bbox 1062 736 1108 815; x_wconf 88' lang='lat' dir='ltr'><strong>et,</strong></span> <span class='ocrx_word' id='word_1_35' title='bbox 1137 732 1258 797; x_wconf 91' lang='lat' dir='ltr'><strong>insanis</strong></span> 
     </span>
     <span class='ocr_line' id='line_1_5' title="bbox 85 845 1259 933; baseline 0 -20"><span class='ocrx_word' id='word_1_36' title='bbox 85 848 274 915; x_wconf 79' lang='lat' dir='ltr'><strong>tumultibus</strong></span> <span class='ocrx_word' id='word_1_37' title='bbox 298 847 517 931; x_wconf 74' lang='lat' dir='ltr'><strong>debachantes,</strong></span> <span class='ocrx_word' id='word_1_38' title='bbox 542 846 630 913; x_wconf 89' lang='lat' dir='ltr'><strong>edem</strong></span> <span class='ocrx_word' id='word_1_39' title='bbox 654 848 756 933; x_wconf 87' lang='lat' dir='ltr'><strong>ipsam</strong></span> <span class='ocrx_word' id='word_1_40' title='bbox 776 845 1012 913; x_wconf 81' lang='lat' dir='ltr'><strong>convellendam</strong></span> <span class='ocrx_word' id='word_1_41' title='bbox 1031 854 1063 914; x_wconf 88' lang='lat' dir='ltr'><strong>et</strong></span> <span class='ocrx_word' id='word_1_42' title='bbox 1079 866 1188 913; x_wconf 89' lang='lat' dir='ltr'><strong>omnes</strong></span> <span class='ocrx_word' id='word_1_43' title='bbox 1204 848 1259 933; x_wconf 90' lang='lat' dir='ltr'><strong>qni</strong></span> 
     </span>
     <span class='ocr_line' id='line_1_6' title="bbox 86 960 1259 1049; baseline 0 -20"><span class='ocrx_word' id='word_1_44' title='bbox 86 968 178 1029; x_wconf 86' lang='lat' dir='ltr'><strong>erant</strong></span> <span class='ocrx_word' id='word_1_45' title='bbox 205 964 251 1029; x_wconf 96' lang='lat' dir='ltr'><strong>ibi</strong></span> <span class='ocrx_word' id='word_1_46' title='bbox 273 982 428 1029; x_wconf 89' lang='lat' dir='ltr'><strong>unacum</strong></span> <span class='ocrx_word' id='word_1_47' title='bbox 454 963 604 1045; x_wconf 79' lang='lat' dir='ltr'><strong>inagistro</strong></span> <span class='ocrx_word' id='word_1_48' title='bbox 627 960 860 1028; x_wconf 85' lang='lat' dir='ltr'><strong>interficiendos</strong></span> <span class='ocrx_word' id='word_1_49' title='bbox 883 962 1092 1030; x_wconf 79' lang='lat' dir='ltr'><strong>clamitarent</strong></span> <span class='ocrx_word' id='word_1_50' title='bbox 1127 962 1259 1049; x_wconf 89' lang='lat' dir='ltr'><strong>Episco-</strong></span> 
     </span>
     <span class='ocr_line' id='line_1_7' title="bbox 86 1077 1258 1165; baseline 0.001 -21"><span class='ocrx_word' id='word_1_51' title='bbox 86 1098 147 1165; x_wconf 90' lang='lat' dir='ltr'><strong>pus</strong></span> <span class='ocrx_word' id='word_1_52' title='bbox 170 1098 260 1163; x_wconf 83' lang='lat' dir='ltr'><strong>uero,</strong></span> <span class='ocrx_word' id='word_1_53' title='bbox 284 1079 419 1144; x_wconf 88' lang='lat' dir='ltr'><strong>martirii</strong></span> <span class='ocrx_word' id='word_1_54' title='bbox 444 1078 569 1161; x_wconf 79' lang='lat' dir='ltr'><strong>avidus,</strong></span> <span class='ocrx_word' id='word_1_55' title='bbox 594 1077 825 1165; x_wconf 86' lang='lat' dir='ltr'><strong>pontificalibus</strong></span> <span class='ocrx_word' id='word_1_56' title='bbox 848 1099 882 1144; x_wconf 90' lang='lat' dir='ltr'><strong>se</strong></span> <span class='ocrx_word' id='word_1_57' title='bbox 905 1079 1054 1163; x_wconf 89' lang='lat' dir='ltr'><strong>induens,</strong></span> <span class='ocrx_word' id='word_1_58' title='bbox 1079 1099 1169 1145; x_wconf 91' lang='lat' dir='ltr'><strong>arma</strong></span> <span class='ocrx_word' id='word_1_59' title='bbox 1190 1100 1258 1163; x_wconf 87' lang='lat' dir='ltr'><strong>sua,</strong></span> 
     </span>
     <span class='ocr_line' id='line_1_8' title="bbox 87 1192 1259 1281; baseline 0.001 -22"><span class='ocrx_word' id='word_1_60' title='bbox 87 1212 210 1260; x_wconf 87' lang='lat' dir='ltr'><strong>crucem</strong></span> <span class='ocrx_word' id='word_1_61' title='bbox 239 1193 323 1260; x_wconf 90' lang='lat' dir='ltr'><strong>tollit</strong></span> <span class='ocrx_word' id='word_1_62' title='bbox 350 1200 382 1261; x_wconf 87' lang='lat' dir='ltr'><strong>et</strong></span> <span class='ocrx_word' id='word_1_63' title='bbox 409 1193 575 1279; x_wconf 84' lang='lat' dir='ltr'><strong>reliquias3</strong></span> <span class='ocrx_word' id='word_1_64' title='bbox 605 1192 807 1281; x_wconf 78' lang='lat' dir='ltr'><strong>psalmosque</strong></span> <span class='ocrx_word' id='word_1_65' title='bbox 837 1214 873 1260; x_wconf 92' lang='lat' dir='ltr'><strong>ac</strong></span> <span class='ocrx_word' id='word_1_66' title='bbox 895 1214 1008 1281; x_wconf 81' lang='lat' dir='ltr'><strong>ymnos</strong></span> <span class='ocrx_word' id='word_1_67' title='bbox 1036 1214 1106 1261; x_wconf 92' lang='lat' dir='ltr'><strong>cum</strong></span> <span class='ocrx_word' id='word_1_68' title='bbox 1137 1194 1259 1261; x_wconf 87' lang='lat' dir='ltr'><strong>clericis</strong></span> 
     </span>
     <span class='ocr_line' id='line_1_9' title="bbox 86 1310 1258 1396; baseline 0 -20"><span class='ocrx_word' id='word_1_69' title='bbox 86 1328 276 1396; x_wconf 82' lang='lat' dir='ltr'><strong>personans,</strong></span> <span class='ocrx_word' id='word_1_70' title='bbox 307 1330 438 1394; x_wconf 57' lang='lat' dir='ltr'><strong>monem</strong></span> <span class='ocrx_word' id='word_1_71' title='bbox 469 1330 559 1377; x_wconf 89' lang='lat' dir='ltr'><strong>sunm</strong></span> <span class='ocrx_word' id='word_1_72' title='bbox 582 1310 718 1376; x_wconf 88' lang='lat' dir='ltr'><strong>Domino</strong></span> <span class='ocrx_word' id='word_1_73' title='bbox 745 1310 994 1377; x_wconf 78' lang='lat' dir='ltr'><strong>commendabat</strong></span> <span class='ocrx_word' id='word_1_74' title='bbox 1029 1310 1162 1377; x_wconf 87' lang='lat' dir='ltr'><strong>Barbari</strong></span> <span class='ocrx_word' id='word_1_75' title='bbox 1184 1330 1258 1376; x_wconf 86' lang='lat' dir='ltr'><strong>vero</strong></span> 
     </span>
     <span class='ocr_line' id='line_1_10' title="bbox 88 1425 1259 1511; baseline 0.002 -20"><span class='ocrx_word' id='word_1_76' title='bbox 88 1426 195 1491; x_wconf 88' lang='lat' dir='ltr'><strong>audito</strong></span> <span class='ocrx_word' id='word_1_77' title='bbox 226 1431 320 1492; x_wconf 88' lang='lat' dir='ltr'><strong>cantu</strong></span> <span class='ocrx_word' id='word_1_78' title='bbox 349 1428 455 1493; x_wconf 89' lang='lat' dir='ltr'><strong>mirati</strong></span> <span class='ocrx_word' id='word_1_79' title='bbox 483 1432 557 1493; x_wconf 89' lang='lat' dir='ltr'><strong>sunt</strong></span> <span class='ocrx_word' id='word_1_80' title='bbox 580 1426 688 1510; x_wconf 86' lang='lat' dir='ltr'><strong>valde,</strong></span> <span class='ocrx_word' id='word_1_81' title='bbox 716 1426 800 1511; x_wconf 92' lang='lat' dir='ltr'><strong>quod</strong></span> <span class='ocrx_word' id='word_1_82' title='bbox 823 1428 914 1511; x_wconf 88' lang='lat' dir='ltr'><strong>qnasi</strong></span> <span class='ocrx_word' id='word_1_83' title='bbox 936 1428 971 1491; x_wconf 94' lang='lat' dir='ltr'><strong>in</strong></span> <span class='ocrx_word' id='word_1_84' title='bbox 993 1425 1124 1493; x_wconf 86' lang='lat' dir='ltr'><strong>articulo</strong></span> <span class='ocrx_word' id='word_1_85' title='bbox 1147 1426 1259 1493; x_wconf 82' lang='lat' dir='ltr'><strong>mortis</strong></span> 
     </span>
     <span class='ocr_line' id='line_1_11' title="bbox 87 1542 1258 1629; baseline 0.002 -22"><span class='ocrx_word' id='word_1_86' title='bbox 87 1542 184 1627; x_wconf 91' lang='lat' dir='ltr'><strong>positi</strong></span> <span class='ocrx_word' id='word_1_87' title='bbox 208 1548 336 1609; x_wconf 86' lang='lat' dir='ltr'><strong>cantare</strong></span> <span class='ocrx_word' id='word_1_88' title='bbox 358 1543 544 1629; x_wconf 86' lang='lat' dir='ltr'><strong>potuissent</strong></span> <span class='ocrx_word' id='word_1_89' title='bbox 580 1542 623 1608; x_wconf 87' lang='lat' dir='ltr'><strong>Et</strong></span> <span class='ocrx_word' id='word_1_90' title='bbox 645 1544 858 1610; x_wconf 82' lang='lat' dir='ltr'><strong>auscultantes</strong></span> <span class='ocrx_word' id='word_1_91' title='bbox 880 1548 1052 1628; x_wconf 90' lang='lat' dir='ltr'><strong>mutuoque</strong></span> <span class='ocrx_word' id='word_1_92' title='bbox 1074 1542 1258 1609; x_wconf 85' lang='lat' dir='ltr'><strong>seinvicem</strong></span> 
     </span>
     <span class='ocr_line' id='line_1_12' title="bbox 87 1658 1260 1745; baseline 0.001 -21"><span class='ocrx_word' id='word_1_93' title='bbox 87 1659 309 1745; x_wconf 86' lang='lat' dir='ltr'><strong>respicientes,</strong></span> <span class='ocrx_word' id='word_1_94' title='bbox 338 1658 453 1725; x_wconf 88' lang='lat' dir='ltr'><strong>virtute</strong></span> <span class='ocrx_word' id='word_1_95' title='bbox 476 1665 512 1725; x_wconf 92' lang='lat' dir='ltr'><strong>ut</strong></span> <span class='ocrx_word' id='word_1_96' title='bbox 535 1665 610 1745; x_wconf 88' lang='lat' dir='ltr'><strong>puto</strong></span> <span class='ocrx_word' id='word_1_97' title='bbox 634 1660 801 1727; x_wconf 82' lang='lat' dir='ltr'><strong>verborum</strong></span> <span class='ocrx_word' id='word_1_98' title='bbox 824 1660 995 1742; x_wconf 89' lang='lat' dir='ltr'><strong>incantati,</strong></span> <span class='ocrx_word' id='word_1_99' title='bbox 1018 1658 1202 1726; x_wconf 88' lang='lat' dir='ltr'><strong>clementius</strong></span> <span class='ocrx_word' id='word_1_100' title='bbox 1225 1679 1260 1725; x_wconf 90' lang='lat' dir='ltr'><strong>se</strong></span> 
     </span>
     <span class='ocr_line' id='line_1_13' title="bbox 87 1774 1259 1861; baseline 0 -21"><span class='ocrx_word' id='word_1_101' title='bbox 87 1774 203 1841; x_wconf 82' lang='lat' dir='ltr'><strong>habere</strong></span> <span class='ocrx_word' id='word_1_102' title='bbox 231 1781 401 1861; x_wconf 81' lang='lat' dir='ltr'><strong>ceperunt3</strong></span> <span class='ocrx_word' id='word_1_103' title='bbox 431 1781 463 1842; x_wconf 92' lang='grc'><strong>11</strong></span> <span class='ocrx_word' id='word_1_104' title='bbox 490 1777 553 1841; x_wconf 91' lang='lat' dir='ltr'><strong>iam</strong></span> <span class='ocrx_word' id='word_1_105' title='bbox 582 1796 645 1842; x_wconf 92' lang='lat' dir='ltr'><strong>non</strong></span> <span class='ocrx_word' id='word_1_106' title='bbox 669 1775 788 1843; x_wconf 88' lang='lat' dir='ltr'><strong>viribus</strong></span> <span class='ocrx_word' id='word_1_107' title='bbox 816 1776 871 1842; x_wconf 89' lang='lat' dir='ltr'><strong>sed</strong></span> <span class='ocrx_word' id='word_1_108' title='bbox 899 1775 1022 1842; x_wconf 88' lang='lat' dir='ltr'><strong>ratione</strong></span> <span class='ocrx_word' id='word_1_109' title='bbox 1049 1775 1151 1858; x_wconf 79' lang='lat' dir='ltr'><strong>magis</strong></span> <span class='ocrx_word' id='word_1_110' title='bbox 1180 1795 1259 1860; x_wconf 94' lang='lat' dir='ltr'><strong>opus</strong></span> 
     </span>
     <span class='ocr_line' id='line_1_14' title="bbox 87 1889 1259 1978; baseline 0 -22"><span class='ocrx_word' id='word_1_111' title='bbox 87 1910 157 1957; x_wconf 89' lang='lat' dir='ltr'><strong>esse</strong></span> <span class='ocrx_word' id='word_1_112' title='bbox 187 1890 334 1957; x_wconf 88' lang='lat' dir='ltr'><strong>dicebant</strong></span> <span class='ocrx_word' id='word_1_113' title='bbox 360 1891 399 1957; x_wconf 91' lang='lat' dir='ltr'><strong>ad</strong></span> <span class='ocrx_word' id='word_1_114' title='bbox 422 1891 500 1957; x_wconf 88' lang='lat' dir='ltr'><strong>talia</strong></span> <span class='ocrx_word' id='word_1_115' title='bbox 523 1892 703 1978; x_wconf 87' lang='lat' dir='ltr'><strong>recipienda</strong></span> <span class='ocrx_word' id='word_1_116' title='bbox 727 1892 775 1959; x_wconf 86' lang='lat' dir='ltr'><strong>vel</strong></span> <span class='ocrx_word' id='word_1_117' title='bbox 798 1892 894 1958; x_wconf 88' lang='lat' dir='ltr'><strong>etiam</strong></span> <span class='ocrx_word' id='word_1_118' title='bbox 918 1890 1140 1978; x_wconf 84' lang='lat' dir='ltr'><strong>propulsanda</strong></span> <span class='ocrx_word' id='word_1_119' title='bbox 1177 1889 1259 1957; x_wconf 90' lang='lat' dir='ltr'><strong>Dein</strong></span> 
     </span>
     <span class='ocr_line' id='line_1_15' title="bbox 87 2007 1259 2094; baseline 0.002 -23"><span class='ocrx_word' id='word_1_120' title='bbox 87 2007 295 2092; x_wconf 87' lang='lat' dir='ltr'><strong>sapientiores</strong></span> <span class='ocrx_word' id='word_1_121' title='bbox 326 2007 442 2092; x_wconf 88' lang='lat' dir='ltr'><strong>quique</strong></span> <span class='ocrx_word' id='word_1_122' title='bbox 471 2008 642 2093; x_wconf 91' lang='lat' dir='ltr'><strong>superbis</strong></span> <span class='ocrx_word' id='word_1_123' title='bbox 671 2007 763 2074; x_wconf 88' lang='lat' dir='ltr'><strong>rebus</strong></span> <span class='ocrx_word' id='word_1_124' title='bbox 792 2010 879 2094; x_wconf 91' lang='lat' dir='ltr'><strong>ipsos</strong></span> <span class='ocrx_word' id='word_1_125' title='bbox 907 2007 1085 2075; x_wconf 87' lang='lat' dir='ltr'><strong>sacerdotes</strong></span> <span class='ocrx_word' id='word_1_126' title='bbox 1109 2007 1259 2074; x_wconf 83' lang='lat' dir='ltr'><strong>secretius</strong></span> 
     </span>
     <span class='ocr_line' id='line_1_16' title="bbox 88 2120 1260 2208; baseline 0.002 -20"><span class='ocrx_word' id='word_1_127' title='bbox 88 2124 293 2207; x_wconf 86' lang='lat' dir='ltr'><strong>conveniunt,</strong></span> <span class='ocrx_word' id='word_1_128' title='bbox 323 2124 463 2208; x_wconf 90' lang='lat' dir='ltr'><strong>ipsorum</strong></span> <span class='ocrx_word' id='word_1_129' title='bbox 492 2144 560 2191; x_wconf 90' lang='lat' dir='ltr'><strong>esse</strong></span> <span class='ocrx_word' id='word_1_130' title='bbox 584 2124 737 2191; x_wconf 89' lang='lat' dir='ltr'><strong>dicentes:</strong></span> <span class='ocrx_word' id='word_1_131' title='bbox 767 2125 914 2208; x_wconf 73' lang='lat' dir='ltr'><strong>congruis</strong></span> <span class='ocrx_word' id='word_1_132' title='bbox 936 2124 1111 2190; x_wconf 88' lang='lat' dir='ltr'><strong>rationibus</strong></span> <span class='ocrx_word' id='word_1_133' title='bbox 1135 2120 1260 2207; x_wconf 79' lang='lat' dir='ltr'><strong>r&#39;eligio·</strong></span> 
     </span>
     <span class='ocr_line' id='line_1_17' title="bbox 88 2240 1260 2327; baseline 0.001 -23"><span class='ocrx_word' id='word_1_134' title='bbox 88 2258 160 2305; x_wconf 89' lang='lat' dir='ltr'><strong>nem</strong></span> <span class='ocrx_word' id='word_1_135' title='bbox 189 2258 278 2305; x_wconf 89' lang='lat' dir='ltr'><strong>snam</strong></span> <span class='ocrx_word' id='word_1_136' title='bbox 302 2240 478 2305; x_wconf 86' lang='lat' dir='ltr'><strong>defendero.</strong></span> <span class='ocrx_word' id='word_1_137' title='bbox 512 2240 600 2307; x_wconf 86' lang='lat' dir='ltr'><strong>Talia</strong></span> <span class='ocrx_word' id='word_1_138' title='bbox 623 2240 705 2307; x_wconf 84' lang='lat' dir='ltr'><strong>inter</strong></span> <span class='ocrx_word' id='word_1_139' title='bbox 728 2261 762 2307; x_wconf 89' lang='lat' dir='ltr'><strong>se</strong></span> <span class='ocrx_word' id='word_1_140' title='bbox 784 2242 989 2324; x_wconf 87' lang='lat' dir='ltr'><strong>musitantes,</strong></span> <span class='ocrx_word' id='word_1_141' title='bbox 1019 2240 1172 2327; x_wconf 90' lang='lat' dir='ltr'><strong>paulatim</strong></span> <span class='ocrx_word' id='word_1_142' title='bbox 1195 2240 1260 2306; x_wconf 91' lang='lat' dir='ltr'><strong>sin·</strong></span> 
     </span>
     <span class='ocr_line' id='line_1_18' title="bbox 88 2354 1260 2445; baseline 0.003 -25"><span class='ocrx_word' id='word_1_143' title='bbox 88 2354 154 2439; x_wconf 86' lang='lat' dir='ltr'><strong>guli</strong></span> <span class='ocrx_word' id='word_1_144' title='bbox 184 2355 222 2420; x_wconf 90' lang='lat' dir='ltr'><strong>ad</strong></span> <span class='ocrx_word' id='word_1_145' title='bbox 249 2374 306 2421; x_wconf 90' lang='lat' dir='ltr'><strong>sna</strong></span> <span class='ocrx_word' id='word_1_146' title='bbox 329 2354 555 2439; x_wconf 86' lang='lat' dir='ltr'><strong>digrediuntur.</strong></span> <span class='ocrx_word' id='word_1_147' title='bbox 592 2356 671 2424; x_wconf 87' lang='lat' dir='ltr'><strong>Erat</strong></span> <span class='ocrx_word' id='word_1_148' title='bbox 687 2361 792 2424; x_wconf 90' lang='lat' dir='ltr'><strong>autem</strong></span> <span class='ocrx_word' id='word_1_149' title='bbox 809 2363 899 2424; x_wconf 86' lang='lat' dir='ltr'><strong>sexta</strong></span> <span class='ocrx_word' id='word_1_150' title='bbox 914 2358 1001 2424; x_wconf 89' lang='lat' dir='ltr'><strong>feria.</strong></span> <span class='ocrx_word' id='word_1_151' title='bbox 1036 2355 1079 2424; x_wconf 89' lang='lat' dir='ltr'><strong>Et</strong></span> <span class='ocrx_word' id='word_1_152' title='bbox 1094 2358 1260 2445; x_wconf 86' lang='lat' dir='ltr'><strong>episcopus</strong></span> 
     </span>
     <span class='ocr_line' id='line_1_19' title="bbox 88 2472 1260 2560; baseline 0.003 -22"><span class='ocrx_word' id='word_1_153' title='bbox 88 2492 161 2539; x_wconf 90' lang='lat' dir='ltr'><strong>cum</strong></span> <span class='ocrx_word' id='word_1_154' title='bbox 189 2474 254 2538; x_wconf 90' lang='lat' dir='ltr'><strong>suis</strong></span> <span class='ocrx_word' id='word_1_155' title='bbox 284 2473 339 2539; x_wconf 89' lang='lat' dir='ltr'><strong>illa</strong></span> <span class='ocrx_word' id='word_1_156' title='bbox 367 2473 417 2538; x_wconf 89' lang='lat' dir='ltr'><strong>die</strong></span> <span class='ocrx_word' id='word_1_157' title='bbox 448 2472 641 2558; x_wconf 85' lang='lat' dir='ltr'><strong>sabbatoque</strong></span> <span class='ocrx_word' id='word_1_158' title='bbox 669 2475 795 2540; x_wconf 91' lang='lat' dir='ltr'><strong>ieiuniis</strong></span> <span class='ocrx_word' id='word_1_159' title='bbox 825 2478 857 2539; x_wconf 89' lang='lat' dir='ltr'><strong>et</strong></span> <span class='ocrx_word' id='word_1_160' title='bbox 884 2474 1078 2540; x_wconf 87' lang='lat' dir='ltr'><strong>orationibus</strong></span> <span class='ocrx_word' id='word_1_161' title='bbox 1101 2475 1260 2560; x_wconf 89' lang='lat' dir='ltr'><strong>sacrisque</strong></span> 
     </span>
     <span class='ocr_line' id='line_1_20' title="bbox 87 2589 1193 2676; baseline 0.003 -22"><span class='ocrx_word' id='word_1_162' title='bbox 87 2589 345 2656; x_wconf 88' lang='lat' dir='ltr'><strong>meditationibus</strong></span> <span class='ocrx_word' id='word_1_163' title='bbox 369 2589 522 2674; x_wconf 88' lang='lat' dir='ltr'><strong>usquein</strong></span> <span class='ocrx_word' id='word_1_164' title='bbox 546 2589 734 2655; x_wconf 91' lang='lat' dir='ltr'><strong>dominicam</strong></span> <span class='ocrx_word' id='word_1_165' title='bbox 758 2591 913 2656; x_wconf 86' lang='lat' dir='ltr'><strong>intensius</strong></span> <span class='ocrx_word' id='word_1_166' title='bbox 936 2609 1065 2676; x_wconf 86' lang='lat' dir='ltr'><strong>operam</strong></span> <span class='ocrx_word' id='word_1_167' title='bbox 1088 2590 1193 2657; x_wconf 86' lang='lat' dir='ltr'><strong>dabat.</strong></span> 
     </span>
    </p>

    <p class='ocr_par' dir='ltr' id='par_1_3' title="bbox 86 2705 1457 3605">
     <span class='ocr_line' id='line_1_21' title="bbox 182 2705 1259 2790; baseline 0.004 -21"><span class='ocrx_word' id='word_1_168' title='bbox 182 2705 232 2770; x_wconf 82' lang='lat'><strong>15.</strong></span> <span class='ocrx_word' id='word_1_169' title='bbox 268 2705 392 2772; x_wconf 88' lang='lat' dir='ltr'><strong>Interea</strong></span> <span class='ocrx_word' id='word_1_170' title='bbox 419 2706 496 2771; x_wconf 86' lang='lat' dir='ltr'><strong>civis</strong></span> <span class='ocrx_word' id='word_1_171' title='bbox 520 2705 646 2790; x_wconf 88' lang='lat' dir='ltr'><strong>quidam</strong></span> <span class='ocrx_word' id='word_1_172' title='bbox 671 2705 786 2772; x_wconf 90' lang='lat' dir='ltr'><strong>nobilis</strong></span> <span class='ocrx_word' id='word_1_173' title='bbox 810 2705 950 2772; x_wconf 89' lang='lat' dir='ltr'><strong>eiusdem</strong></span> <span class='ocrx_word' id='word_1_174' title='bbox 973 2706 1110 2772; x_wconf 84' lang='lat' dir='ltr'><strong>civitatis</strong></span> <span class='ocrx_word' id='word_1_175' title='bbox 1124 2705 1259 2774; x_wconf 87' lang='lat' dir='ltr'><strong>Witsca·</strong></span> 
     </span>
     <span class='ocr_line' id='line_1_22' title="bbox 87 2821 1259 2908; baseline 0.002 -20"><span class='ocrx_word' id='word_1_176' title='bbox 87 2841 144 2888; x_wconf 90' lang='lat' dir='ltr'><strong>cus</strong></span> <span class='ocrx_word' id='word_1_177' title='bbox 167 2822 295 2888; x_wconf 88' lang='lat' dir='ltr'><strong>nomine</strong></span> <span class='ocrx_word' id='word_1_178' title='bbox 317 2822 349 2887; x_wconf 93' lang='lat' dir='ltr'><strong>in</strong></span> <span class='ocrx_word' id='word_1_179' title='bbox 373 2827 528 2888; x_wconf 85' lang='lat' dir='ltr'><strong>conventu</strong></span> <span class='ocrx_word' id='word_1_180' title='bbox 551 2821 675 2908; x_wconf 86' lang='lat' dir='ltr'><strong>populi,</strong></span> <span class='ocrx_word' id='word_1_181' title='bbox 698 2823 732 2886; x_wconf 91' lang='lat' dir='ltr'><strong>in</strong></span> <span class='ocrx_word' id='word_1_182' title='bbox 754 2822 868 2908; x_wconf 88' lang='lat' dir='ltr'><strong>plateis</strong></span> <span class='ocrx_word' id='word_1_183' title='bbox 892 2827 924 2888; x_wconf 92' lang='lat' dir='ltr'><strong>et</strong></span> <span class='ocrx_word' id='word_1_184' title='bbox 947 2822 1105 2906; x_wconf 85' lang='lat' dir='ltr'><strong>domibus,</strong></span> <span class='ocrx_word' id='word_1_185' title='bbox 1128 2823 1259 2890; x_wconf 88' lang='lat' dir='ltr'><strong>ubicun-</strong></span> 
     </span>
     <span class='ocr_line' id='line_1_23' title="bbox 88 2935 1258 3023; baseline 0.002 -20"><span class='ocrx_word' id='word_1_186' title='bbox 88 2957 151 3023; x_wconf 84' lang='lat' dir='ltr'><strong>que</strong></span> <span class='ocrx_word' id='word_1_187' title='bbox 180 2935 211 3003; x_wconf 85' lang='grc'><strong>11</strong></span> <span class='ocrx_word' id='word_1_188' title='bbox 239 2938 487 3022; x_wconf 89' lang='lat' dir='ltr'><strong>quandocunque</strong></span> <span class='ocrx_word' id='word_1_189' title='bbox 512 2937 695 3004; x_wconf 80' lang='lat' dir='ltr'><strong>facultatem</strong></span> <span class='ocrx_word' id='word_1_190' title='bbox 718 2937 844 3022; x_wconf 88' lang='lat' dir='ltr'><strong>habuit,</strong></span> <span class='ocrx_word' id='word_1_191' title='bbox 873 2957 1003 3021; x_wconf 86' lang='lat' dir='ltr'><strong>regnum</strong></span> <span class='ocrx_word' id='word_1_192' title='bbox 1028 2937 1088 3005; x_wconf 92' lang='lat' dir='ltr'><strong>Dei</strong></span> <span class='ocrx_word' id='word_1_193' title='bbox 1111 2944 1143 3004; x_wconf 89' lang='lat' dir='ltr'><strong>et</strong></span> <span class='ocrx_word' id='word_1_194' title='bbox 1164 2938 1258 3006; x_wconf 89' lang='lat' dir='ltr'><strong>fidem</strong></span> 
     </span>
     <span class='ocr_line' id='line_1_24' title="bbox 86 3053 1260 3142; baseline 0.002 -22"><span class='ocrx_word' id='word_1_195' title='bbox 86 3053 252 3142; x_wconf 89' lang='lat' dir='ltr'><strong>predicare</strong></span> <span class='ocrx_word' id='word_1_196' title='bbox 274 3073 337 3120; x_wconf 91' lang='lat' dir='ltr'><strong>non</strong></span> <span class='ocrx_word' id='word_1_197' title='bbox 361 3054 469 3136; x_wconf 88' lang='lat' dir='ltr'><strong>desiit;</strong></span> <span class='ocrx_word' id='word_1_198' title='bbox 493 3053 681 3120; x_wconf 85' lang='lat' dir='ltr'><strong>christianas</strong></span> <span class='ocrx_word' id='word_1_199' title='bbox 704 3053 889 3120; x_wconf 85' lang='lat' dir='ltr'><strong>traditiones</strong></span> <span class='ocrx_word' id='word_1_200' title='bbox 904 3060 937 3121; x_wconf 88' lang='lat' dir='ltr'><strong>et</strong></span> <span class='ocrx_word' id='word_1_201' title='bbox 952 3055 1058 3120; x_wconf 91' lang='lat' dir='ltr'><strong>omnia</strong></span> <span class='ocrx_word' id='word_1_202' title='bbox 1072 3055 1260 3122; x_wconf 88' lang='lat' dir='ltr'><strong>documenta</strong></span> 
     </span>
     <span class='ocr_line' id='line_1_25' title="bbox 86 3170 1260 3256; baseline 0.001 -19"><span class='ocrx_word' id='word_1_203' title='bbox 86 3170 230 3256; x_wconf 89' lang='lat' dir='ltr'><strong>episcopi</strong></span> <span class='ocrx_word' id='word_1_204' title='bbox 258 3176 395 3236; x_wconf 87' lang='lat' dir='ltr'><strong>sanast</strong></span> <span class='ocrx_word' id='word_1_205' title='bbox 424 3175 534 3236; x_wconf 88' lang='lat' dir='ltr'><strong>sancta</strong></span> <span class='ocrx_word' id='word_1_206' title='bbox 562 3175 594 3236; x_wconf 91' lang='lat' dir='ltr'><strong>et</strong></span> <span class='ocrx_word' id='word_1_207' title='bbox 621 3171 762 3238; x_wconf 86' lang='lat' dir='ltr'><strong>veritatis</strong></span> <span class='ocrx_word' id='word_1_208' title='bbox 792 3170 887 3256; x_wconf 85' lang='lat' dir='ltr'><strong>plena</strong></span> <span class='ocrx_word' id='word_1_209' title='bbox 913 3175 1102 3237; x_wconf 87' lang='lat' dir='ltr'><strong>contestans.</strong></span> <span class='ocrx_word' id='word_1_210' title='bbox 1198 3171 1260 3238; x_wconf 90' lang='lat' dir='ltr'><strong>Hic</strong></span> 
     </span>
     <span class='ocr_line' id='line_1_26' title="bbox 86 3286 1427 3373; baseline 0.004 -19"><span class='ocrx_word' id='word_1_211' title='bbox 86 3286 206 3354; x_wconf 88' lang='lat' dir='ltr'><strong>etenim</strong></span> <span class='ocrx_word' id='word_1_212' title='bbox 230 3307 291 3352; x_wconf 88' lang='lat' dir='ltr'><strong>nou</strong></span> <span class='ocrx_word' id='word_1_213' title='bbox 316 3286 408 3371; x_wconf 83' lang='lat' dir='ltr'><strong>longo</strong></span> <span class='ocrx_word' id='word_1_214' title='bbox 424 3291 566 3373; x_wconf 92' lang='lat' dir='ltr'><strong>tempore</strong></span> <span class='ocrx_word' id='word_1_215' title='bbox 590 3290 664 3352; x_wconf 90' lang='lat' dir='ltr'><strong>ante</strong></span> <span class='ocrx_word' id='word_1_216' title='bbox 684 3286 854 3353; x_wconf 87' lang='lat' dir='ltr'><strong>adveutum</strong></span> <span class='ocrx_word' id='word_1_217' title='bbox 876 3287 1012 3373; x_wconf 85' lang='lat' dir='ltr'><strong>piissimi</strong></span> <span class='ocrx_word' id='word_1_218' title='bbox 1028 3286 1164 3372; x_wconf 86' lang='lat' dir='ltr'><strong>Ottonis,</strong></span> <span class='ocrx_word' id='word_1_219' title='bbox 1187 3304 1427 3358; x_wconf 72' lang='grc'><strong>1111111211126</strong></span> 
     </span>
     <span class='ocr_line' id='line_1_27' title="bbox 86 3381 1457 3489; baseline 0.001 -20"><span class='ocrx_word' id='word_1_220' title='bbox 86 3402 161 3469; x_wconf 89' lang='lat' dir='ltr'><strong>aliis</strong></span> <span class='ocrx_word' id='word_1_221' title='bbox 188 3402 367 3469; x_wconf 84' lang='lat' dir='ltr'><strong>concivibus</strong></span> <span class='ocrx_word' id='word_1_222' title='bbox 390 3403 456 3468; x_wconf 90' lang='lat' dir='ltr'><strong>suis</strong></span> <span class='ocrx_word' id='word_1_223' title='bbox 479 3408 588 3469; x_wconf 88' lang='lat' dir='ltr'><strong>contra</strong></span> <span class='ocrx_word' id='word_1_224' title='bbox 611 3423 750 3489; x_wconf 80' lang='lat' dir='ltr'><strong>paganos</strong></span> <span class='ocrx_word' id='word_1_225' title='bbox 774 3403 938 3488; x_wconf 87' lang='lat' dir='ltr'><strong>piraticam</strong></span> <span class='ocrx_word' id='word_1_226' title='bbox 963 3405 1153 3487; x_wconf 87' lang='lat' dir='ltr'><strong>exercendo,</strong></span> <span class='ocrx_word' id='word_1_227' title='bbox 1183 3404 1258 3470; x_wconf 89' lang='lat' dir='ltr'><strong>dum</strong></span> <span class='ocrx_word' id='word_1_228' title='bbox 1454 3381 1457 3384; x_wconf 24' lang='lat'><strong>⁴</strong></span> 
     </span>
     <span class='ocr_line' id='line_1_28' title="bbox 86 3519 1258 3605; baseline 0 -19"><span class='ocrx_word' id='word_1_229' title='bbox 86 3519 246 3586; x_wconf 87' lang='lat' dir='ltr'><strong>incautius</strong></span> <span class='ocrx_word' id='word_1_230' title='bbox 276 3525 399 3602; x_wconf 79' lang='lat' dir='ltr'><strong>ageret,</strong></span> <span class='ocrx_word' id='word_1_231' title='bbox 429 3520 462 3585; x_wconf 90' lang='lat' dir='ltr'><strong>in</strong></span> <span class='ocrx_word' id='word_1_232' title='bbox 492 3519 597 3585; x_wconf 89' lang='lat' dir='ltr'><strong>hostes</strong></span> <span class='ocrx_word' id='word_1_233' title='bbox 623 3519 793 3602; x_wconf 88' lang='lat' dir='ltr'><strong>inciderat,</strong></span> <span class='ocrx_word' id='word_1_234' title='bbox 823 3519 993 3604; x_wconf 91' lang='lat' dir='ltr'><strong>multisque</strong></span> <span class='ocrx_word' id='word_1_235' title='bbox 1015 3519 1060 3586; x_wconf 95' lang='lat' dir='ltr'><strong>ibi</strong></span> <span class='ocrx_word' id='word_1_236' title='bbox 1082 3520 1258 3605; x_wconf 81' lang='lat' dir='ltr'><strong>trucidatis,</strong></span> 
     </span>
    </p>

    <p class='ocr_par' dir='ltr' id='par_1_4' title="bbox 8 3633 1337 4421">
     <span class='ocr_line' id='line_1_29' title="bbox 8 3633 1258 3730; baseline -0.001 -27"><span class='ocrx_word' id='word_1_237' title='bbox 8 3721 13 3730; x_wconf 90' lang='lat'>.</span> <span class='ocrx_word' id='word_1_238' title='bbox 85 3655 160 3704; x_wconf 89' lang='lat' dir='ltr'><strong>cum</strong></span> <span class='ocrx_word' id='word_1_239' title='bbox 189 3635 259 3702; x_wconf 85' lang='lat' dir='ltr'><strong>aliis</strong></span> <span class='ocrx_word' id='word_1_240' title='bbox 284 3637 348 3701; x_wconf 84' lang='lat' dir='ltr'><strong>vite</strong></span> <span class='ocrx_word' id='word_1_241' title='bbox 376 3634 493 3702; x_wconf 87' lang='lat' dir='ltr'><strong>relictis</strong></span> <span class='ocrx_word' id='word_1_242' title='bbox 522 3635 554 3700; x_wconf 90' lang='lat' dir='ltr'><strong>in</strong></span> <span class='ocrx_word' id='word_1_243' title='bbox 578 3636 793 3721; x_wconf 84' lang='lat' dir='ltr'><strong>captivitatem</strong></span> <span class='ocrx_word' id='word_1_244' title='bbox 817 3635 929 3702; x_wconf 87' lang='lat' dir='ltr'><strong>ductus</strong></span> <span class='ocrx_word' id='word_1_245' title='bbox 951 3633 1081 3702; x_wconf 85' lang='lat' dir='ltr'><strong>tuerat¹.</strong></span> <span class='ocrx_word' id='word_1_246' title='bbox 1117 3635 1258 3721; x_wconf 85' lang='lat' dir='ltr'><strong>Cumque</strong></span> 
     </span>
     <span class='ocr_line' id='line_1_30' title="bbox 84 3750 1337 3842; baseline 0 -24"><span class='ocrx_word' id='word_1_247' title='bbox 84 3753 171 3818; x_wconf 85' lang='lat' dir='ltr'><strong>ferro</strong></span> <span class='ocrx_word' id='word_1_248' title='bbox 210 3757 242 3818; x_wconf 87' lang='lat' dir='ltr'><strong>et</strong></span> <span class='ocrx_word' id='word_1_249' title='bbox 275 3751 415 3818; x_wconf 88' lang='lat' dir='ltr'><strong>cathenis</strong></span> <span class='ocrx_word' id='word_1_250' title='bbox 449 3756 481 3818; x_wconf 89' lang='lat' dir='ltr'><strong>et</strong></span> <span class='ocrx_word' id='word_1_251' title='bbox 514 3750 671 3818; x_wconf 87' lang='lat' dir='ltr'><strong>tenebrosi</strong></span> <span class='ocrx_word' id='word_1_252' title='bbox 705 3752 840 3818; x_wconf 89' lang='lat' dir='ltr'><strong>carceris</strong></span> <span class='ocrx_word' id='word_1_253' title='bbox 874 3752 1017 3817; x_wconf 89' lang='lat' dir='ltr'><strong>custodia</strong></span> <span class='ocrx_word' id='word_1_254' title='bbox 1049 3751 1257 3836; x_wconf 87' lang='lat' dir='ltr'><strong>clauderetur,</strong></span> <span class='ocrx_word' id='word_1_255' title='bbox 1333 3837 1337 3842; x_wconf 16' lang='grc' dir='ltr'><strong>Δ</strong></span> 
     </span>
     <span class='ocr_line' id='line_1_31' title="bbox 86 3866 1258 3963; baseline 0.003 -30"><span class='ocrx_word' id='word_1_256' title='bbox 86 3868 208 3934; x_wconf 90' lang='lat' dir='ltr'><strong>orando</strong></span> <span class='ocrx_word' id='word_1_257' title='bbox 232 3869 270 3934; x_wconf 92' lang='lat' dir='ltr'><strong>ad</strong></span> <span class='ocrx_word' id='word_1_258' title='bbox 286 3867 457 3934; x_wconf 88' lang='lat' dir='ltr'><strong>Dominum</strong></span> <span class='ocrx_word' id='word_1_259' title='bbox 482 3888 539 3954; x_wconf 87' lang='lat' dir='ltr'><strong>per</strong></span> <span class='ocrx_word' id='word_1_260' title='bbox 562 3868 676 3934; x_wconf 88' lang='lat' dir='ltr'><strong>merita</strong></span> <span class='ocrx_word' id='word_1_261' title='bbox 698 3867 838 3953; x_wconf 91' lang='lat' dir='ltr'><strong>episcopi</strong></span> <span class='ocrx_word' id='word_1_262' title='bbox 859 3866 1010 3934; x_wconf 85' lang='lat' dir='ltr'><strong>liberatus</strong></span> <span class='ocrx_word' id='word_1_263' title='bbox 1033 3867 1101 3934; x_wconf 83' lang='lat' dir='ltr'><strong>fuit.</strong></span> <span class='ocrx_word' id='word_1_264' title='bbox 1137 3869 1258 3963; x_wconf 91' lang='lat' dir='ltr'><strong>Nempe</strong></span> 
     </span>
     <span class='ocr_line' id='line_1_32' title="bbox 85 3983 1257 4070; baseline -0.001 -19"><span class='ocrx_word' id='word_1_265' title='bbox 85 4003 160 4051; x_wconf 89' lang='lat' dir='ltr'><strong>cum</strong></span> <span class='ocrx_word' id='word_1_266' title='bbox 185 3984 334 4051; x_wconf 88' lang='lat' dir='ltr'><strong>diuturna</strong></span> <span class='ocrx_word' id='word_1_267' title='bbox 349 3984 490 4051; x_wconf 89' lang='lat' dir='ltr'><strong>oratione</strong></span> <span class='ocrx_word' id='word_1_268' title='bbox 504 3985 654 4068; x_wconf 85' lang='lat' dir='ltr'><strong>fatigatus</strong></span> <span class='ocrx_word' id='word_1_269' title='bbox 669 3984 701 4048; x_wconf 89' lang='lat' dir='ltr'><strong>iu</strong></span> <span class='ocrx_word' id='word_1_270' title='bbox 719 4003 886 4069; x_wconf 92' lang='lat' dir='ltr'><strong>sompnum</strong></span> <span class='ocrx_word' id='word_1_271' title='bbox 902 3983 1058 4050; x_wconf 89' lang='lat' dir='ltr'><strong>resolutus</strong></span> <span class='ocrx_word' id='word_1_272' title='bbox 1074 3990 1167 4067; x_wconf 88' lang='lat' dir='ltr'><strong>essct,</strong></span> <span class='ocrx_word' id='word_1_273' title='bbox 1191 3986 1257 4070; x_wconf 91' lang='lat' dir='ltr'><strong>epi-</strong></span> 
     </span>
     <span class='ocr_line' id='line_1_33' title="bbox 85 4100 1257 4186; baseline 0.001 -20"><span class='ocrx_word' id='word_1_274' title='bbox 85 4119 216 4186; x_wconf 90' lang='lat' dir='ltr'><strong>scopum</strong></span> <span class='ocrx_word' id='word_1_275' title='bbox 242 4101 400 4184; x_wconf 88' lang='lat' dir='ltr'><strong>Ottonem,</strong></span> <span class='ocrx_word' id='word_1_276' title='bbox 426 4101 479 4186; x_wconf 91' lang='lat' dir='ltr'><strong>qui</strong></span> <span class='ocrx_word' id='word_1_277' title='bbox 503 4121 573 4166; x_wconf 91' lang='lat' dir='ltr'><strong>eum</strong></span> <span class='ocrx_word' id='word_1_278' title='bbox 598 4100 815 4186; x_wconf 83' lang='lat' dir='ltr'><strong>baptizaverat</strong></span> <span class='ocrx_word' id='word_1_279' title='bbox 837 4106 869 4166; x_wconf 90' lang='lat' dir='ltr'><strong>ct</strong></span> <span class='ocrx_word' id='word_1_280' title='bbox 891 4100 930 4166; x_wconf 88' lang='lat' dir='ltr'><strong>de</strong></span> <span class='ocrx_word' id='word_1_281' title='bbox 952 4121 1041 4166; x_wconf 89' lang='lat' dir='ltr'><strong>sacro</strong></span> <span class='ocrx_word' id='word_1_282' title='bbox 1064 4101 1150 4166; x_wconf 88' lang='lat' dir='ltr'><strong>fonte</strong></span> <span class='ocrx_word' id='word_1_283' title='bbox 1172 4100 1257 4167; x_wconf 90' lang='lat' dir='ltr'><strong>leva-</strong></span> 
     </span>
     <span class='ocr_line' id='line_1_34' title="bbox 85 4216 1259 4301; baseline 0.001 -19"><span class='ocrx_word' id='word_1_284' title='bbox 85 4222 188 4299; x_wconf 82' lang='lat' dir='ltr'><strong>verat,</strong></span> <span class='ocrx_word' id='word_1_285' title='bbox 211 4217 271 4283; x_wconf 93' lang='lat' dir='ltr'><strong>sibi</strong></span> <span class='ocrx_word' id='word_1_286' title='bbox 296 4217 493 4283; x_wconf 87' lang='lat' dir='ltr'><strong>assistentem</strong></span> <span class='ocrx_word' id='word_1_287' title='bbox 513 4217 647 4283; x_wconf 83' lang='lat' dir='ltr'><strong>uidebat.</strong></span> <span class='ocrx_word' id='word_1_288' title='bbox 677 4216 776 4294; x_wconf 84' lang='lat' dir='ltr'><strong>Quem</strong></span> <span class='ocrx_word' id='word_1_289' title='bbox 792 4216 866 4282; x_wconf 90' lang='lat' dir='ltr'><strong>dum</strong></span> <span class='ocrx_word' id='word_1_290' title='bbox 882 4217 936 4282; x_wconf 90' lang='lat' dir='ltr'><strong>ille</strong></span> <span class='ocrx_word' id='word_1_291' title='bbox 951 4221 1143 4301; x_wconf 79' lang='lat' dir='ltr'><strong>agnosceret,</strong></span> <span class='ocrx_word' id='word_1_292' title='bbox 1167 4225 1259 4301; x_wconf 78' lang='lat' dir='ltr'><strong>rogat</strong></span> 
     </span>
     <span class='ocr_line' id='line_1_35' title="bbox 85 4331 1257 4421; baseline -0.001 -22"><span class='ocrx_word' id='word_1_293' title='bbox 85 4334 203 4399; x_wconf 85' lang='lat' dir='ltr'><strong>iterum</strong></span> <span class='ocrx_word' id='word_1_294' title='bbox 234 4338 265 4398; x_wconf 90' lang='lat' dir='ltr'><strong>et</strong></span> <span class='ocrx_word' id='word_1_295' title='bbox 292 4352 394 4416; x_wconf 85' lang='lat' dir='ltr'><strong>genua</strong></span> <span class='ocrx_word' id='word_1_296' title='bbox 422 4331 520 4398; x_wconf 87' lang='lat' dir='ltr'><strong>flectit</strong></span> <span class='ocrx_word' id='word_1_297' title='bbox 546 4353 603 4418; x_wconf 88' lang='lat' dir='ltr'><strong>pro</strong></span> <span class='ocrx_word' id='word_1_298' title='bbox 628 4333 798 4417; x_wconf 90' lang='lat' dir='ltr'><strong>ereptione.</strong></span> <span class='ocrx_word' id='word_1_299' title='bbox 834 4332 877 4398; x_wconf 86' lang='lat' dir='ltr'><strong>At</strong></span> <span class='ocrx_word' id='word_1_300' title='bbox 899 4332 966 4399; x_wconf 89' lang='lat' dir='ltr'><strong>ille:</strong></span> <span class='ocrx_word' id='word_1_301' title='bbox 997 4334 1052 4398; x_wconf 87' lang='lat' dir='ltr'><strong>Ad</strong></span> <span class='ocrx_word' id='word_1_302' title='bbox 1073 4334 1130 4400; x_wconf 85' lang='lat' dir='ltr'><strong>boc</strong></span> <span class='ocrx_word' id='word_1_303' title='bbox 1152 4338 1257 4421; x_wconf 79' lang='lat' dir='ltr'><strong>ipsum</strong></span> 
     </span>
    </p>

    <p class='ocr_par' dir='ltr' id='par_1_5' title="bbox 161 4461 430 4519">
     <span class='ocr_line' id='line_1_36' title="bbox 161 4461 430 4519; baseline -0.004 -1"><span class='ocrx_word' id='word_1_304' title='bbox 161 4465 184 4518; x_wconf 88' lang='lat'><strong>1.</strong></span> <span class='ocrx_word' id='word_1_305' title='bbox 209 4461 430 4519; x_wconf 73' lang='grc'><strong>0111111112.</strong></span> 
     </span>
    </p>
   </div>
   <div class='ocr_carea' id='block_1_3' title="bbox 0 0 1576 4850">
    <p class='ocr_par' dir='ltr' id='par_1_6' title="bbox 0 0 1576 4850">
     <span class='ocr_line' id='line_1_37' title="bbox 0 0 1576 4850; baseline 0 0"><span class='ocrx_word' id='word_1_306' title='bbox 0 0 1576 4850; x_wconf 95' lang='lat' dir='ltr'><strong> </strong></span> 
     </span>
    </p>
   </div>
  </div>
 </body>
</html>
