3142 4850
367 338 547 386 uuanonor
569 338 751 389 ursnoeus.
786 342 852 389 urs.
870 342 895 388 11
917 338 960 389 aa.
973 338 1008 390 aa
1202 321 1267 389 765

97 496 358 564 sustentationem
387 497 576 583 sacerdotis,
610 504 702 585 pater
728 498 982 584 liberalissimus,
1014 499 1096 566 sicut
1122 499 1267 566 omnibus
1286 513 1357 569 1124

96 612 237 679 ecclesiis
259 613 294 678 in
316 618 403 679 terra
416 612 474 679 illa
487 614 633 699 faciebat
656 614 753 682 libros
769 616 902 683 contulit
918 620 950 682 et
963 614 1148 681 indumenta
1164 634 1267 681 sacer-

95 728 226 813 dotalia,
249 728 377 796 calicem
401 749 523 814 quoque
546 735 729 814 argenteum
753 752 824 798 cum
848 731 960 799 ceteris
983 730 1185 813 utensilibus3
1213 732 1266 797 de·

95 864 158 929 que
173 845 238 911 suis
255 843 468 912 sacerdotibus
483 867 592 932 unam,
617 846 670 932 qni
685 847 837 935 populum
852 847 1009 914 instruere
1023 852 1141 934 posset,
1164 846 1265 914 eidem

96 962 229 1047 prefecit
251 960 390 1029 ecclesie.

186 1078 239 1143 23.
275 1076 353 1143 Cum
383 1077 440 1143 bec
468 1078 575 1143 omnia
600 1079 662 1145 rite
684 1084 813 1165 peracta
836 1084 941 1146 essent
963 1084 995 1147 et
1017 1100 1080 1145 non
1102 1078 1204 1145 solum
1228 1078 1266 1144 de

94 1192 225 1259 civitate
246 1214 355 1260 uerum
387 1194 482 1261 etiam
512 1194 551 1260 de
579 1215 653 1261 rure
682 1193 815 1281 populus
845 1194 884 1261 ad
915 1194 1078 1261 ecclesiam
1107 1194 1192 1260 omni
1216 1194 1266 1261 die

95 1309 289 1393 conueniret,
313 1316 345 1377 et
366 1310 450 1376 diem
468 1310 659 1376 dominicum
676 1309 816 1395 aliasque
831 1310 1068 1397 solempnitates
1085 1311 1196 1377 devote
1212 1310 1266 1376 ob·

95 1430 269 1509 seruarent,
292 1425 388 1492 uidua
410 1426 544 1511 quedam
567 1426 601 1492 iu
623 1446 697 1492 rure
720 1445 782 1491 non
801 1426 893 1509 longo
909 1448 927 1492 a
942 1426 1069 1493 civitate
1085 1424 1265 1492 caminensi

94 1539 185 1607 diras
213 1559 250 1607 ao
276 1540 391 1608 nobilis
415 1541 523 1624 ualde,
552 1541 725 1608 christiana
747 1542 898 1626 religione
923 1546 1118 1628 contempta,
1146 1541 1266 1628 patrios

94 1655 172 1722 deos
205 1677 239 1723 se
267 1656 369 1724 colere
395 1657 544 1743 nullaque
572 1659 736 1724 occasione
766 1658 914 1724 vanitatis
943 1678 1022 1724 noue
1053 1678 1072 1724 a
1099 1662 1265 1744 parentum

94 1793 223 1839 suorum
260 1774 358 1840 ueteri
392 1773 563 1841 traditione
597 1773 755 1841 declinare
789 1794 823 1840 se
851 1772 930 1840 velle
964 1772 1096 1840 dicebat.
1187 1774 1267 1839 Erat

94 1893 201 1955 autem
230 1888 361 1956 multam
391 1889 510 1956 habeus
537 1889 691 1956 familiam
720 1894 752 1956 et
773 1909 836 1955 uon
861 1910 957 1975 parve
980 1888 1176 1955 auctoritatis
1200 1908 1267 1955 ma·

93 2010 203 2089 mona,
233 2011 382 2072 strennue
409 2026 521 2090 regens
550 2006 678 2073 domum
707 2025 812 2087 suam3
847 2010 893 2089 et,
923 2005 1006 2091 quod
1034 2005 1068 2071 in
1096 2004 1153 2070 illa
1182 2009 1267 2071 terra

93 2140 245 2204 maguum
269 2120 449 2204 videbatur,
478 2122 610 2188 maritus
634 2122 716 2205 eius,
744 2121 819 2187 dum
843 2121 977 2204 viveret,
1001 2122 1034 2186 in
1059 2140 1148 2187 usum
1173 2118 1268 2186 satel-

92 2236 160 2314 licii
183 2236 232 2302 sni
255 2238 387 2321 triginta
409 2257 506 2323 equos
524 2258 595 2303 cum
612 2236 824 2304 assessoribus
840 2236 905 2303 suis
921 2237 1036 2304 habere
1052 2240 1266 2303 consueverat.

92 2350 261 2418 Fortitudo
285 2353 369 2419 euim
392 2359 425 2419 et
446 2353 589 2440 potentia
610 2352 763 2420 nobilium
788 2358 820 2421 et
841 2356 1077 2441 capitaneorum
1096 2351 1266 2420 secundum

94 2469 220 2555 copiam
243 2469 293 2537 rel
316 2490 483 2537 numerum
507 2471 649 2538 estimari
666 2469 746 2536 solet
760 2470 963 2537 caballorum.
998 2471 1106 2537 Fortia
1121 2470 1269 2554 inquiunt

94 2599 125 2651 et
150 2599 261 2673 potens
290 2599 334 2653 eat
361 2610 399 2652 uc
422 2589 508 2653 dives
534 2588 605 2665 illa·
634 2600 679 2653 tot
706 2588 755 2652 ool
781 2600 827 2654 tot
848 2601 950 2674 potest
977 2588 1089 2652 dabore
1113 2585 1267 2662 caballoa,·

93 2702 204 2786 sicque
227 2701 334 2768 andito
357 2723 489 2769 numero
512 2702 716 2787 caballorum,
739 2723 888 2769 numerus
913 2702 1047 2769 militum
1069 2699 1266 2783 intelligitur.

93 2816 209 2883 Nullus
237 2817 320 2883 enim
351 2817 487 2884 militum
519 2824 625 2904 preter
652 2839 749 2884 unum
779 2817 935 2886 caballum
963 2817 1029 2884 illic
1055 2816 1171 2883 habere
1194 2835 1267 2880 con·

94 2935 215 3016 suevit3
245 2939 319 3000 sunt
346 2939 452 3002 antem
475 2933 582 3018 magni
606 2939 638 3001 et
659 2935 757 3001 fortes
779 2935 852 3019 equi
874 2939 958 3001 terre
981 2933 1075 2999 illius.
1121 2932 1165 2998 Et
1187 2950 1268 2996 unus

95 3051 230 3135 quisque
253 3049 388 3117 militum
413 3051 481 3116 sino
504 3050 652 3116 scutifero
674 3050 800 3134 militat,
824 3051 993 3116 manticam
1017 3069 1074 3135 per
1092 3069 1125 3114 se
1140 3052 1268 3131 gestans

94 3172 130 3233 et
157 3165 309 3252 clipeum,
338 3165 464 3250 agiliter
492 3165 568 3232 satis
598 3170 629 3233 et
659 3161 809 3233 streunire
839 3167 883 3232 sic
911 3165 1024 3232 militie
1053 3184 1108 3230 sue
1131 3161 1267 3230 officium

94 3293 281 3367 exequens.
329 3280 395 3348 Soli
424 3285 529 3348 autem
559 3283 719 3368 principes
748 3287 781 3348 ot
808 3283 966 3369 capitanei
994 3301 1055 3346 uno
1078 3284 1201 3346 tantum
1226 3315 1267 3325 -

93 3396 147 3464 uel
171 3399 199 3463 si
221 3397 355 3464 multum
377 3402 426 3464 est
440 3397 562 3465 duobus
578 3397 744 3464 clientibus
762 3433 802 3443 —
819 3398 957 3464 contenti
974 3401 1056 3463 sunt.
1136 3395 1266 3462 Factum

95 3517 148 3579 est
174 3532 248 3596 ergo
271 3514 304 3579 in
328 3534 391 3580 uua
413 3513 464 3580 die
487 3513 645 3580 dominica
666 3518 810 3600 tempore
833 3513 961 3597 messis,
991 3512 1107 3598 populo
1132 3512 1269 3596 undique

95 3629 138 3696 ad
161 3629 323 3696 ecclesiam
347 3635 548 3716 properante,
572 3630 694 3715 prelata
717 3634 863 3695 matrona
885 3649 942 3696 nec
964 3628 1036 3714 ipsa
1052 3626 1198 3694 veniebat
1212 3647 1269 3693 nee

94 3765 172 3812 suos
195 3744 320 3812 uenireb
343 3744 560 3832 permittebat,
584 3744 640 3812 sed
662 3745 764 3829 magis
786 3745 982 3812 turbulenta:
1010 3745 1057 3810 Ite
1079 3743 1182 3828 inquit
1204 3767 1267 3808 oae-

95 3866 153 3929 eice
180 3863 276 3928 misdi
303 3884 397 3948 apros
426 3885 519 3929 maor.
563 3861 633 3927 Hoc
662 3865 744 3926 euim
767 3863 876 3928 atilius
899 3875 943 3927 eat
965 3883 1061 3947 qaam
1083 3883 1197 3925 occare
1218 3859 1270 3923 illi

94 3981 201 4044 neseio
231 3981 284 4044 cai
309 4001 389 4043 novo
412 3978 499 4059 Deo,
531 4000 622 4064 quem
645 3979 683 4043 de
705 3991 791 4044 tarro
813 4001 872 4043 auo
893 3977 982 4043 noba
1006 3977 1098 4062 affort
1118 3976 1172 4040 ille
1197 3975 1267 4040 Otto

96 4095 367 4181 Bobenberpenoio
383 4097 556 4180 episcopas.
582 4093 670 4174 Quid
683 4094 773 4159 nodos
785 4116 855 4158 cam
867 4093 943 4159 illo?
965 4092 1131 4170 Videtisne,
1150 4102 1269 4176 quauta

97 4213 181 4276 bona
210 4224 239 4276 et
264 4223 399 4296 quantoe
422 4212 550 4274 dioitios
572 4209 662 4274 noba
686 4209 828 4273 dederint
850 4209 900 4273 dii
920 4211 1035 4288 nostru,
1065 4210 1269 4292 ipsorumque

97 4327 245 4413 larpitate
267 4327 379 4413 opibus
402 4338 430 4391 et
449 4326 556 4412 ploratu
579 4325 798 4410 omoibaoqaa⁶
816 4323 906 4389 reboo
921 4323 1135 4388 habundantes
1151 4343 1266 4386 aumas.

172 4481 192 4514 a
217 4470 355 4528 exequentes
370 4465 447 4514 NBR.
607 4465 630 4512 b.
654 4464 731 4512 venire
747 4463 837 4514 addidi.
997 4477 1016 4509 e.
1040 4462 1145 4510 omnibus
1161 4462 1191 4509 N.
