3142 4850
296 323 339 388 22
702 333 868 384 onsumcr
890 334 1016 383 ooonx.
1051 331 1069 382 n

296 495 355 553 suis
378 493 504 552 ornuIbuc
528 495 720 548 sacrosanctae
743 491 780 546 iii.
800 491 933 547 ecclesiae
956 490 1095 547 canonicis
1115 489 1149 547 N.
1167 489 1258 560 gratia
1276 490 1328 545 Dei
1344 489 1470 546 worma·

296 593 391 650 tiensis
410 593 514 648 eiectas
532 590 678 646 servicium
696 603 777 644 suum
799 593 828 643 et
845 589 1010 644 cunonem.
1081 588 1200 646 Domino
1217 603 1268 644 cuo
1285 589 1471 644 Romanorum

296 690 454 761 imperatori
472 692 591 758 augusto
610 687 644 743 N.
663 701 732 742 suus
749 686 906 744 omnimodo
923 685 957 742 N.
975 700 1032 741 non
1049 686 1205 756 episcopale
1228 685 1278 742 sed
1300 685 1401 740 serviie
1421 683 1471 740 ob

296 788 421 857 sequium
442 787 471 842 in
489 783 625 842 omnibus.
696 783 929 839 Reverentissimo
945 783 1077 854 episeopo
1094 783 1127 838 N.
1146 782 1255 838 humilis
1277 787 1307 837 et
1328 783 1472 838 iucmosus

296 882 535 953 Babeubergeusis
558 883 648 937 clerus
669 879 831 950 obsequium
854 885 886 936 et
906 880 1022 936 devotas
1045 881 1074 934 in
1091 877 1201 936 (ibristo
1219 879 1365 935 orationes.
1436 878 1472 933 ll·

296 982 375 1038 lustri
393 985 422 1036 et
439 976 586 1049 magnifico
603 978 636 1035 N.
653 977 717 1032 duci
735 977 845 1033 humilis
861 983 892 1033 et
908 977 1050 1033 inmuosus
1061 976 1300 1046 Bubenbergensis
1317 976 1406 1032 clerus
1423 974 1472 1030 de-

296 1083 377 1135 votas
394 1079 424 1132 in
435 1075 544 1132 Christo
562 1075 708 1131 orationes.
779 1072 827 1131 Ν)
844 1079 902 1130 tam
921 1075 1040 1144 glorioso
1058 1087 1141 1143 qucm
1153 1071 1299 1143 mugnidoo
1310 1071 1364 1128 Dei
1381 1071 1473 1142 gratis

296 1175 482 1231 Romanorum
499 1173 657 1242 imperatori
675 1177 794 1242 augusto
811 1173 901 1229 cierus
913 1171 1050 1243 Spirensis
1068 1172 1185 1227 sulutem
1203 1176 1232 1227 et
1246 1171 1390 1226 victoriam
1407 1185 1472 1225 cum

297 1271 477 1328 devotissima
494 1270 647 1326 orationum
664 1270 806 1325 instantia
877 1269 1058 1326 serenissimo
1074 1268 1187 1326 domino
1203 1283 1255 1326 suc
1269 1269 1302 1325 N.
1313 1266 1473 1337 imperatori

297 1369 386 1424 cesari
404 1383 513 1439 semper
530 1372 649 1437 augusto
667 1363 907 1436 Babenbergcnsis
924 1367 1043 1422 ecclesis
1062 1367 1174 1437 speciaii
1193 1365 1312 1436 quadam
1329 1362 1472 1434 fidelitate,

298 1465 350 1522 sibi
362 1467 475 1536 suisque
487 1462 706 1520 antecessoribus
719 1478 828 1534 semper
839 1462 975 1533 devincta,
993 1461 1075 1518 fidele
1086 1468 1115 1518 et
1126 1463 1226 1519 stabile
1242 1461 1389 1518 servicium
1407 1477 1473 1516 cnm

298 1563 407 1620 devotis
424 1562 603 1619 orationibus.
666 1561 718 1616 Dei
730 1559 1067 1631 gratiaWirsebnrgensis
1079 1561 1212 1616 ecciesiae
1229 1559 1376 1632 episcopus
1392 1573 1473 1628 pras-

297 1661 388 1731 posito
407 1663 436 1716 et
453 1660 558 1715 decano
577 1663 689 1714 sanctae
708 1655 947 1727 Babenbsrgensis
965 1659 1097 1714 ecciesiae
1117 1674 1180 1713 cum
1197 1661 1258 1713 tota
1274 1655 1390 1712 botrum
1408 1671 1473 1711 con·

297 1757 459 1828 gregatione
477 1755 615 1812 fraternae
627 1755 779 1810 dilectionis
797 1753 1002 1810 exhibitionem.
1072 1755 1107 1810 N.
1119 1756 1172 1811 Dei
1185 1754 1276 1825 gratia
1286 1755 1473 1810 Romanorum

297 1855 446 1925 imperator
470 1858 605 1924 augustus
626 1853 661 1909 N.
679 1853 921 1923 Ratisponensinm
946 1853 1076 1923 episcopo
1098 1853 1215 1922 gratiam
1237 1867 1316 1908 suam
1340 1855 1370 1908 et
1390 1864 1473 1907 omns

297 1950 399 2008 bouum
416 1954 449 2007 ut
465 1949 540 2006 fideii
558 1949 711 2005 karissimo.

369 2047 404 2103 A.
417 2049 603 2118 memnonos,
627 2047 658 2102 a.
673 2045 852 2116 ooromeme,
871 2027 902 2102 b.
915 2045 1141 2118 commeasse,
1159 2048 1191 2103 ο.
1200 2047 1419 2116 wormacense,
1437 2045 1472 2102 s.

298 2143 436 2215 Spirensis
453 2160 503 2215 per
514 2145 567 2200 Dei
579 2142 794 2200 misericordiam
809 2143 1007 2215 srobiepiscopi
1024 2151 1054 2200 et
1070 2145 1201 2215 episcopi,
1218 2128 1251 2201 ὁ.
1262 2143 1408 2201 ΝοΙᾱοιιοίο
1425 2142 1474 2200 eb·

298 2241 357 2312 bas,
376 2243 411 2299 H.
423 2257 533 2312 quoque
545 2241 610 2312 dux,
630 2241 660 2296 Ν.
674 2240 739 2310 dur,
757 2239 792 2296 (i.
805 2241 943 2310 palatinus
955 2255 1056 2311 comes,
1074 2242 1107 2297 B.
1116 2257 1218 2314 comes,
1236 2245 1266 2297 et
1276 2241 1360 2298 ceteri
1372 2241 1473 2296 utrius·

298 2355 352 2410 quc
370 2338 548 2411 professionis
566 2339 716 2410 principes,
739 2337 788 2408 qui
804 2338 928 2408 exequiis
946 2338 1118 2408 imperatoris
1138 2340 1300 2410 intererant,
1322 2337 1474 2394 venerabili

297 2436 377 2494 irstri
395 2438 426 2495 0.
440 2436 663 2507 Babenbergensi
681 2436 812 2505 episcopo
835 2434 899 2491 binc
922 2434 1058 2493 decernes
1080 2438 1110 2492 in
1127 2437 1236 2493 Christo
1253 2438 1392 2493 orationes
1408 2437 1474 2493 inde

298 2534 487 2592 fidelissimum
511 2535 612 2592 devote
635 2532 775 2589 servitutis
798 2532 971 2602 obsequium.
1043 2534 1076 2591 Ν.
1094 2535 1242 2591 inebriati
1265 2534 1385 2591 menbris
1406 2548 1474 2591 vero

298 2648 383 2691 verae
400 2632 540 2703 religionis
558 2631 671 2703 speculo
692 2631 741 2703 D„
763 2631 817 2686 Dei
834 2631 924 2700 gratis
941 2632 965 2686 si
982 2632 1048 2701 qnid
1066 2640 1122 2703 est,
1142 2633 1215 2689 iuter
1231 2647 1378 2703 erumpnas
1394 2632 1474 2688 iumi-

299 2730 390 2787 ueutis
413 2731 563 2801 procellae,
588 2728 623 2784 sd
642 2744 688 2799 ea,
714 2741 768 2798 que
791 2744 900 2784 sursum
921 2735 998 2800 suut,
1020 2729 1206 2786 indesinenter
1222 2730 1368 2801 suspirare.
1438 2729 1473 2786 Ν.

299 2832 413 2885 emotae
425 2828 601 2899 Noguntiuae
619 2827 752 2883 ecciesiae
770 2826 881 2882 humilis
897 2840 995 2882 servus
1013 2833 1042 2882 et
1059 2828 1208 2898 apostolice
1219 2828 1295 2883 sodis
1306 2829 1416 2897 legatus
1425 2841 1475 2883 ve·

299 2926 413 2983 nerebiii
431 2930 460 2982 et
477 2927 506 2981 in
518 2924 626 2982 cbristo
645 2924 744 2980 dilecto
763 2922 842 2979 fratri
858 2927 888 2979 et
905 2924 1069 2995 coepiscopo
1083 2924 1185 2981 domno
1202 2926 1233 2981 0.
1245 2926 1362 3003 salutm
1379 2929 1409 2980 et
1425 2922 1474 2981 ob·

299 3024 423 3094 sequium
443 3022 580 3079 fraternae
593 3022 755 3077 dilectionis.
826 3022 860 3077 Ν.
874 3022 963 3077 amico
981 3036 1032 3077 suo
1050 3023 1147 3091 plenae
1163 3022 1317 3079 dilectionis
1334 3022 1474 3078 affectum.
1537 3064 1543 3076 .

300 3120 425 3177 Dominis
447 3126 476 3176 et
498 3118 627 3175 fratribus
650 3118 910 3191 conprovincialium
934 3120 1109 3175 ecclesiarum
1128 3121 1161 3176 Ν.
1180 3120 1253 3176 iliius
1270 3121 1404 3176 ecclcsine
1421 3122 1474 3176 uti·

300 3234 365 3273 nam
386 3218 415 3273 in
433 3217 523 3286 gratia
540 3216 592 3271 Dei
610 3216 784 3286 praepositus
800 3215 923 3272 decanos
941 3218 1074 3287 magister
1090 3232 1153 3274 cum
1171 3217 1358 3275 devotissimis
1374 3220 1475 3275 oratio

301 3312 382 3371 nibus
399 3314 523 3369 sincerae
540 3314 663 3369 caritatis
681 3312 854 3382 obsequium.
924 3314 1043 3371 Domino
1060 3316 1093 3372 Ν.
1112 3314 1262 3371 venerabili
1285 3316 1322 3371 iil.
1341 3316 1476 3373 ecciesiae

301 3408 506 3481 archiepiscopo
525 3410 558 3465 N.
573 3410 731 3467 clericorum
750 3409 880 3466 minimus
897 3426 961 3467 cum
978 3412 1087 3469 devotis
1105 3411 1274 3469 cretionibus
1291 3412 1372 3469 fidele
1389 3414 1476 3470 servi·

301 3508 382 3563 cium.
454 3507 488 3564 N.
500 3508 650 3565 vonerabili
662 3512 774 3563 senche
786 3508 971 3564 ‘lbaiectensis
982 3510 1116 3565 ecciesiae
1131 3511 1290 3581 praeposito
1300 3510 1406 3567 decano
1417 3526 1477 3567 ma

301 3605 388 3675 giobo
401 3604 623 3661 Nonasteriensis
639 3604 837 3675 qualiscunque
856 3605 973 3661 ecclesia
989 3621 1021 3662 se
1037 3608 1127 3679 ipsam
1144 3624 1207 3664 cum
1223 3606 1401 3665 iideiissimae
1417 3624 1476 3666 ser-

301 3700 398 3757 vitude
415 3706 444 3757 et
459 3702 595 3757 cretionis
606 3699 768 3771 frequentia.
840 3702 959 3759 Smctse
975 3704 1013 3759 ill.
1025 3705 1158 3761 ecciesiae
1169 3706 1288 3762 dominis
1299 3722 1333 3762 ac
1343 3704 1477 3765 fnanibus

301 3796 330 3855 S.
349 3798 546 3869 qualiscunque
566 3800 602 3855 ili.
621 3800 755 3856 ecciesiae
778 3801 952 3871 praepositus
970 3801 1093 3859 decanus
1110 3803 1249 3874 ceterique
1266 3802 1379 3875 fratres,
1403 3820 1477 3876 quus

301 3910 440 3966 nunquam
458 3896 562 3951 excidit
580 3898 722 3953 caritatem
741 3904 770 3953 et
780 3914 853 3967 quae
865 3913 974 3969 semper
984 3899 1110 3969 invigilet
1123 3900 1284 3957 orationem.
1355 3901 1478 3959 Βιοοὴο

300 3992 338 4048 iii.
356 3993 490 4049 ecciesiae
508 3994 625 4050 dominis
648 4000 677 4051 et
700 3993 831 4051 fratribus
851 3997 1010 4065 praeposito
1033 3996 1139 4054 decano
1160 3999 1305 4054 scolastico
1322 4000 1478 4071 ceterisque

301 4089 428 4145 omnibus
446 4089 598 4147 confratres
616 4091 652 4146 iil.
665 4092 799 4147 ecciesiae
816 4106 851 4148 ex
869 4093 951 4162 piene
968 4092 1139 4150 fraternitate
1158 4096 1273 4152 devotas
1291 4096 1430 4153 orationes
1448 4099 1478 4154 in

301 4186 428 4243 Domino.
500 4186 533 4243 N.
552 4188 605 4243 Dei
627 4189 718 4257 gratis
739 4194 853 4245 motae
870 4189 1048 4260 Noguntinae
1070 4192 1203 4248 ecclesie·
1219 4192 1329 4249 bumiiis
1351 4193 1478 4249 minister

302 4286 332 4337 et
349 4283 516 4355 spostolicae
533 4284 607 4341 sedis
628 4285 738 4355 legatus
754 4284 863 4341 dilectis
884 4287 915 4342 in
931 4286 1041 4343 (ibn'sto
1056 4286 1121 4344 tiliis
1132 4288 1372 4359 wirceburgensis
1389 4292 1478 4347 eccie-

372 4450 393 4487 ο.
419 4436 663 4487 ctounusbouurui'.
755 4438 779 4486 b.
801 4438 955 4489 noucddi'.
1048 4454 1069 4489 c.
1092 4442 1173 4491 mit
