3142 4850
384 327 507 376 usurus
530 331 608 376 rma
633 329 790 377 osseum.
826 331 893 378 me.
909 331 936 378 ιι
958 328 1014 378 ae
1219 313 1282 378 631

110 485 235 552 leuatus
259 487 377 569 gratias
400 507 459 572 pro
474 487 665 554 conturmalis
686 489 809 572 agebat,
832 489 956 555 moene:
983 487 1098 556 Gloria
1119 492 1188 569 am,
1211 491 1284 555 Do·
1304 503 1375 559 1124

109 605 205 681 osiae,
231 605 319 686 quio,
343 607 402 670 etsi
422 605 560 689 amplius
582 627 646 670 oca
669 609 737 684 eric,
768 605 879 670 eadem
899 627 998 669 unum
1018 627 1080 690 pro
1102 627 1209 670 amore
1230 619 1284 671 tuo

111 720 209 782 ictum
232 721 373 802 occipere
394 721 504 782 merui.

202 830 319 896 Verum
343 851 441 915 nsque
466 851 590 916 quaque
617 853 680 898 non
705 832 845 900 deseruit
867 829 971 898 Deus¹
998 832 1154 898 famulum
1181 853 1284 917 sunm,

110 965 171 1030 pro
193 947 321 1011 nombre
343 947 411 1012 eius
433 951 522 1012 tanta
545 947 735 1014 discriminis
765 948 938 1014 acerbitate
965 947 1178 1029 laborantem
1208 950 1284 1032 quin

110 1060 210 1126 immo
233 1060 430 1126 defensorem
453 1061 499 1129 illi
524 1067 561 1128 et
584 1063 757 1128 adiutorem
782 1064 815 1128 in
838 1062 1105 1148 oportunitatibus
1128 1062 1163 1127 in
1184 1063 1284 1129 tribu·

110 1171 247 1242 latione¹
270 1174 424 1242 illustrem
449 1177 550 1242 virum
576 1179 704 1244 nomine
727 1178 933 1244 Nedamirum
955 1178 1284 1260 destinaredignutus

110 1295 171 1356 est.
213 1289 294 1356 Erat
315 1291 399 1356 enim
428 1292 496 1376 ipse
519 1292 708 1360 Nedamirus
730 1293 853 1358 diviciis
882 1298 916 1358 et
937 1293 1084 1377 potencia
1104 1293 1189 1359 inter
1211 1311 1285 1360 suos

110 1405 366 1490 opinatissimus,
397 1411 491 1470 antea
512 1407 638 1491 quidem
666 1409 700 1472 in
725 1407 864 1474 Saxonis
892 1407 1071 1491 baptizatus
1105 1413 1138 1472 et
1164 1407 1285 1474 occulte

110 1519 313 1586 christianae.
353 1519 414 1586 Hic
444 1539 569 1586 omnem
598 1524 651 1609 pio
676 1521 781 1590 Ottoni
805 1522 975 1589 exhibebat
1001 1521 1231 1588 humanitatem
1254 1529 1287 1588 et

109 1634 343 1714 defensionem
372 1639 405 1702 et
435 1633 601 1702 abeuntem
629 1657 745 1720 magne
767 1637 943 1704 devotionis
971 1637 1150 1703 reverentia
1178 1657 1286 1722 prose-

110 1754 220 1832 cutus,
250 1754 314 1816 tres
344 1769 440 1816 naves
467 1769 530 1816 uon
553 1751 692 1818 modicas
716 1753 900 1820 victualium
923 1753 1016 1836 copia
1038 1757 1184 1818 oneratus
1206 1751 1286 1818 husa

109 1865 192 1932 riter
218 1863 345 1950 prebuit
371 1883 408 1932 ac
437 1865 584 1932 ducatum
614 1868 643 1932 ci
672 1867 712 1933 ad
741 1865 851 1933 urbem
879 1867 1093 1934 Stetincnsem
1119 1885 1222 1952 usqne
1251 1867 1286 1934 in

110 1999 217 2046 arcem
245 1979 334 2046 ducis
369 1978 508 2048 officiose
536 1983 614 2047 satis
648 1983 802 2048 exhibuit.
842 1982 977 2069 Ipseque
1005 2003 1063 2069 per
1091 1988 1216 2048 noctem
1245 1982 1285 2048 ad

109 2097 198 2164 cives
221 2113 295 2160 suos
318 2093 490 2162 lulincnees
512 2095 592 2162 clam
618 2097 720 2162 rediit.
812 2098 984 2183 Apostolus
1007 2099 1114 2181 itaque
1137 2095 1286 2164 Pomoru-

109 2229 241 2292 norum,
270 2209 428 2287 continuis
455 2229 566 2276 novem
597 2211 823 2278 ebdomadibus
851 2214 886 2278 in
915 2213 993 2280 urbe
1016 2212 1189 2278 stetinensi
1216 2218 1286 2278 tuto

110 2325 147 2390 in
171 2324 240 2390 loco
262 2325 415 2407 residens,
439 2325 494 2392 diu
517 2325 714 2411 multumque
735 2327 770 2392 in
794 2348 888 2413 opere
904 2328 964 2395 Dei
978 2335 1012 2394 et
1026 2327 1121 2394 uerbo
1145 2327 1298 2413 predica.

108 2439 210 2505 tionis
233 2447 388 2525 oportune
416 2441 595 2526 importune
624 2442 799 2509 laborabat.
839 2444 1058 2529 Tandemque,
1088 2443 1150 2510 Dei
1176 2463 1287 2529 prere·

109 2556 221 2621 niente
243 2554 420 2639 clementia,
443 2558 680 2623 conversionem
703 2555 797 2625 ellare
819 2558 922 2641 gentis
945 2558 1097 2638 obtinuit;
1120 2558 1179 2625 bac
1201 2558 1287 2624 side·

108 2671 189 2737 licet
211 2673 390 2739 occasione:

205 2788 235 2853 9.
271 2786 456 2855 Domizlaus
485 2786 628 2872 quidam,
664 2806 797 2873 corpore
829 2793 862 2855 et
895 2788 1002 2853 animo
1033 2806 1070 2854 ac
1101 2787 1287 2853 diviciarum

110 2901 208 2987 copia
230 2902 286 2969 sed
309 2908 340 2969 et
355 2904 479 2986 generis
502 2902 668 2970 nobilitate
690 2904 773 2971 iuter
791 2902 986 2971 Stetioenses
1008 2902 1287 2985 eminentissimus,

109 3022 205 3083 tanto
229 3016 268 3083 ab
291 3018 437 3085 omnibus
465 3018 584 3085 bonore
607 3025 638 3085 et
663 3019 843 3085 reverentia
864 3019 1040 3100 colebatur,
1071 3022 1108 3082 ut
1134 3037 1193 3083 neo
1218 3018 1288 3103 ipee

110 3132 181 3199 dux
203 3110 390 3199 pomeranie
413 3132 603 3200 Wortizluus
632 3134 700 3200 sine
729 3134 861 3201 consilio
889 3138 923 3201 et
951 3152 1081 3199 amaneu
1111 3132 1179 3198 eius
1201 3132 1289 3216 quio·

111 3268 211 3333 quom
234 3266 328 3331 agera
352 3256 561 3334 presumeret;
586 3250 642 3315 sed
665 3249 705 3315 ad
726 3248 813 3315 illius
835 3255 948 3315 nutum
971 3248 1120 3315 uniuersa
1141 3253 1207 3314 tem
1230 3268 1288 3332 pu·

111 3362 199 3431 blica
222 3382 316 3446 quum
340 3364 467 3448 privato
490 3363 738 3449 disponebantur
767 3364 907 3447 negocia.
947 3363 1028 3429 Nam
1052 3370 1101 3429 et·
1123 3382 1198 3449 pare
1221 3382 1288 3429 ma-

111 3478 203 3545 xime
226 3478 313 3545 urbis
336 3477 524 3545 stetinensis
548 3514 589 3525 -
615 3499 685 3563 qne,
709 3480 923 3565 principatum
945 3478 1085 3545 omnium
1101 3477 1289 3545 Pomcranie

110 3592 280 3661 ciuitatum
303 3594 463 3677 obtinens,
492 3593 576 3660 tresb
599 3600 722 3661 montes
745 3614 802 3661 suo
825 3594 948 3661 ambitu
969 3595 1106 3661 inclusos
1129 3592 1225 3660 babet
1244 3628 1287 3641 --
1347 3650 1350 3655 .

112 3710 304 3797 propinquis
334 3716 366 3777 et
394 3708 539 3776 affinibus
562 3708 721 3776 Domizlai
750 3709 872 3794 repleta
901 3715 986 3789 erat;
1016 3711 1072 3776 sed
1096 3714 1133 3785 ,et
1159 3709 1193 3774 in
1216 3709 1288 3775 aliis

112 3824 410 3893 circumiacentibus
438 3824 618 3907 regionibus
646 3830 767 3891 tautam
797 3825 1046 3909 propinquorum
1076 3823 1202 3892 turbam
1231 3797 1312 3889 bas

112 3940 226 4023 bebai,
255 3945 380 4007 utnon
407 3938 499 4007 facile
523 3941 688 4026 quisquam
718 3940 746 4005 ci
775 3940 922 4007 resistere
946 3945 1060 4025 posset.
1096 3938 1205 4005 Sciam
1226 3940 1288 4004 ita·

113 4076 178 4141 que
207 4056 279 4143 pius
308 4055 398 4139 Otto,
433 4060 543 4142 utpote
573 4056 621 4121 sir
652 4055 892 4138 sagacissimus,
922 4055 1011 4140 quia,
1046 4055 1075 4119 si
1103 4052 1188 4120 buno
1214 4052 1289 4119 lidei

187 4246 208 4279 a
233 4232 315 4278 culmis
331 4232 386 4278 urbs
401 4231 441 4278 ills
457 4230 538 4289 Stetln,
560 4246 611 4293 que,
632 4234 692 4279 tres
711 4234 800 4278 montes
817 4245 858 4278 suo
875 4232 961 4278 ambitu
976 4230 1077 4277 inclusos
1092 4228 1187 4286 habens,
1205 4230 1288 4290 princi·

114 4315 195 4375 putum
212 4334 236 4345 ·-
251 4312 340 4359 obtinet
354 4312 379 4357 E
388 4324 436 4371 pro
452 4314 476 4357 et
490 4334 514 4343 -
527 4310 604 4358 habet.
697 4311 718 4356 b.
743 4313 841 4371 quatuor
859 4309 880 4358 0
893 4308 943 4368 (sed
957 4306 990 4370 cs.
1004 4324 1080 4369 supra
1094 4324 1118 4357 a.
1128 4308 1159 4368 a).

190 4418 215 4471 1.
234 4412 276 4471 cr.
293 4415 338 4471 ss.
353 4416 414 4485 118,
433 4416 459 4470 e.
566 4417 592 4471 a.
610 4416 655 4471 rs.
668 4416 693 4484 e,
708 4416 750 4471 10.
