3142 4850
326 283 389 347 166
688 294 854 344 unaarum
876 294 1004 344 oonnx.
1040 291 1084 344 aa.
1097 292 1132 343 se

217 476 287 530 1094
412 457 503 523 lllum
532 456 700 538 nimirum,
732 455 786 538 qui
815 475 850 521 se
877 455 912 520 in
940 459 1078 520 vestram
1108 453 1272 520 ecclesiam
1300 457 1375 538 post
1402 451 1493 518 huius

196 549 305 609 (Μ)
323 572 469 640 catholici
491 571 628 658 pastoris
653 570 838 637 electionem
860 574 1122 656 praesumptuose
1144 589 1182 635 ac
1208 570 1424 635 inreverenter
1448 568 1493 633 in·

323 691 430 772 gessit,
455 707 513 754 nos
529 706 600 753 eum
617 705 675 772 pro
691 704 847 771 personae
864 684 1036 752 inutilitate
1051 690 1118 750 turn
1132 705 1192 771 pro
1207 689 1331 752 vestrae
1345 683 1494 750 eeclesiae

322 802 510 870 necessitato
539 801 577 867 ah
606 800 812 886 usurpatione
840 798 983 871 indebita
1009 821 1066 887 per
1093 801 1269 888 praesentis
1297 798 1417 865 decreti
1441 819 1495 884 pa·

323 919 430 1002 ginam
460 915 605 1001 omnibns
633 915 737 982 modis
766 921 1017 1000 sequestramus3
1047 920 1079 982 et
1107 934 1233 997 omnes,
1261 914 1316 999 qui
1338 914 1369 979 ei
1391 931 1495 978 sacm-

323 1037 429 1099 meuto
453 1032 575 1099 astricti
597 1035 680 1114 suna
705 1035 877 1114 quantum·
899 1030 940 1096 ad
963 1031 1161 1116 episcopatus
1181 1030 1342 1112 honorem,
1367 1028 1407 1096 ab
1430 1027 1495 1094 eius

322 1146 474 1214 fidelitate
497 1145 697 1213 absolvimus.

415 1262 507 1328 Hunc
537 1281 628 1345 ergo,
653 1259 760 1326 dilecti
782 1261 815 1326 in
839 1260 965 1327 Christo
987 1258 1062 1344 tilii,
1088 1265 1240 1344 tauquam
1261 1256 1408 1341 angelum
1433 1256 1496 1324 Do-

291 1415 294 1430 ι
325 1377 404 1444 mini
432 1383 465 1445 et
491 1376 663 1443 catholicae
691 1373 765 1442 fidei
794 1377 932 1460 legatum
963 1375 1119 1460 excipite3
1151 1375 1225 1440 hnic
1255 1377 1322 1439 tam
1354 1372 1388 1438 in
1418 1372 1496 1438 diui-

325 1513 436 1560 norum
461 1512 555 1578 quam
575 1493 608 1557 in
625 1489 812 1558 secularium
828 1493 1029 1576 negociorum
1044 1490 1183 1557 consiliis
1200 1488 1333 1555 obedite.
1403 1486 1496 1570 Sane,

324 1610 399 1693 quia
426 1606 650 1674 catholicorum
677 1608 713 1672 in
740 1608 855 1674 vestris
884 1608 1027 1694 partibus
1057 1607 1275 1692 episcoporum
1304 1622 1425 1685 magua
1452 1606 1498 1669 eat

323 1725 454 1808 raritas,
488 1723 515 1789 si
545 1723 620 1807 quid
649 1723 744 1790 etiam
774 1723 807 1788 in
837 1722 948 1789 alienis
977 1721 1151 1809 parrochiis
1185 1741 1225 1786 ex
1253 1718 1498 1786 habundantiorl

326 1838 517 1925 apostolicae
540 1839 661 1922 gratiae
683 1844 716 1904 et
731 1844 859 1903 nostrae
874 1836 1070 1904 auctoritatis
1085 1835 1280 1921 plenitudine
1295 1835 1496 1921 disposuerit

323 1961 429 2021 ratum
450 1954 729 2038 inconvulsumque
750 1959 944 2039 permaneat.
1024 1952 1232 2038 Omnipotens
1247 1950 1404 2016 Dominus
1424 1969 1498 2036 apo

324 2069 478 2135 stolorum
501 2089 628 2134 suorum
652 2066 773 2134 meritis
797 2087 853 2134 vos
876 2089 896 2133 a
918 2068 1055 2154 peccatis
1080 2067 1224 2134 absolvat
1245 2072 1278 2134 et
1299 2071 1431 2132 eternae
1453 2065 1497 2130 vi-

325 2189 376 2252 tue
400 2190 560 2252 consortes
584 2183 707 2250 efficiat.

805 2270 1018 2280 ——.-.-—.

327 2393 389 2464 84.
416 2393 454 2463 G.
472 2397 568 2462 abhoc
584 2396 632 2460 ool
649 2398 851 2483 praepositas
866 2394 1018 2460 Hancine
1036 2393 1057 2459 l
1060 2395 1091 2460 V
1107 2398 1294 2481 imperarem·
1313 2417 1345 2459 aa
1360 2407 1496 2475 camut,

416 2514 501 2597 quod
522 2513 673 2577 umectata
696 2534 760 2575 ooo
784 2511 925 2595 effecum.
962 2512 1013 2576 De
1035 2514 1164 2577 iniurab
1186 2514 1374 2577 monasterio
1398 2511 1498 2576 illotas

416 2630 564 2713 queratur.
601 2626 826 2711 Imperatorem
848 2628 952 2691 redire
974 2626 1088 2714 capot.
1362 2624 1498 2707 (E184)

201 2770 305 2825 1091-
414 2757 622 2825 laviotissimo
655 2756 868 2825 Romanorum
902 2760 1040 2845 principi
1073 2758 1239 2826 Heinrico⁶
1273 2758 1374 2825 tocirm
1410 2760 1499 2843 regni

208 2840 298 2895 1096?
324 2874 538 2943 monarchiam
554 2878 703 2939 strennue
726 2872 915 2955 gubernanti
930 2873 979 2958 G.,
1002 2874 1063 2941 Dei
1085 2876 1196 2958 suique
1217 2873 1320 2957 gratia
1341 2874 1395 2939 idl
1416 2874 1499 2958 quod

325 2997 389 3077 est,
420 3010 489 3059 cum
521 2989 666 3056 contione
689 2987 750 3055 sibi
773 2989 959 3072 commissa,
988 2988 1112 3057 Christo
1139 2988 1198 3055 sub
1225 2990 1370 3077 principe
1391 2990 1500 3075 quieta

325 3126 403 3193 pace
426 3104 613 3191 quandoque
636 3104 841 3189 triumphare.

414 3220 567 3298 Quoniam
609 3224 733 3285 vestrae
768 3219 936 3302 legationis
970 3218 1138 3305 imperinm
1177 3220 1308 3285 minime
1346 3220 1498 3307 adimple-

325 3336 446 3403 vimus·
469 3334 573 3421 operis
596 3354 654 3419 per
669 3332 826 3418 effectum,
850 3335 884 3399 in
908 3340 1060 3420 quantum
1084 3334 1173 3401 salva
1187 3336 1283 3401 vestri
1303 3336 1408 3419 patio
1423 3336 1498 3404 lice·

326 3449 388 3533 bit,
417 3468 474 3515 nos
503 3449 646 3534 cupimus
676 3448 859 3515 excusatos'
885 3450 943 3533 iri;
977 3451 1175 3517 maiestatem
1200 3455 1339 3517 vestram
1368 3472 1499 3537 praeve-

326 3564 448 3633 nicntes
471 3564 582 3630 humili
609 3568 755 3651 precatu,
785 3575 843 3631 ne⁸
865 3565 968 3631 malae
990 3565 1162 3633 uoluntatis
1184 3566 1377 3633 asscribatur
1399 3566 1499 3650 negli·

326 3681 480 3765 gentiam,
504 3679 768 3765 impossibilitatis
792 3680 875 3764 quod
898 3681 1073 3767 impedivit¹
1096 3682 1213 3767 inopia.

415 3795 497 3862 Nam
519 3796 740 3879 ingravescens
764 3797 940 3881 praesentis
963 3797 1057 3863 etatis
1079 3802 1261 3883 tempestas,
1285 3797 1386 3865 tocius
1409 3797 1500 3881 regni

255 3976 259 3985 ,
328 3931 407 3996 quae
430 3910 597 3979 conturbat
619 3916 725 3999 partes
749 3915 781 3977 et
803 3911 939 3994 incolas,
967 3916 1056 3977 tanto
1078 3914 1218 3995 puriori
1245 3913 1420 3980 infortunio
1440 3931 1499 3977 uos

329 4026 494 4113 perturbat
517 4046 553 4093 ac
574 4027 657 4110 ferit,
682 4031 798 4117 quanto
822 4027 927 4093 minus
951 4028 1083 4113 quisque
1099 4028 1238 4095 dictante
1258 4029 1386 4097 iusticia
1407 4028 1499 4095 nobis

397 4252 418 4285 u.
443 4237 573 4297 quantual’.
637 4238 660 4285 b.
682 4238 1128 4299 eet'es,zp.178‚048e-oov.
1191 4254 1212 4287 o.
1229 4239 1312 4287 ΗΖ.
1374 4239 1398 4285 d.
1418 4236 1499 4285 our-G.

328 4331 349 4363 e.
371 4329 418 4363 non
435 4316 578 4375 implevimus
592 4316 636 4363 VZ.
732 4317 749 4363 f.
773 4320 892 4365 excusatas
912 4317 939 4365 G.
1036 4330 1059 4375 g.
1081 4332 1127 4365 neu
1146 4318 1174 4367 G.
1267 4318 1290 4365 la
1313 4318 1450 4377 redigentis
1469 4316 1499 4363 G.

327 4396 343 4440 i.
367 4395 493 4455 impediunt
506 4395 529 4440 l'.
