3142 4850
474 349 640 398 uurunrcr
661 350 789 400 connx.
825 349 867 403 aa.
880 349 916 402 as
1233 339 1277 405 53

107 501 166 572 26,
192 501 372 571 donam
409 509 573 592 eprbcopce
606 509 849 595 Bumberpenarb
882 512 1118 600 archispiscopo
1153 517 1278 582 cuidam

190 622 311 700 errabit,
335 642 368 685 ea
390 622 434 687 cd
455 625 577 688 cariam
594 621 770 709 partecoato
791 639 956 692 emtarum
978 638 1069 695 esset
1141 629 1181 709 (E
1198 631 1276 712 204)

192 751 459 819 Reuerentissimo
496 755 722 841 archipraesuli
755 756 794 822 N.
819 755 1042 840 G(unthems)¹
1070 766 1193 828 restrae
1221 783 1276 828 vo·
1292 778 1445 834 root-1064

4 849 5 928 Ῐ
102 868 217 934 luntati
240 869 276 932 iu
299 867 444 934 omnibus
468 875 500 934 et
521 889 579 954 per
602 872 709 936 omnia
730 858 955 940 deditissimus.

190 983 309 1050 Omnes
325 981 526 1050 difficultates
548 1005 709 1071 superare,
733 1005 842 1052 omnes
856 987 1046 1056 domesticas
1060 990 1275 1076 necessitates,

101 1119 181 1184 quae
204 1103 291 1164 certe
313 1099 472 1166 maximae
494 1105 578 1183 suut,
605 1102 702 1167 statui
723 1101 933 1187 dissimulare,
959 1105 1051 1171 utin
1073 1105 1275 1192 pentecoste*

101 1214 140 1279 ad
168 1213 291 1279 curiam
315 1249 357 1260 -
382 1215 456 1300 quia
477 1214 511 1280 id
527 1235 582 1280 ros
596 1235 788 1303 magnopere
810 1219 890 1284 velle
907 1217 1049 1302 intelligo
1072 1255 1114 1266 -
1138 1221 1272 1287 veniam.

100 1327 142 1394 Et
169 1329 247 1413 quia
275 1329 308 1393 iu
336 1329 369 1394 id
398 1329 503 1415 ipsum
536 1336 661 1417 tempus
695 1335 940 1400 controversiam
974 1339 1114 1401 nostram
1143 1335 1273 1403 dilatam

101 1463 167 1510 esse
190 1443 392 1528 meministis,
415 1445 554 1511 maxime
575 1445 609 1510 id
633 1443 725 1512 selim
749 1466 857 1514 nosse:
887 1454 1069 1515 utrumnam
1094 1451 1141 1515 sic
1161 1457 1273 1537 parato

4 1613 5 1616 η
101 1566 131 1626 et
151 1563 310 1626 instructo
333 1559 412 1625 mibi
435 1559 622 1628 veniendum
647 1561 698 1644 sit,
721 1566 757 1628 ut
778 1562 896 1629 ibidem
918 1563 1013 1631 finem
1030 1565 1211 1650 exitumque
1226 1566 1273 1632 rei

101 1681 324 1763 expectaturus
358 1675 435 1759 sim,
473 1692 586 1756 necne;
610 1676 747 1743 scilicet
779 1683 816 1744 ut
849 1697 1001 1764 personas
1034 1680 1075 1746 ad
1108 1681 1273 1764 negocium

4 1805 5 1810 ’
100 1791 294 1858 necessarias
308 1809 432 1856 mecum
448 1789 624 1856 exhibeam.
653 1791 889 1878 Verumtamen,
913 1793 1162 1879 qualemcunque
1179 1816 1272 1862 even·

4 1875 6 1972 ἶ
100 1913 167 1973 tum
189 1926 306 1973 causae
328 1910 455 1972 nostrae
477 1905 603 1971 divinus
626 1907 716 1971 favor
738 1911 770 1972 et
794 1913 899 1975 vestra
920 1909 1043 1976 dederit
1063 1909 1193 1993 fiducia,
1221 1931 1272 1977 me

4 2015 5 2020 ’
101 2043 161 2088 nou
189 2021 311 2108 pigebit
338 2020 455 2086 laboris
484 2025 516 2086 et
538 2021 715 2106 impensae,
746 2041 841 2106 quarn
869 2024 904 2088 in
927 2023 1110 2108 obsequium
1133 2024 1272 2092 dilectis·

4 2135 6 2214 l
102 2138 172 2203 dmi
195 2136 316 2202 domini
339 2137 439 2202 nostri
463 2140 495 2202 et
518 2141 640 2202 vestae
664 2135 835 2204 voluntatis
858 2137 1024 2206 arbitrium
1046 2141 1239 2226 impendam.

4 2381 5 2439 3
101 2337 163 2408 27.
187 2338 369 2408 &ardeus
402 2344 567 2427 episomam
602 2341 844 2429 Bumberpener‘s
874 2341 1034 2429 Sapifrafdo
1062 2343 1085 2408 Ι
1113 2343 1270 2431 archiepi-

4 2460 6 2489 l
185 2479 280 2543 acopo
304 2458 492 2542 Mopantr'uo
516 2458 555 2521 ds
573 2458 677 2544 pallio
700 2460 763 2525 cibi
783 2462 879 2523 mim
902 2458 1084 2544 eipntdcott
1135 2456 1175 2537 (Ε
1192 2458 1270 2538 203)

4 2670 5 2675 ἵ
185 2588 323 2656 Domino
347 2593 380 2654 et
402 2588 485 2675 patri
512 2589 690 2656 venerando
714 2585 909 2673 Sligiirido)'
932 2590 1117 2673 dignissimo
1143 2596 1271 2659 sanctam
1287 2609 1439 2665 10601064

4 2704 5 2779 ζ
98 2702 301 2789 lloguntinee
325 2704 409 2770 sedis
431 2704 657 2793 archipraesuli
681 2700 904 2787 Gluutberusl⁸
928 2704 1003 2771 licet
1024 2706 1172 2788 indignus
1195 2726 1270 2773 suus

4 2888 6 2905 ,
100 2819 314 2905 suffraganeus
337 2812 514 2887 orationum
539 2826 571 2887 et
593 2820 735 2906 obsequii
757 2826 944 2909 perpetuam
967 2820 1175 2887 devotionem.

4 2936 5 2955 ¹
183 2936 256 3002 Non
272 2934 409 3002 arbitror
420 2941 558 3003 vestram
571 2936 771 3022 prudentiam
781 2937 910 3020 fugisse,
926 2935 1061 3022 qualiter
1076 2934 1269 3017 Hleinricus)

4 3062 6 3107 :
97 3053 269 3139 imperator
291 3052 365 3137 piae
387 3052 558 3119 memoriae
580 3056 721 3118 nostram
737 3051 913 3138 ecclesiam,
936 3051 1025 3117 cuius
1040 3052 1109 3138 ipse
1122 3050 1270 3118 fundator

97 3166 246 3234 divinitus
285 3167 406 3251 extitit,
451 3166 612 3234 Romanae
651 3168 734 3234 sedis
778 3167 1021 3234 mundiburdiol
1061 3170 1271 3252 assignaverit

97 3290 277 3369 certamque
299 3283 483 3368 pensionem
507 3303 563 3349 suo
580 3286 722 3369 tempore
744 3282 793 3350 illi
808 3281 990 3350 solvendam
1007 3283 1098 3350 nobis
1115 3290 1268 3370 perpetuo

4 3460 5 3491 ,
96 3399 290 3486 imposuerit
327 3398 415 3464 Tunc
429 3397 588 3465 Romanus
604 3399 757 3485 pontifex,
774 3405 809 3465 ut
824 3399 905 3465 hanc
920 3397 1112 3483 singrdarem
1126 3404 1268 3465 nostram

95 3516 322 3582 subiectionem
345 3514 447 3597 magis
462 3513 616 3581 celebrem
640 3520 672 3581 et
685 3516 843 3599 insignem
858 3515 985 3600 faceret,
1009 3514 1154 3581 omnibus
1170 3513 1268 3581 eccle

94 3632 157 3697 sias
179 3635 311 3697 nostrae
333 3628 530 3717 praesulibus
547 3650 637 3696 usum
654 3630 742 3717 pollii
759 3630 900 3714 generali
916 3630 1082 3717 priuilegio
1098 3631 1267 3711 concessit;

4 3748 5 3753 ’
94 3754 126 3811 et
146 3746 282 3813 subinde
305 3745 360 3812 alii
383 3764 484 3832 papae
498 3746 616 3812 nostris
631 3746 892 3829 antecessoribus,
914 3745 1097 3813 commoniti
1112 3750 1144 3811 et
1158 3744 1268 3831 appel·

92 3860 159 3946 lati,
182 3862 267 3929 idem
284 3860 500 3947 sollempniter
515 3860 682 3928 indulsere.
718 3860 856 3940 Quorum
872 3860 1017 3947 exemplo
1033 3865 1066 3926 et
1080 3860 1268 3929 auctoritato

91 3976 168 4045 iste⁴
197 3998 324 4063 quoque
347 3983 550 4063 provocatus,
581 3981 707 4043 nostrae
735 3976 908 4043 humilitati
936 3976 1068 4062 pallium
1095 3975 1265 4041 secundum

163 4126 182 4158 a
205 4126 236 4159 aar
252 4110 345 4165 Vasa,
364 4109 385 4157 Ζ
394 4124 420 4171 p.
431 4112 483 4157 187.
546 4110 569 4157 b.
592 4109 742 4170 pentsrbosls
756 4110 778 4157 V.
843 4123 863 4156 c.
886 4123 916 4157 ec
931 4110 953 4155 V
965 4110 1024 4165 880,
1041 4107 1064 4155 Z
1075 4122 1101 4168 p.
1112 4108 1165 4163 187,
1185 4106 1267 4155 csse

91 4194 166 4247 -Ιό,
182 4194 205 4238 Β
222 4193 281 4238 dds.
346 4190 369 4235 d.
392 4189 418 4235 ia
433 4187 538 4251 usurpare
554 4190 674 4250 superam
688 4190 709 4236 V
722 4190 814 4251 lepitrsr,
833 4204 905 4236 moos
920 4203 981 4236 suec.
992 4187 1042 4235 XII
1055 4186 1181 4246 scriptam:
1202 4200 1267 4234 muu-

91 4270 223 4317 dx'burdiurn
238 4271 263 4317 id
280 4272 316 4317 esi
330 4270 468 4329 proprietas.

162 4360 186 4411 1.
205 4356 355 4427 episcopus
373 4353 594 4425 Bumbergeusis.
676 4356 701 4409 2.
726 4354 947 4410 11060---1084.
1028 4354 1054 4407 3.
1078 4366 1121 4422 ep.
1137 4350 1267 4407 Bamber-

89 4446 192 4515 gensis.
265 4444 292 4499 4.
311 4448 361 4500 aut
378 4442 507 4499 Nicolaus
518 4442 546 4497 Π
563 4446 612 4498 aut
629 4440 785 4499 Alexander
796 4444 832 4501 Π.
