3142 4850
385 349 565 396 uenenum
587 348 770 398 ussuosus.
803 350 900 398 uss
926 349 958 399 18
1195 336 1257 401 717

92 500 166 590 sst¹,·
187 508 244 572 sed
260 518 392 594 propter
414 530 475 590 eos,
499 512 554 597 qui
576 512 614 575 ab
636 510 690 574 iilo
706 509 823 597 supere
837 532 876 576 ae
890 510 1008 575 salomi
1025 514 1161 597 eupiunt,
1186 516 1260 600 quia

91 621 226 687 bornbses
252 623 447 709 multiplicati
473 636 545 688 suut
569 648 664 711 super
689 636 820 706 unam,
851 636 879 689 et
905 627 1032 691 cenobia
1060 628 1261 713 multiplicari

91 739 257 801 absurdum
276 759 340 801 non
363 751 415 803 est.
460 742 508 803 Ab
530 740 618 804 initio
640 740 748 819 sensti,
778 762 848 803 eum
873 743 972 826 panai
994 751 1092 805 esseut
1112 741 1258 821 bamines,

89 854 261 917 necessaria
283 864 352 918 erat
371 852 530 917 bominum
550 858 757 940 propapati05
780 865 810 919 et
831 857 900 919 ideo
923 877 985 918 non
1001 856 1196 920 continebant
1216 878 1257 936 se,

89 968 144 1030 seb
162 969 318 1032 nubebant
345 990 449 1032 ornnes
476 980 506 1033 et
530 980 661 1055 nuptum
684 970 810 1035 dabant.
858 970 953 1035 Nune
976 980 1077 1033 aretem
1101 969 1206 1053 inquit
1226 972 1259 1035 in

83 1082 151 1169 fine
170 1082 358 1163 esculanam,
392 1084 603 1169 multiplicatis
631 1084 805 1150 bomissibus
832 1108 925 1171 super
951 1108 1128 1165 numerum,
1163 1087 1259 1149 eonti-

89 1199 190 1260 nentie
211 1208 331 1284 ternpus
353 1210 414 1280 est‚·
437 1200 592 1263 continere
616 1201 725 1265 debent
745 1200 892 1280 borsines,
917 1202 1101 1287 quicumque
1119 1211 1258 1285 possunt,

90 1321 180 1398 atam
201 1334 314 1377 vacare
340 1315 416 1377 Dea.
460 1315 654 1379 Continentia
681 1338 754 1379 aero
777 1328 807 1379 et
829 1316 891 1379 alia
914 1317 1084 1379 sanctitatis
1107 1336 1203 1400 opera
1227 1316 1259 1381 in

88 1428 220 1492 eeisabiis
250 1428 359 1492 metius
386 1450 480 1515 worn
503 1441 592 1493 eatra
620 1432 777 1495 obseruari
807 1442 916 1516 potest.
964 1428 1027 1493 Hes
1048 1428 1142 1493 inubi
1164 1452 1258 1493 casua

87 1539 190 1624 inquit
208 1541 284 1629 suit,
308 1542 363 1608 bes
384 1546 511 1609 intentio
532 1516 761 1631 multiplicandi
781 1547 917 1611 cenobia.
952 1544 997 1608 Et
1018 1556 1053 1607 ut
1074 1544 1195 1631 ntiqssid
1211 1566 1258 1607 ss·

87 1658 220 1721 eundum
242 1658 397 1723 bominem
418 1661 540 1747 loquar,
564 1661 638 1723 dum
657 1662 829 1752 proficiunt
851 1670 942 1747 etque
961 1670 1153 1724 mereseunt
1168 1682 1258 1725 asno-

87 1773 137 1836 bia
158 1774 269 1837 stssdiis
291 1784 321 1837 et
342 1775 545 1839 oblationibus
567 1776 722 1864 fidetium,
746 1777 824 1839 sieut
844 1778 879 1838 in
898 1775 1055 1861 plerisque
1077 1774 1151 1839 iocis
1173 1775 1257 1839 uide·

84 1908 153 1950 rnus
175 1920 218 1931 -
242 1890 326 1975 quie,
350 1891 501 1953 tribuente
515 1890 596 1968 Deo,
615 1892 816 1975 promtuaria
838 1912 944 1954 eorum
964 1890 1069 1975 piene,
1095 1900 1257 1955 eructuan-

85 2004 129 2065 tia
151 2026 190 2067 ea
213 2002 271 2067 boa
292 2005 326 2067 in
346 2004 435 2085 iliud,
458 2027 528 2069 ones
551 2028 656 2068 earum
672 2004 1020 2092 fetose„babundentes
1042 2006 1075 2068 iu
1091 2004 1258 2089 epressibus

84 2120 161 2197 suis,
185 2118 278 2183 boses
298 2142 406 2183 eorum
427 2114 558 2199 Μεθ’,
586 2122 785 2206 ipsos-senique
810 2122 992 2206 providente
1013 2120 1168 2195 sollertia,
1196 2141 1258 2183 nou

85 2242 129 2297 est
147 2234 243 2297 mina
265 2235 399 2299 moseru
420 2258 519 2322 neque
545 2228 707 2299 transitus⁸
729 2236 847 2299 inutilis
868 2236 902 2299 in
924 2237 999 2299 satis
1028 2246 1056 2298 et
1082 2237 1184 2319 pratis
1207 2258 1256 2299 eo·

83 2368 152 2411 rum
172 2382 209 2393 -
233 2361 363 2434 possunt
381 2372 603 2438 nonnunquam
625 2350 737 2414 banori
758 2361 851 2437 atqsse
872 2350 998 2413 utilitati
1021 2372 1083 2414 esse
1105 2352 1168 2415 suis
1191 2353 1256 2439 epi·

83 2467 192 2550 scopis.
230 2464 360 2530 Sinera
383 2477 487 2532 tenues
505 2479 534 2532 et
552 2491 718 2552 pauperes,
742 2467 855 2530 babent
869 2489 1054 2530 succcessores
1076 2469 1145 2546 mei,
1171 2467 1258 2554 opud

84 2602 159 2666 quos
182 2590 335 2666 oportune
355 2582 502 2646 eabossnt
516 2583 697 2646 elemosinas
718 2605 800 2660 suas,
826 2594 854 2646 et
869 2583 1077 2646 secesionem·
1099 2584 1257 2648 investirent

84 2694 300 2782 benefaciendi
325 2697 497 2776 banestasn,
531 2699 559 2762 si
585 2719 669 2760 meos
690 2696 828 2760 sursrdos
852 2697 1013 2780 irripando
1036 2718 1109 2760 suas
1131 2697 1256 2762 arbores

77 2808 222 2895 faciunt5
245 2813 324 2875 siesst
346 2824 452 2898 stepo
476 2813 610 2876 abionem
632 2835 717 2876 meas
731 2811 801 2898 sesi
816 2811 945 2898 aliquas.
983 2809 1025 2874 Et
1040 2810 1171 2898 sosibius
1187 2815 1254 2900 qui·

83 2927 153 2990 dem
175 2937 221 2990 est
242 2927 386 2990 ineboata
404 2949 587 3012 prornaeere
609 2951 703 3014 quarn
726 2951 772 3006 eu,
803 2949 862 3014 que
884 2927 969 2990 nubta
991 2937 1070 3006 sunt,
1099 2927 1254 2992 inchoare.

81 3040 177 3106 Initia
201 3043 283 3107 euim
304 3066 410 3107 remen
432 3042 579 3130 difficilia
601 3053 679 3108 sunt.
727 3043 828 3122 obde,
857 3044 885 3106 si
907 3044 961 3129 qui
983 3043 1027 3106 ud
1047 3041 1255 3106 iosboaudurn

83 3157 157 3243 tulia
181 3158 269 3222 tardi
282 3157 407 3243 suerint
429 3169 458 3223 et
479 3159 588 3237 timidi,
612 3158 661 3221 vel
682 3159 757 3221 meis
772 3159 874 3222 iniciis
888 3159 1023 3244 meisque
1038 3155 1255 3244 fiendameutis

82 3271 114 3336 in
141 3275 268 3338 nemine
297 3275 428 3338 Domini
458 3266 719 3362 superedifican‘
747 3276 958 3358 aeeinpantur.
1005 3270 1097 3336 Tales
1126 3291 1254 3338 suorum

7 3417 14 3430 ·
82 3405 214 3471 operum
239 3387 293 3453 ille
315 3389 455 3453 rationes
477 3386 608 3452 reddere
629 3406 693 3452 non
709 3385 896 3468 dedignatus
913 3391 971 3468 est,
997 3387 1056 3452 hoe
1072 3385 1133 3452 fine
1148 3387 1255 3454 omniu

82 3501 288 3569 ooncludens:
313 3517 347 3570 ut
369 3507 403 3568 in
427 3503 569 3568 omnibns
593 3503 813 3586 honorificetur
828 3497 935 3568 Deus⁸
959 3515 987 3568 et
1005 3505 1171 3590 prosimus
1195 3506 1253 3568 ad·

81 3620 213 3684 iuvetur.
316 3618 382 3685 Neu
403 3639 475 3686 eum
499 3619 607 3701 utique
630 3639 702 3704 spes
725 3617 846 3684 fefellit.
887 3615 987 3684 Multa
1010 3619 1093 3684 enim
1110 3618 1192 3684 boue
1215 3639 1254 3684 ex

81 3734 149 3800 eius
182 3734 298 3800 studiis
330 3733 364 3799 in
399 3734 531 3799 eeclesia
563 3753 737 3819 provenere
771 3739 866 3817 utque
894 3734 1083 3818 preveniunt
1114 3733 1252 3800 cottidie.

81 3847 160 3926 Quid
184 3847 270 3915 euim
294 3853 387 3934 putes
411 3849 444 3913 in
466 3853 515 3914 tot
534 3847 623 3914 sellis
638 3854 670 3914 et
683 3847 822 3914 cenobiis
837 3847 905 3914 Deo
921 3849 1045 3913 servicii
1068 3855 1100 3914 et
1115 3849 1252 3932 honoris,

82 3965 155 4046 quib
178 3964 326 4052 proximo
349 3962 457 4028 solacii
481 3963 647 4029 exhibetur
662 3969 695 4029 et
710 3962 877 4030 utilitatis?
919 3963 1016 4046 Sigus
1039 3963 1103 4028 illie
1127 3970 1158 4029 et
1180 3985 1254 4050 por-

81 4083 169 4146 senta
191 4100 250 4166 per
273 4098 345 4145 eum
368 4084 400 4146 et
422 4099 479 4163 per
501 4079 570 4145 eius
592 4098 690 4164 opere
712 4078 792 4144 fiunt
814 4079 959 4160 oottidie3
989 4084 1021 4144 et
1048 4079 1076 4144 si
1098 4098 1160 4144 non
1185 4097 1254 4144 sor-

152 4271 173 4302 ι
197 4257 330 4303 occasiones
347 4257 377 4312 N,
395 4256 537 4302 bunionem
555 4254 603 4302 CB.

152 4361 177 4414 1.
198 4359 323 4429 110h.5‚
338 4360 380 4414 19.
463 4362 488 4414 2.
508 4361 552 4415 1³0.
567 4359 627 4429 143,
642 4359 683 4413 ss.
699 4359 740 4414 14.
824 4360 850 4413 u.
870 4360 914 4413 os.
929 4360 989 4428 sss,
1004 4359 1045 4414 14.
1126 4359 1152 4414 4.
1173 4359 1252 4417 100-

80 4445 159 4502 enu.
173 4449 199 4518 3,
215 4449 258 4502 ιο.
365 4447 607 4518 5.11>eu.4,11.
