3142 4850
325 324 390 387 tec
604 340 784 388 annaeum
806 340 989 389 praecone.
1024 342 1090 387 om.
1106 341 1146 387 m
1172 336 1223 388 na

236 517 304 571 1127
324 500 440 567 flumen
468 500 501 565 in
524 499 678 566 Habalam
709 501 891 586 prolapsus,
922 500 1063 567 Lentieie
1090 501 1200 566 littora
1226 519 1326 585 usque
1347 500 1492 565 adredus

244 592 299 650 ΑΨ·
325 622 383 683 est.
419 616 461 682 Et
483 636 523 681 ne
545 616 649 683 inanis
673 621 705 683 et
721 636 837 684 vacuus
852 616 1023 682 adveniens
1038 636 1154 702 sponse
1168 636 1225 681 sue
1239 614 1405 681 vilesceret
1417 635 1493 680 nere

325 732 375 815 hi,
398 733 452 817 qui
476 730 579 797 adhuc
601 731 804 799 convertendi
827 738 929 815 erant,
952 733 980 799 ei
1003 733 1097 797 modo
1119 752 1190 797 enm
1214 737 1343 817 sumptu
1366 736 1495 816 poneret

326 848 379 934 qui
403 847 492 932 prins
516 848 584 914 sine
607 853 735 933 sumptu
759 853 910 932 posuerat
931 848 1142 932 euangelium,
1167 853 1278 913 eonha
1299 867 1334 912 se
1356 867 1493 913 murmu-

324 968 444 1046 rarent,
469 964 501 1028 in
526 964 594 1028 auri
618 968 651 1031 ot
673 962 796 1045 argenti
818 964 920 1048 copia,
943 965 976 1028 in
1000 983 1144 1050 purpura
1165 969 1197 1029 et
1219 964 1305 1028 hisso
1327 969 1361 1028 et
1382 964 1493 1048 pannis

325 1079 476 1166 preciosis
506 1084 539 1143 et
562 1079 745 1145 muneribus
769 1079 893 1161 magnis
915 1084 948 1144 et
970 1080 1068 1144 variis
1090 1069 1156 1165 pro'
1170 1079 1325 1145 venerate
1345 1098 1493 1164 persona

326 1215 413 1278 rom,
437 1194 525 1261 dives
548 1194 670 1261 studuit
692 1194 849 1259 advenire.
885 1193 1082 1279 Cunctaque,
1105 1193 1198 1260 ilalle
1219 1200 1366 1279 coempta
1386 1200 1422 1259 et
1442 1213 1494 1259 na·

325 1311 409 1395 vigio
432 1330 531 1396 usque
553 1311 587 1375 in
602 1309 774 1376 Leuticiam
801 1315 936 1394 portata,
960 1310 1104 1377 curribus
1120 1315 1153 1376 et
1166 1310 1327 1395 quadrigis
1342 1310 1494 1395 quinqua·

222 1467 239 1499 f,
279 1454 308 1499 a,
325 1428 414 1509 ginta
436 1448 507 1493 cum
523 1446 649 1493 annona
663 1426 830 1512 imponens
845 1425 900 1508 ibi,
924 1446 982 1512 per
995 1432 1111 1493 terram
1128 1425 1270 1492 Lenticie
1284 1445 1385 1510 nsque
1399 1426 1495 1491 Timi-

325 1562 398 1608 nam
422 1544 581 1610 civitatem
598 1541 784 1608 Pomeranie
806 1543 1044 1627 transportavit
1134 1541 1202 1620 Quo
1223 1542 1276 1607 ubi
1295 1561 1367 1607 eum
1390 1540 1494 1607 labore

326 1676 363 1723 ac
385 1658 573 1741 fatigacione
590 1663 718 1723 neutum
742 1663 801 1740 est,
823 1656 940 1723 multos
963 1658 1108 1725 horrores
1131 1664 1164 1725 et
1180 1676 1313 1744 pavores
1327 1656 1385 1723 illa
1406 1662 1494 1723 nocte

326 1771 370 1838 ihi
393 1773 608 1839 sustinuimus.
644 1772 725 1837 Nam
746 1774 858 1839 cintae
880 1772 947 1856 illa,
970 1774 1031 1840 Dei
1048 1774 1150 1840 adhuc
1162 1775 1284 1856 ignara,
1307 1773 1408 1839 cruda
1422 1792 1494 1856 qno

327 1888 493 1955 dnmmodo
523 1893 556 1955 et
585 1887 717 1954 barbara
744 1888 805 1953 init
826 1888 1024 1970 christianis3
1054 1895 1086 1955 et
1107 1909 1165 1956 nos
1187 1891 1287 1973 ignoti
1310 1889 1351 1955 ad
1374 1889 1494 1972 ignotos

326 2004 479 2070 venimus.
518 2002 624 2071 Solum
647 2009 753 2070 lamen
769 2004 857 2071 urhis
878 2004 1050 2091 prefectum
1068 2006 1101 2071 in
1123 2006 1220 2091 priori
1242 2006 1494 2091 peregrinacione

327 2121 486 2203 cognitum
503 2120 665 2204 habentes,
680 2122 785 2207 ipsum
802 2120 841 2187 de
856 2122 996 2208 hospicio
1011 2123 1229 2202 eonvenimns3
1247 2122 1301 2187 sed
1317 2120 1382 2201 ille,
1399 2122 1494 2185 amice

327 2255 385 2301 nos
413 2236 587 2321 suscipiens
616 2242 648 2302 et
676 2237 755 2302 alios
784 2256 908 2321 qnoque
938 2258 972 2303 se
1000 2238 1140 2325 hospites
1169 2237 1350 2304 habiturum
1378 2237 1495 2315 dicens,

329 2370 434 2416 aream
467 2352 557 2417 iuxta
586 2352 745 2418 civitatem
776 2352 809 2416 iu
841 2354 938 2418 ueteri
967 2353 1095 2419 castello
1124 2358 1232 2420 nostre
1258 2352 1418 2419 mansioni
1445 2353 1496 2419 de

328 2467 474 2551 signavit
512 2468 547 2533 ln
571 2489 632 2553 qua
654 2467 728 2534 lixis
747 2469 901 2552 tentonia,
924 2489 982 2536 nos
998 2472 1194 2555 requieturos
1209 2476 1385 2556 sperantes,
1410 2469 1495 2535 ranis

327 2583 500 2650 tenoribus
523 2589 590 2650 tota
613 2584 668 2650 illa
691 2591 782 2650 nocte
806 2584 1013 2667 agitabamur.

418 2701 448 2765 2.
477 2700 558 2766 Nam
582 2699 646 2766 dux
662 2698 858 2783 Pomeranie,
882 2701 1090 2787 populatores
1105 2700 1290 2784 Lenticiam,
1314 2721 1387 2767 cnm
1409 2721 1497 2767 exer·

328 2817 394 2882 citu
422 2816 531 2882 eadem
559 2821 651 2882 nocte
678 2815 732 2882 illo
757 2822 907 2882 venturus
930 2821 1008 2884 erat.
1050 2817 1265 2884 Timinenses·
1289 2822 1396 2883 autem
1418 2815 1497 2883 Len·

328 2933 419 2999 ticies
442 2931 609 2999 audierant
631 2931 670 2998 od
692 2951 832 3018 pugnam
855 2932 900 2998 ihi
923 2933 952 2999 ei
975 2953 1175 3013 occursuros3
1198 2933 1284 2999 unde
1297 2952 1361 2998 non
1375 2933 1499 3000 modios

328 3047 502 3135 trepidatio
524 3047 585 3114 fuit
608 3048 640 3112 in
661 3049 799 3114 civitate.
835 3049 1002 3131 ingruente
1017 3049 1114 3131 igitur
1128 3049 1230 3115 nocds
1245 3048 1386 3133 silencio,
1410 3069 1498 3116 exer-

328 3165 409 3230 citos
431 3163 521 3229 ducis
544 3183 600 3250 per
622 3169 743 3229 turmas
768 3183 841 3230 suas
864 3164 939 3231 illoo
962 3163 1121 3230 confluxit.
1157 3164 1353 3248 Factumque
1375 3171 1443 3248 est,
1466 3173 1499 3230 ut

329 3301 392 3346 una
419 3279 530 3345 cohors
560 3279 701 3364 peditum
724 3285 756 3346 et
778 3279 879 3346 altera
901 3280 1012 3347 cohors
1036 3281 1192 3366 equitum,
1221 3280 1389 3346 ediverso
1411 3281 1500 3346 iuxta

328 3395 489 3460 civitatem
512 3397 743 3478 convenientes,
767 3396 928 3480 quianon
950 3404 1020 3463 erat
1042 3403 1210 3481 utrumque
1225 3417 1259 3462 so
1274 3395 1382 3462 hostes
1397 3398 1500 3482 suspi-

329 3511 407 3594 cati,
431 3509 609 3576 diutissime
631 3510 744 3593 gladiis
767 3532 801 3579 se
825 3511 979 3579 cederent.
1015 3513 1080 3579 Nos
1104 3532 1194 3596 vero,
1218 3512 1355 3598 strepitu
1379 3532 1417 3580 ae
1438 3513 1501 3579 tin-

327 3625 397 3692 nitu
422 3645 579 3691 armorum
605 3627 733 3694 excitati
757 3634 790 3694 et
811 3629 964 3713 exterriti,
988 3628 1093 3711 ignem
1109 3627 1269 3695 incastris
1284 3631 1404 3696 nostris
1419 3649 1501 3716 aqna

201 3719 206 3734 ⁶
329 3741 541 3828 perfodimus,
565 3743 671 3826 lugam
694 3744 893 3811 meditantes.
941 3743 1080 3826 interea,
1103 3745 1204 3810 socios
1227 3764 1262 3810 se
1284 3752 1501 3828 agnoscentes,

328 3857 375 3923 illi
400 3877 418 3924 a
441 3877 548 3944 pugne
576 3859 745 3926 desierunt
791 3860 953 3927 Preiectus
976 3880 1065 3943 vero,
1095 3860 1192 3926 misso
1214 3860 1350 3927 satellite
1372 3881 1502 3928 cansam

329 3973 415 4039 illius
443 3954 596 4040 tumultus
624 3974 715 4041 nobis
744 3975 924 4059 insinuans,
954 3996 994 4044 no
1020 3977 1203 4043 timeremus
1225 3978 1364 4059 rogarit;
1394 3979 1504 4063 sicque

331 4089 479 4172 animati,
508 4090 706 4156 constitimus
728 4091 762 4156 in
786 4091 854 4157 loeo
877 4097 995 4158 nostro.
1085 4091 1183 4158 Facto
1204 4111 1297 4157 mane
1319 4092 1401 4176 dux,
1429 4113 1502 4158 cnm

330 4206 471 4272 exercitu
494 4206 579 4271 omni
604 4206 644 4270 ad
670 4207 801 4292 predam
824 4207 993 4290 festinans,
1022 4207 1204 4293 episcopum
1227 4207 1334 4274 udere
1356 4228 1420 4273 non
1447 4230 1505 4294 po-

330 4321 406 4403 tuit3
437 4321 492 4388 sed
521 4321 626 4388 missis
655 4323 777 4388 nunciis
806 4322 923 4389 ibidem
952 4321 1042 4388 illum
1061 4322 1123 4388 die
1151 4321 1207 4388 illa
1233 4342 1269 4388 se
1296 4324 1422 4406 rogarit
1448 4345 1505 4391 ex·

403 4475 424 4508 a
448 4461 574 4509 'liminares
591 4465 621 4512 N.
