3142 4850
483 315 649 366 nummos
673 316 802 366 coum.
835 315 872 367 aa
1221 301 1265 366 89

90 476 163 560 Dei,
192 475 320 544 debitae
343 475 541 544 obedientiae
563 476 789 545 subiectionem
812 483 845 545 et
866 476 1010 546 sedulam
1037 479 1182 564 obsequii
1211 478 1265 546 de·
1285 495 1354 550 tolo

90 593 256 659 vodonem.
1295 569 1341 615 ¹⁸²

175 707 262 786 Quid
289 727 403 776 eausae
428 707 620 776 intercedat·
656 713 688 775 et
717 709 793 793 quid
820 709 1040 797 impedimenti
1072 711 1264 797 intercipiat,

91 825 170 909 quod
192 829 305 890 sancto
321 825 394 890 buic
409 831 537 890 sancus
556 823 747 910 apostolieae
762 824 847 892 sedis
862 822 1012 892 concilio¹
1033 826 1187 894 interesse
1200 846 1265 892 nou

92 917 238 1026 possum,¹
254 941 337 1006 sieut
357 940 422 1006 iam
440 940 539 1026 priori
552 939 710 1023 legatione
725 939 911 1024 significari,
932 941 980 1007 ita
994 946 1027 1008 at
1039 961 1124 1008 nono
1138 947 1266 1009 amatae

91 1055 276 1140 paternitati
304 1061 429 1122 vestrm
456 1075 495 1121 ex
523 1055 595 1142 ipsa
628 1055 762 1121 veriats
796 1056 967 1139 denunci03
1002 1057 1150 1124 videlicet
1182 1056 1266 1141 quod

92 1171 198 1238 eodem
229 1171 379 1258 paralisis
408 1171 534 1254 morbo,
565 1189 626 1257 quo
649 1174 725 1236 tuuc
745 1169 944 1255 laborabam,
974 1192 1038 1238 non
1066 1173 1193 1257 quidem
1215 1193 1266 1240 re·

92 1287 217 1352 nimius
241 1287 297 1354 sed
319 1288 355 1353 in
377 1287 444 1353 dies
468 1287 590 1352 auctus
613 1287 779 1371 annusque
801 1286 920 1352 laboro.
956 1286 1022 1353 Nee
1043 1288 1103 1354 boc
1124 1293 1266 1376 praeter-

91 1403 179 1469 mitto
209 1409 267 1469 aut
295 1401 380 1468 tastu
409 1401 575 1488 superbiae
604 1407 661 1468 aut
682 1407 865 1488 contemptu
894 1392 1140 1486 inobedientiam
1172 1424 1266 1489 quem

92 1520 215 1585 animae
238 1519 386 1584 morbum
409 1517 515 1584 divina
537 1517 699 1584 miseratio
722 1517 816 1601 longe
837 1518 935 1584 faciat
956 1538 1053 1585 ame.
1087 1519 1157 1586 Non
1180 1520 1265 1588 enim

92 1634 259 1701 cuiuslibet
286 1635 409 1717 negocii
440 1633 613 1718 quamlibet
634 1633 767 1698 maximi
796 1651 847 1700 me
869 1634 1007 1700 retinere
1035 1640 1144 1721 posset
1164 1636 1266 1723 impe·

91 1749 278 1833 timentum,
301 1769 395 1836 quem
418 1750 458 1815 ad
481 1769 537 1816 ros
559 1768 623 1815 non
646 1747 714 1814 sola
735 1748 823 1814 ducit
844 1748 991 1816 voluntas
1017 1750 1076 1816 sed
1097 1755 1130 1817 et
1152 1751 1266 1818 ardens

92 1865 188 1931 trabit
217 1867 420 1933 desiderium.
463 1863 534 1932 Mea
562 1883 698 1948 namque
726 1865 879 1930 intererat
913 1869 945 1931 et
978 1864 1037 1932 boo
1065 1864 1266 1933 obedienciae

91 1982 175 2048 racio
205 1987 239 2048 et
266 1983 409 2048 curiatis
437 1981 514 2048 ordo
536 1978 702 2068 poscebat,
731 1983 768 2046 ut
796 1980 870 2046 buia
896 1983 1058 2048 consorcia
1083 1988 1266 2049 sanctorum

92 2097 278 2164 interessem
308 2101 340 2164 et
367 2097 406 2164 de
428 2097 614 2183 praesencia
642 2097 691 2164 vel
715 2097 904 2165 allocutione
925 2101 1020 2183 atque
1042 2098 1082 2164 de
1103 2095 1267 2165 salutifera

91 2213 259 2280 sudatione
281 2213 381 2279 divini
402 2213 503 2299 patris
526 2213 590 2278 mei
612 2211 775 2298 Gregoriil
798 2217 831 2280 et
851 2213 971 2280 Christi
996 2214 1196 2281 sacerdotum
1217 2213 1266 2282 hi·

6 2317 7 2350 ³
91 2328 249 2396 lacescens
277 2329 312 2395 in
340 2328 452 2396 melius
485 2327 679 2416 proficerem.
718 2329 784 2396 Nec
811 2328 1016 2416 penitendom
1044 2333 1128 2397 esset
1153 2329 1267 2414 longae

92 2446 160 2513 riae
192 2451 225 2513 et
251 2446 359 2529 magni
381 2443 517 2530 laboris,
547 2445 664 2533 quippe
693 2446 748 2512 ubi
776 2447 959 2533 proveniret
985 2446 1106 2513 tructus
1132 2466 1267 2531 magnae

91 2562 213 2629 salutis.

181 2676 339 2743 Maximae
363 2682 467 2743 autem
490 2680 596 2759 grates
626 2694 697 2742 cnm
721 2674 834 2742 humili
863 2676 991 2743 inclinio
1017 2681 1143 2745 restrae
1164 2679 1267 2745 refero

93 2794 270 2876 sanctitati,
301 2790 385 2876 quod
413 2790 564 2875 legationi
592 2796 719 2858 nostras
749 2798 816 2857 mm
844 2792 1015 2860 clementer
1042 2812 1151 2859 aurem
1176 2792 1267 2860 inoli-

93 2911 192 2976 nastis
221 2910 373 2996 ipsosque
402 2906 523 2991 legatos
558 2907 637 2974 bene
672 2906 846 2973 admisistis
879 2914 913 2975 et
937 2906 1052 2975 melius
1084 2907 1266 2989 dimisistis3

6 3050 7 3085 ς
94 3024 238 3110 qnodque
267 3022 390 3110 placuit
416 3028 540 3089 vesum
568 3022 731 3089 sanctitati
759 3022 908 3108 andquae
937 3021 1114 3091 dilectionis
1143 3027 1176 3089 at
1196 3042 1267 3107 ger·

93 3160 204 3207 manae
229 3138 405 3207 affectionis
428 3144 554 3205 nostrae
577 3144 642 3205 tam
660 3138 795 3223 benigne
808 3134 998 3222 reminisci¹,
1020 3156 1080 3205 nee
1093 3138 1128 3204 in
1141 3156 1268 3207 summa

93 3254 319 3343 speculationis
347 3272 419 3322 aree
448 3260 480 3321 et
507 3256 541 3320 in
564 3256 635 3342 ipsa
660 3253 801 3321 omnium
824 3253 1028 3321 eccledarum
1056 3253 1268 3322 sollicitudine

94 3372 230 3439 aluistis
253 3368 536 3459 praetereundum,
566 3370 650 3455 quod
672 3370 747 3439 olim
772 3369 875 3435 adbm
896 3369 930 3435 in
951 3370 1025 3456 ipsa
1045 3371 1172 3456 privata
1192 3390 1267 3438 con·

94 3490 270 3555 vcmtione
294 3486 412 3554 Christi
434 3464 517 3553 inter
539 3506 596 3553 nos
619 3486 723 3552 iuerat
738 3486 871 3553 carimte
885 3486 1096 3553 coniunctum.
1130 3486 1268 3555 Proinde

94 3603 278 3691 multiplicis
302 3622 379 3687 erga
400 3622 452 3668 me
479 3602 682 3686 benignitatis
706 3608 831 3669 vestae
853 3602 957 3685 gratia
978 3600 1067 3667 nulla
1088 3608 1266 3689 temporum

93 3718 324 3804 longinquitate
341 3717 449 3802 deleri,
473 3716 560 3784 nulla
578 3736 728 3803 umquam
751 3737 858 3783 rerum
874 3717 924 3783 rel
946 3720 1115 3783 eventuum
1137 3719 1268 3804 inequa-

93 3832 182 3901 litate
206 3834 324 3921 poterit
346 3832 529 3901 oblitterari.
570 3832 632 3901 Sed
655 3832 696 3901 ad
722 3834 781 3899 hoc
803 3831 1065 3920 promerendum⁸
1086 3838 1197 3900 nostra
1218 3852 1268 3901 se·

95 3950 166 4017 dulo
196 3950 342 4035 vigilabit
363 3950 535 4018 industria:
564 3954 600 4015 ut
627 3950 661 4017 in
687 3949 747 4052 hoc
768 3968 972 4036 perseverare
994 3953 1101 4016 vestra
1121 3948 1268 4032 dignetur

94 4064 315 4133 benivolentia

163 4196 184 4228 a.
208 4182 332 4229 intercidat
344 4180 392 4239 Vn,
410 4194 472 4227 corr.
487 4179 513 4227 ia
529 4178 656 4227 intercedat
672 4178 698 4227 Ζ,
760 4178 782 4226 b.
808 4179 835 4227 (i.
851 4178 900 4226 ΖΒ.
963 4191 982 4224 c.
1005 4190 1047 4237 pro
1063 4176 1188 4225 macedium
1201 4177 1225 4226 V.

165 4268 191 4322 1.
210 4268 313 4324 mensis
325 4266 406 4323 Febr.
420 4283 444 4322 a
457 4266 538 4338 10753
558 4264 593 4321 ci.
607 4264 792 4337 GregoriiVIl
802 4266 921 4335 Registr.
932 4264 958 4319 ll
975 4264 1011 4319 29
1029 4278 1113 4334 snpra
1122 4263 1157 4319 Τ.
1167 4264 1194 4319 ll
1207 4264 1267 4321 141.

95 4356 119 4410 2.
140 4356 304 4426 „Recordan'
322 4354 459 4411 credimus
477 4352 676 4411 fraternitatem
694 4358 784 4425 tuam,
804 4368 887 4423 quarn
905 4366 975 4424 puro
993 4367 1085 4408 amore
1105 4354 1170 4409 ante
1187 4352 1269 4409 hnios

32 4440 37 4447 '
96 4448 206 4500 nosbae
225 4444 467 4501 administrationis
489 4445 624 4500 sarcinam
635 4448 664 4499 te
675 4440 837 4499 dileximusl
851 4440 994 4512 Greg.Vll
1011 4440 1166 4512 Regiatr.11
1177 4441 1213 4497 29
1223 4440 1268 4496 ll.
