3142 4850
318 331 385 396 390
662 345 829 394 unsrarcr
850 344 978 393 conns.
1014 339 1140 392 arecia

150 508 443 578 1¹119-1124nuntios
467 507 545 574 bene
568 505 748 592 receperint
770 511 802 571 et
824 525 883 590 per
905 524 958 571 eos
981 503 1073 569 nobis
1095 521 1170 568 suas
1192 500 1374 567 elemosinas
1388 499 1468 564 mise·

317 625 391 706 rint,
408 623 642 689 benefactorum
659 627 692 686 et
707 621 895 702 orationum,
918 639 999 703 quae
1012 618 1095 684 liunt
1107 618 1158 684 in·
1172 617 1369 699 lerosolimis,
1383 615 1471 680 sdaut

317 759 352 804 se
374 759 444 804 esse
468 739 647 824 participes.
723 735 909 819 Quicunque
923 740 1029 800 autem
1052 735 1086 800 in
1100 737 1244 799 noemam
1260 732 1471 797 batcmitatem

257 882 260 889 ·
316 854 516 919 intraverunt
543 851 616 918 rel*
642 851 821 932 intrabunt,
848 851 896 916 ita
922 851 988 916 sint
1014 849 1117 916 securi
1144 848 1185 914 de
1210 847 1339 913 Domini
1365 843 1473 911 miseri·

317 969 434 1051 cordia,
458 968 549 1052 quasi
571 967 633 1052 ipsi
657 965 797 1031 militent
817 966 850 1030 in
867 965 1073 1046 ierosolimis3
1096 969 1129 1029 et
1150 963 1305 1048 recipient
1326 962 1365 1028 ab
1386 961 1474 1026 omni·

317 1083 440 1168 potenti
455 1081 523 1148 Deo
538 1081 671 1164 gloriam
696 1087 727 1148 et
742 1100 890 1147 coronam
914 1080 1069 1162 iusticias,
1092 1099 1189 1163 quam
1203 1077 1315 1144 reddet
1328 1078 1373 1144 eis
1386 1077 1474 1142 iustam

317 1197 424 1279 iudex,
447 1197 501 1280 qni
524 1215 594 1264 oum
611 1195 705 1262 Patre
729 1201 761 1261 et
776 1195 899 1281 Spiritu
914 1201 1024 1262 sancto
1039 1195 1120 1260 vivit
1134 1199 1166 1260 et
1180 1199 1293 1276 regnat
1311 1211 1368 1278 per
1383 1189 1477 1258 omnia

318 1310 425 1378 secula
446 1311 633 1378 seculorum.
657 1309 782 1376 ¹Amen.

320 1521 409 1592 217.
430 1522 571 1590 culmea
589 1523 630 1588 il
642 1545 736 1608 papa
759 1523 902 1588 omnibus
920 1544 981 1608 per
994 1523 1161 1608 Europam
1176 1522 1326 1603 fidelibus
1346 1525 1479 1586 aenaea

432 1639 618 1718 casmenas,
639 1640 818 1724 praepositi
830 1638 1018 1702 senodochii
1029 1637 1321 1722 Hierosolymitaai,
1339 1657 1480 1702 commea·

430 1756 508 1820 dore
529 1755 679 1818 uiolaturi
1359 1751 1398 1832 (E
1412 1747 1479 1830 358)

152 1898 305 1953 lits-1124
408 1885 551 1952 Domnus
575 1903 661 1970 papa
675 1883 821 1950 Calixtus
843 1903 954 1950 servus
976 1901 1139 1950 serrorum
1157 1883 1220 1949 Dei
1239 1881 1366 1950 dilectis
1386 1881 1481 1948 fratri

320 2000 379 2067 bus
402 1999 559 2085 episcopis
575 1999 742 2066 abbatibus
757 1997 901 2085 plebanis
916 1998 1075 2067 canonicis
1091 2018 1128 2064 ac
1145 1998 1318 2084 capellanis
1334 1994 1482 2064 etaetatis

320 2132 377 2201 per
396 2113 556 2200 Europam
580 2114 725 2180 fidelibus
748 2114 884 2180 salutem
906 2119 940 2178 et
961 2112 1166 2198 apostolicam
1191 2113 1446 2180 benedictionem.

408 2229 554 2296 laeticiae
577 2230 659 2295 ratio
683 2229 783 2311 exigit
807 2229 992 2294 strationis
1016 2228 1093 2293 ordo
1116 2230 1269 2314 exposcit,
1296 2235 1344 2314 ut,
1373 2245 1485 2314 quasa

320 2343 560 2431 praedecessore
583 2349 690 2410 nostro
714 2349 844 2410 sanctae
860 2344 1032 2410 memoriae
1049 2363 1134 2431 papa
1148 2343 1338 2410 Paschasio⁴
1354 2341 1485 2411 mittatis

322 2462 440 2529 intuitu
453 2460 626 2527 constituta
640 2465 725 2541 sunt,
744 2480 803 2527 nos
818 2465 945 2529 auctore
960 2460 1096 2527 Domino
1112 2480 1336 2529 conservemus
1344 2458 1363 2526 ¹.
1433 2457 1487 2525 La·

326 2581 428 2643 torem
451 2577 676 2661 praesentium,
699 2575 738 2643 ab
756 2575 997 2643 ierosolimitani
1017 2576 1205 2643 xenodochii
1227 2576 1411 2662 praeposito
1423 2574 1490 2641 Rai-

323 2691 439 2758 mundo
463 2691 594 2757 mesum
618 2690 659 2756 ad
681 2710 746 2775 vos,
770 2692 895 2759 caritati
910 2696 1036 2757 vestrae
1051 2692 1204 2757 attentius
1227 2692 1487 2757 commendamus

321 2806 409 2875 ldem
432 2806 517 2875 enim
540 2805 760 2886 maimundus)
784 2808 925 2873 omnium
948 2827 968 2873 a
990 2806 1161 2874 Ierusalem
1185 2807 1389 2876 redeuntium
1411 2805 1490 2874 testi

321 2925 428 2989 monio
452 2921 699 3003 commendatur,
723 2922 807 3005 quod
829 2923 951 2988 smeere
972 2922 1086 2988 devote
1109 2922 1235 2989 assidue
1256 2926 1491 3009 peregrinorum

322 3044 357 3105 et
383 3057 556 3123 pauperum
581 3056 690 3103 curam
711 3043 811 3120 gerat
851 3036 895 3103 Et
915 3056 1000 3104 nunc
1027 3057 1085 3123 pro
1115 3056 1224 3105 eorum
1253 3039 1492 3107 necassimtibus

323 3151 524 3219 sublevandis
540 3156 664 3219 vestrae
687 3153 830 3219 canatis
851 3152 1002 3237 implorat
1025 3152 1190 3219 auxilium.
1224 3152 1289 3220 Vos
1311 3174 1391 3238 ergo
1406 3155 1494 3221 bene

322 3264 467 3335 ficentiae
496 3272 528 3331 et
557 3266 786 3333 communionis
812 3266 910 3333 nolite
938 3267 1096 3349 oblivisci3
1125 3269 1242 3337 talibus
1271 3270 1358 3338 enim
1388 3268 1493 3336 hostiis

323 3386 523 3467 promeretur
538 3380 633 3447 Deus.
668 3380 844 3467 Pauperem
866 3382 965 3466 igitur
979 3381 1140 3451 Christum
1163 3386 1197 3451 in
1219 3386 1285 3452 suis
1302 3386 1495 3473 pauperibus

322 3495 488 3563 sublevare
510 3496 643 3580 curetis,
668 3502 704 3562 ut
727 3503 759 3563 et
780 3497 851 3582 ipse
871 3518 929 3564 voe
950 3498 1132 3566 divitiarum
1156 3521 1285 3567 suarum
1308 3501 1411 3569 iaciat
1431 3520 1497 3568 cese

324 3611 505 3697 participes.
545 3610 614 3677 Non
644 3612 727 3679 enim
757 3611 1025 3682 ierosolimitauae
1052 3616 1316 3701 peregrinationis
1342 3616 1496 3685 mercedis

323 3744 440 3793 vacuus
464 3736 521 3811 est,
546 3726 599 3811 qui
615 3726 873 3795 ierosolimitanis
898 3730 1072 3813 peregrinis
1094 3750 1200 3797 rerum
1216 3750 1344 3798 suarum
1362 3733 1498 3799 adurim-

324 3841 430 3910 cnlum
446 3840 675 3915 subministrat.
705 3841 766 3920 Qui
779 3844 863 3909 enim
876 3844 1011 3930 pauperi
1023 3844 1145 3927 tribuit,
1156 3846 1293 3913 Domino
1305 3843 1497 3915 feneratur'.

324 3955 397 4042 Ipse
412 3962 517 4023 autem
533 3955 688 4023 Dominus
703 3957 737 4023 in
751 3957 852 4042 vobis,
873 3959 957 4044 quod
970 3958 1120 4045 loquitur,
1142 3966 1306 4047 operatum
1328 3970 1362 4032 et
1374 3964 1498 4031 habun-

397 4164 418 4196 a.
442 4150 518 4197 onai<
597 4150 619 4198 b.
643 4150 724 4198 autZ.
802 4165 823 4198 c.
845 4166 874 4199 ea
890 4153 909 4200 V
924 4154 1086 4211 tlt—uec,
1103 4154 1126 4201 Ζ
1134 4157 1227 4217 peso.
1300 4156 1324 4204 d
1345 4158 1456 4206 Pwoasio
1472 4158 1497 4204 b

396 4254 421 4307 1.
440 4252 500 4309 Hoc
516 4253 623 4309 initiam
641 4254 770 4325 qnoniam
790 4270 852 4310 oum
869 4263 1032 4327 argumento
1050 4260 1183 4330 epistolae
1200 4276 1256 4315 non
1273 4261 1419 4333 cohaeret,
1437 4260 1498 4317 falsi

324 4340 425 4410 aliquid
448 4342 476 4396 in
501 4356 535 4397 ea
552 4342 632 4398 inest.
665 4343 756 4397 Prima
772 4356 883 4414 quoque
899 4345 986 4402 verba
1001 4346 1084 4404 baec:
1104 4348 1245 4419 „Domnue
1262 4364 1337 4421 papa
1352 4348 1495 4405 Galixtus⁸

325 4443 342 4483 a
359 4430 432 4485 veris
450 4444 582 4501 paparum
601 4429 725 4502 epistolis
741 4432 902 4504 longissime
917 4432 1027 4491 absunt.
1116 4438 1143 4495 2.
1161 4438 1197 4496 V.
1214 4438 1296 4495 Pror.
1310 4440 1411 4508 1e,1'l.
