<?xml version="1.0" encoding="UTF-8"?>
<!DOCTYPE html PUBLIC "-//W3C//DTD XHTML 1.0 Transitional//EN"
    "http://www.w3.org/TR/xhtml1/DTD/xhtml1-transitional.dtd">
<html xmlns="http://www.w3.org/1999/xhtml" xml:lang="en" lang="en">
 <head>
  <title>
</title>
<meta http-equiv="Content-Type" content="text/html;charset=utf-8" />
  <meta name='ocr-system' content='tesseract 3.04.00' />
  <meta name='ocr-capabilities' content='ocr_page ocr_carea ocr_par ocr_line ocrx_word'/>
</head>
<body>
  <div class='ocr_page' id='page_1' title='image "./bibliothecareru06jaffgoog_0755.png"; bbox 0 0 3142 4850; ppageno 0'>
   <div class='ocr_carea' id='block_1_1' title="bbox 296 293 1200 359">
    <p class='ocr_par' dir='ltr' id='par_1_1' title="bbox 296 293 1200 359">
     <span class='ocr_line' id='line_1_1' title="bbox 296 293 1200 359; baseline -0.001 0"><span class='ocrx_word' id='word_1_1' title='bbox 296 293 362 359; x_wconf 74' lang='lat'><strong>740</strong></span> <span class='ocrx_word' id='word_1_2' title='bbox 574 310 754 359; x_wconf 81' lang='grc'><strong>00000000</strong></span> <span class='ocrx_word' id='word_1_3' title='bbox 776 310 959 359; x_wconf 72' lang='lat' dir='ltr'><strong>arenosus.</strong></span> <span class='ocrx_word' id='word_1_4' title='bbox 993 310 1088 357; x_wconf 78' lang='lat' dir='ltr'><strong>urar</strong></span> <span class='ocrx_word' id='word_1_5' title='bbox 1109 308 1152 359; x_wconf 85' lang='lat'><strong>41.</strong></span> <span class='ocrx_word' id='word_1_6' title='bbox 1165 309 1200 358; x_wconf 82' lang='lat'><strong>42</strong></span> 
     </span>
    </p>
   </div>
   <div class='ocr_carea' id='block_1_2' title="bbox 193 468 1566 4493">
    <p class='ocr_par' dir='ltr' id='par_1_2' title="bbox 207 468 1471 2068">
     <span class='ocr_line' id='line_1_2' title="bbox 207 468 1466 556; baseline -0.006 -15"><span class='ocrx_word' id='word_1_7' title='bbox 207 486 277 541; x_wconf 77' lang='lat'>1139</span> <span class='ocrx_word' id='word_1_8' title='bbox 295 472 357 551; x_wconf 83' lang='lat' dir='ltr'><strong>vit3</strong></span> <span class='ocrx_word' id='word_1_9' title='bbox 381 470 529 538; x_wconf 81' lang='lat' dir='ltr'><strong>ecelesias</strong></span> <span class='ocrx_word' id='word_1_10' title='bbox 552 476 585 538; x_wconf 90' lang='lat' dir='ltr'><strong>et</strong></span> <span class='ocrx_word' id='word_1_11' title='bbox 606 471 745 555; x_wconf 85' lang='lat' dir='ltr'><strong>oenobia,</strong></span> <span class='ocrx_word' id='word_1_12' title='bbox 769 470 939 556; x_wconf 67' lang='lat' dir='ltr'><strong>hospitalia</strong></span> <span class='ocrx_word' id='word_1_13' title='bbox 961 469 1151 537; x_wconf 85' lang='lat' dir='ltr'><strong>infirmarias</strong></span> <span class='ocrx_word' id='word_1_14' title='bbox 1175 474 1206 535; x_wconf 90' lang='lat' dir='ltr'><strong>et</strong></span> <span class='ocrx_word' id='word_1_15' title='bbox 1221 468 1393 535; x_wconf 83' lang='lat' dir='ltr'><strong>diversoria</strong></span> <span class='ocrx_word' id='word_1_16' title='bbox 1408 488 1466 535; x_wconf 89' lang='lat' dir='ltr'><strong>sua</strong></span> 
     </span>
     <span class='ocr_line' id='line_1_3' title="bbox 296 585 1467 671; baseline -0.003 -18"><span class='ocrx_word' id='word_1_17' title='bbox 296 588 409 653; x_wconf 90' lang='lat' dir='ltr'><strong>intima</strong></span> <span class='ocrx_word' id='word_1_18' title='bbox 423 588 648 654; x_wconf 75' lang='lat' dir='ltr'><strong>retractatione</strong></span> <span class='ocrx_word' id='word_1_19' title='bbox 663 587 810 671; x_wconf 72' lang='lat' dir='ltr'><strong>digessit,</strong></span> <span class='ocrx_word' id='word_1_20' title='bbox 833 585 1037 670; x_wconf 79' lang='lat' dir='ltr'><strong>singulisque,</strong></span> <span class='ocrx_word' id='word_1_21' title='bbox 1062 591 1156 671; x_wconf 91' lang='lat' dir='ltr'><strong>prout</strong></span> <span class='ocrx_word' id='word_1_22' title='bbox 1175 590 1364 670; x_wconf 93' lang='lat' dir='ltr'><strong>oportunum</strong></span> <span class='ocrx_word' id='word_1_23' title='bbox 1380 585 1467 650; x_wconf 79' lang='lat' dir='ltr'><strong>uide-</strong></span> 
     </span>
     <span class='ocr_line' id='line_1_4' title="bbox 296 700 1467 789; baseline -0.004 -18"><span class='ocrx_word' id='word_1_24' title='bbox 296 704 404 786; x_wconf 89' lang='lat' dir='ltr'><strong>batur,</strong></span> <span class='ocrx_word' id='word_1_25' title='bbox 438 709 583 789; x_wconf 91' lang='lat' dir='ltr'><strong>sumptus</strong></span> <span class='ocrx_word' id='word_1_26' title='bbox 611 712 644 772; x_wconf 91' lang='grc'><strong>01</strong></span> <span class='ocrx_word' id='word_1_27' title='bbox 669 705 849 771; x_wconf 84' lang='lat' dir='ltr'><strong>necessarie</strong></span> <span class='ocrx_word' id='word_1_28' title='bbox 878 701 1045 789; x_wconf 81' lang='lat' dir='ltr'><strong>supplevit.</strong></span> <span class='ocrx_word' id='word_1_29' title='bbox 1094 700 1244 767; x_wconf 78' lang='lat' dir='ltr'><strong>Cerneres</strong></span> <span class='ocrx_word' id='word_1_30' title='bbox 1272 702 1336 767; x_wconf 91' lang='lat' dir='ltr'><strong>iam</strong></span> <span class='ocrx_word' id='word_1_31' title='bbox 1365 700 1467 766; x_wconf 82' lang='lat' dir='ltr'><strong>oleam</strong></span> 
     </span>
     <span class='ocr_line' id='line_1_5' title="bbox 296 816 1468 904; baseline -0.004 -18"><span class='ocrx_word' id='word_1_32' title='bbox 296 820 424 887; x_wconf 88' lang='lat' dir='ltr'><strong>uberem</strong></span> <span class='ocrx_word' id='word_1_33' title='bbox 452 826 484 886; x_wconf 93' lang='lat' dir='ltr'><strong>et</strong></span> <span class='ocrx_word' id='word_1_34' title='bbox 504 820 699 887; x_wconf 73' lang='lat' dir='ltr'><strong>fructiferam</strong></span> <span class='ocrx_word' id='word_1_35' title='bbox 711 817 727 903; x_wconf 91' lang='lat'><strong>¹,</strong></span> <span class='ocrx_word' id='word_1_36' title='bbox 752 820 847 885; x_wconf 88' lang='lat' dir='ltr'><strong>solita</strong></span> <span class='ocrx_word' id='word_1_37' title='bbox 870 819 1012 886; x_wconf 88' lang='lat' dir='ltr'><strong>ubertate</strong></span> <span class='ocrx_word' id='word_1_38' title='bbox 1036 817 1210 884; x_wconf 79' lang='lat' dir='ltr'><strong>uberiorem</strong></span> <span class='ocrx_word' id='word_1_39' title='bbox 1236 822 1267 882; x_wconf 90' lang='grc'><strong>01</strong></span> <span class='ocrx_word' id='word_1_40' title='bbox 1289 816 1468 904; x_wconf 85' lang='grc'><strong>0001001001-</strong></span> 
     </span>
     <span class='ocr_line' id='line_1_6' title="bbox 295 931 1469 1022; baseline -0.005 -19"><span class='ocrx_word' id='word_1_41' title='bbox 295 936 357 1003; x_wconf 89' lang='lat' dir='ltr'><strong>mis</strong></span> <span class='ocrx_word' id='word_1_42' title='bbox 383 936 536 1003; x_wconf 84' lang='lat' dir='ltr'><strong>fruotibus</strong></span> <span class='ocrx_word' id='word_1_43' title='bbox 565 943 725 1022; x_wconf 90' lang='lat' dir='ltr'><strong>onustam,</strong></span> <span class='ocrx_word' id='word_1_44' title='bbox 754 943 855 1003; x_wconf 90' lang='lat' dir='ltr'><strong>totam</strong></span> <span class='ocrx_word' id='word_1_45' title='bbox 885 954 953 1001; x_wconf 89' lang='lat' dir='ltr'><strong>sese</strong></span> <span class='ocrx_word' id='word_1_46' title='bbox 981 934 1177 1021; x_wconf 84' lang='lat' dir='ltr'><strong>carpentium</strong></span> <span class='ocrx_word' id='word_1_47' title='bbox 1208 932 1352 999; x_wconf 85' lang='lat' dir='ltr'><strong>menibus</strong></span> <span class='ocrx_word' id='word_1_48' title='bbox 1379 931 1469 999; x_wconf 89' lang='lat' dir='ltr'><strong>ineli-</strong></span> 
     </span>
     <span class='ocr_line' id='line_1_7' title="bbox 296 1048 1470 1135; baseline -0.004 -17"><span class='ocrx_word' id='word_1_49' title='bbox 296 1072 382 1119; x_wconf 89' lang='lat' dir='ltr'><strong>nare.</strong></span> <span class='ocrx_word' id='word_1_50' title='bbox 472 1053 517 1119; x_wconf 87' lang='lat' dir='ltr'><strong>Et</strong></span> <span class='ocrx_word' id='word_1_51' title='bbox 538 1074 572 1119; x_wconf 89' lang='lat' dir='ltr'><strong>re</strong></span> <span class='ocrx_word' id='word_1_52' title='bbox 594 1073 670 1119; x_wconf 83' lang='lat' dir='ltr'><strong>vera</strong></span> <span class='ocrx_word' id='word_1_53' title='bbox 692 1054 808 1119; x_wconf 90' lang='lat' dir='ltr'><strong>mirum</strong></span> <span class='ocrx_word' id='word_1_54' title='bbox 824 1050 915 1117; x_wconf 87' lang='lat' dir='ltr'><strong>valde</strong></span> <span class='ocrx_word' id='word_1_55' title='bbox 939 1055 997 1134; x_wconf 90' lang='grc'><strong>001,</strong></span> <span class='ocrx_word' id='word_1_56' title='bbox 1020 1050 1104 1135; x_wconf 91' lang='lat' dir='ltr'><strong>quod</strong></span> <span class='ocrx_word' id='word_1_57' title='bbox 1127 1048 1393 1117; x_wconf 87' lang='lat' dir='ltr'><strong>treo&#39;inexhausta</strong></span> <span class='ocrx_word' id='word_1_58' title='bbox 1415 1050 1470 1114; x_wconf 92' lang='lat' dir='ltr'><strong>be-</strong></span> 
     </span>
     <span class='ocr_line' id='line_1_8' title="bbox 296 1163 1469 1254; baseline -0.003 -19"><span class='ocrx_word' id='word_1_59' title='bbox 296 1169 461 1251; x_wconf 91' lang='lat' dir='ltr'><strong>nignitatis</strong></span> <span class='ocrx_word' id='word_1_60' title='bbox 489 1168 601 1253; x_wconf 83' lang='lat' dir='ltr'><strong>araba,</strong></span> <span class='ocrx_word' id='word_1_61' title='bbox 631 1190 692 1254; x_wconf 91' lang='grc'><strong>000</strong></span> <span class='ocrx_word' id='word_1_62' title='bbox 719 1173 768 1235; x_wconf 89' lang='grc'><strong>101</strong></span> <span class='ocrx_word' id='word_1_63' title='bbox 796 1172 869 1234; x_wconf 89' lang='grc'><strong>0010</strong></span> <span class='ocrx_word' id='word_1_64' title='bbox 897 1165 1006 1234; x_wconf 91' lang='lat' dir='ltr'><strong>diebus</strong></span> <span class='ocrx_word' id='word_1_65' title='bbox 1037 1172 1068 1231; x_wconf 90' lang='lat' dir='ltr'><strong>et</strong></span> <span class='ocrx_word' id='word_1_66' title='bbox 1096 1166 1188 1231; x_wconf 89' lang='lat' dir='ltr'><strong>anuis</strong></span> <span class='ocrx_word' id='word_1_67' title='bbox 1212 1163 1252 1230; x_wconf 92' lang='lat' dir='ltr'><strong>ad</strong></span> <span class='ocrx_word' id='word_1_68' title='bbox 1275 1165 1469 1249; x_wconf 88' lang='lat' dir='ltr'><strong>erogandum</strong></span> 
     </span>
     <span class='ocr_line' id='line_1_9' title="bbox 296 1281 1469 1371; baseline -0.003 -21"><span class='ocrx_word' id='word_1_69' title='bbox 296 1285 413 1368; x_wconf 88' lang='lat' dir='ltr'><strong>iugiter</strong></span> <span class='ocrx_word' id='word_1_70' title='bbox 435 1284 547 1371; x_wconf 86' lang='lat' dir='ltr'><strong>patuit,</strong></span> <span class='ocrx_word' id='word_1_71' title='bbox 571 1285 674 1351; x_wconf 77' lang='grc'><strong>0011100</strong></span> <span class='ocrx_word' id='word_1_72' title='bbox 693 1286 726 1351; x_wconf 92' lang='grc'><strong>10</strong></span> <span class='ocrx_word' id='word_1_73' title='bbox 743 1290 884 1351; x_wconf 85' lang='lat' dir='ltr'><strong>extremo</strong></span> <span class='ocrx_word' id='word_1_74' title='bbox 901 1292 1043 1369; x_wconf 91' lang='lat' dir='ltr'><strong>tempore</strong></span> <span class='ocrx_word' id='word_1_75' title='bbox 1057 1287 1191 1365; x_wconf 90' lang='lat' dir='ltr'><strong>tantum,</strong></span> <span class='ocrx_word' id='word_1_76' title='bbox 1215 1281 1298 1366; x_wconf 92' lang='lat' dir='ltr'><strong>quod</strong></span> <span class='ocrx_word' id='word_1_77' title='bbox 1314 1288 1469 1365; x_wconf 82' lang='lat' dir='ltr'><strong>erogaret,</strong></span> 
     </span>
     <span class='ocr_line' id='line_1_10' title="bbox 297 1397 1470 1486; baseline -0.002 -21"><span class='ocrx_word' id='word_1_78' title='bbox 297 1400 412 1467; x_wconf 88' lang='lat' dir='ltr'><strong>babere</strong></span> <span class='ocrx_word' id='word_1_79' title='bbox 435 1405 590 1486; x_wconf 87' lang='lat' dir='ltr'><strong>potuerat</strong></span> <span class='ocrx_word' id='word_1_80' title='bbox 627 1400 690 1467; x_wconf 86' lang='lat' dir='ltr'><strong>Sed</strong></span> <span class='ocrx_word' id='word_1_81' title='bbox 713 1421 731 1465; x_wconf 96' lang='grc'><strong>0</strong></span> <span class='ocrx_word' id='word_1_82' title='bbox 753 1399 887 1482; x_wconf 79' lang='lat' dir='ltr'><strong>Martha,</strong></span> <span class='ocrx_word' id='word_1_83' title='bbox 912 1398 1045 1481; x_wconf 80' lang='lat' dir='ltr'><strong>Martha,</strong></span> <span class='ocrx_word' id='word_1_84' title='bbox 1070 1398 1182 1463; x_wconf 87' lang='lat' dir='ltr'><strong>devota</strong></span> <span class='ocrx_word' id='word_1_85' title='bbox 1201 1398 1328 1484; x_wconf 86' lang='lat' dir='ltr'><strong>hospita</strong></span> <span class='ocrx_word' id='word_1_86' title='bbox 1350 1397 1470 1463; x_wconf 91' lang='lat' dir='ltr'><strong>domini</strong></span> 
     </span>
     <span class='ocr_line' id='line_1_11' title="bbox 298 1512 1470 1601; baseline -0.002 -20"><span class='ocrx_word' id='word_1_87' title='bbox 298 1514 383 1599; x_wconf 84' lang='lat' dir='ltr'><strong>lesu,</strong></span> <span class='ocrx_word' id='word_1_88' title='bbox 407 1516 532 1601; x_wconf 88' lang='lat' dir='ltr'><strong>quando</strong></span> <span class='ocrx_word' id='word_1_89' title='bbox 556 1516 606 1583; x_wconf 85' lang='lat' dir='ltr'><strong>vel</strong></span> <span class='ocrx_word' id='word_1_90' title='bbox 629 1516 785 1601; x_wconf 92' lang='lat' dir='ltr'><strong>quomodo</strong></span> <span class='ocrx_word' id='word_1_91' title='bbox 809 1516 942 1582; x_wconf 85' lang='lat' dir='ltr'><strong>sentires</strong></span> <span class='ocrx_word' id='word_1_92' title='bbox 966 1514 1156 1598; x_wconf 83' lang='lat' dir='ltr'><strong>egestatem?</strong></span> <span class='ocrx_word' id='word_1_93' title='bbox 1190 1512 1265 1591; x_wconf 79' lang='lat' dir='ltr'><strong>eris</strong></span> <span class='ocrx_word' id='word_1_94' title='bbox 1289 1515 1391 1598; x_wconf 92' lang='lat' dir='ltr'><strong>enim,</strong></span> <span class='ocrx_word' id='word_1_95' title='bbox 1415 1514 1470 1579; x_wconf 92' lang='lat' dir='ltr'><strong>do·</strong></span> 
     </span>
     <span class='ocr_line' id='line_1_12' title="bbox 297 1630 1471 1717; baseline -0.003 -18"><span class='ocrx_word' id='word_1_96' title='bbox 297 1631 401 1699; x_wconf 88' lang='lat' dir='ltr'><strong>nando</strong></span> <span class='ocrx_word' id='word_1_97' title='bbox 430 1631 560 1698; x_wconf 90' lang='lat' dir='ltr'><strong>donanti</strong></span> <span class='ocrx_word' id='word_1_98' title='bbox 590 1634 711 1716; x_wconf 92' lang='lat' dir='ltr'><strong>omnia,</strong></span> <span class='ocrx_word' id='word_1_99' title='bbox 747 1651 896 1717; x_wconf 92' lang='lat' dir='ltr'><strong>umquam</strong></span> <span class='ocrx_word' id='word_1_100' title='bbox 927 1649 1021 1712; x_wconf 81' lang='lat' dir='ltr'><strong>egem</strong></span> <span class='ocrx_word' id='word_1_101' title='bbox 1054 1630 1154 1697; x_wconf 86' lang='grc'><strong>100100</strong></span> <span class='ocrx_word' id='word_1_102' title='bbox 1185 1630 1251 1695; x_wconf 88' lang='lat' dir='ltr'><strong>est?</strong></span> <span class='ocrx_word' id='word_1_103' title='bbox 1347 1631 1471 1696; x_wconf 84' lang='lat' dir='ltr'><strong>Interea</strong></span> 
     </span>
     <span class='ocr_line' id='line_1_13' title="bbox 297 1746 1470 1833; baseline -0.001 -19"><span class='ocrx_word' id='word_1_104' title='bbox 297 1768 372 1815; x_wconf 86' lang='lat' dir='ltr'><strong>vero</strong></span> <span class='ocrx_word' id='word_1_105' title='bbox 394 1747 528 1831; x_wconf 83' lang='lat' dir='ltr'><strong>languor</strong></span> <span class='ocrx_word' id='word_1_106' title='bbox 550 1750 651 1832; x_wconf 90' lang='lat' dir='ltr'><strong>magis</strong></span> <span class='ocrx_word' id='word_1_107' title='bbox 674 1750 837 1833; x_wconf 85' lang='lat' dir='ltr'><strong>magisque</strong></span> <span class='ocrx_word' id='word_1_108' title='bbox 852 1747 1021 1812; x_wconf 83' lang='lat' dir='ltr'><strong>luctantem</strong></span> <span class='ocrx_word' id='word_1_109' title='bbox 1047 1746 1193 1831; x_wconf 85' lang='lat' dir='ltr'><strong>spiritum</strong></span> <span class='ocrx_word' id='word_1_110' title='bbox 1209 1746 1350 1829; x_wconf 88' lang='lat' dir='ltr'><strong>urgebat.</strong></span> <span class='ocrx_word' id='word_1_111' title='bbox 1385 1746 1470 1813; x_wconf 83' lang='lat' dir='ltr'><strong>Rite-</strong></span> 
     </span>
     <span class='ocr_line' id='line_1_14' title="bbox 298 1863 1470 1951; baseline -0.003 -20"><span class='ocrx_word' id='word_1_112' title='bbox 298 1884 359 1951; x_wconf 92' lang='lat' dir='ltr'><strong>que</strong></span> <span class='ocrx_word' id='word_1_113' title='bbox 393 1864 555 1951; x_wconf 89' lang='lat' dir='ltr'><strong>dispositis</strong></span> <span class='ocrx_word' id='word_1_114' title='bbox 584 1864 748 1946; x_wconf 91' lang='lat' dir='ltr'><strong>omnibus,</strong></span> <span class='ocrx_word' id='word_1_115' title='bbox 784 1882 978 1948; x_wconf 78' lang='lat' dir='ltr'><strong>quocumque</strong></span> <span class='ocrx_word' id='word_1_116' title='bbox 1007 1868 1079 1949; x_wconf 90' lang='lat' dir='ltr'><strong>post</strong></span> <span class='ocrx_word' id='word_1_117' title='bbox 1107 1882 1141 1928; x_wconf 90' lang='grc'><strong>00</strong></span> <span class='ocrx_word' id='word_1_118' title='bbox 1170 1863 1299 1928; x_wconf 88' lang='lat' dir='ltr'><strong>vieturis</strong></span> <span class='ocrx_word' id='word_1_119' title='bbox 1328 1866 1470 1948; x_wconf 82' lang='lat' dir='ltr'><strong>prestare</strong></span> 
     </span>
     <span class='ocr_line' id='line_1_15' title="bbox 297 1976 1470 2068; baseline -0.004 -20"><span class='ocrx_word' id='word_1_120' title='bbox 297 1982 411 2068; x_wconf 91' lang='lat' dir='ltr'><strong>potuit,</strong></span> <span class='ocrx_word' id='word_1_121' title='bbox 435 1980 570 2067; x_wconf 82' lang='lat' dir='ltr'><strong>supplici</strong></span> <span class='ocrx_word' id='word_1_122' title='bbox 593 1986 626 2046; x_wconf 93' lang='lat' dir='ltr'><strong>et</strong></span> <span class='ocrx_word' id='word_1_123' title='bbox 648 2000 728 2065; x_wconf 89' lang='lat' dir='ltr'><strong>pura</strong></span> <span class='ocrx_word' id='word_1_124' title='bbox 743 1979 939 2047; x_wconf 78' lang='lat' dir='ltr'><strong>confessione</strong></span> <span class='ocrx_word' id='word_1_125' title='bbox 955 1979 1119 2065; x_wconf 87' lang='lat' dir='ltr'><strong>premissa,</strong></span> <span class='ocrx_word' id='word_1_126' title='bbox 1144 1976 1214 2045; x_wconf 88' lang='lat' dir='ltr'><strong>olea</strong></span> <span class='ocrx_word' id='word_1_127' title='bbox 1229 1977 1283 2043; x_wconf 92' lang='lat' dir='ltr'><strong>illa</strong></span> <span class='ocrx_word' id='word_1_128' title='bbox 1299 1978 1427 2064; x_wconf 89' lang='lat' dir='ltr'><strong>plaoida</strong></span> <span class='ocrx_word' id='word_1_129' title='bbox 1441 1984 1470 2046; x_wconf 89' lang='grc'><strong>01</strong></span> 
     </span>
    </p>

    <p class='ocr_par' dir='ltr' id='par_1_3' title="bbox 193 2094 1470 2649">
     <span class='ocr_line' id='line_1_16' title="bbox 193 2094 1469 2181; baseline -0.006 -13"><span class='ocrx_word' id='word_1_130' title='bbox 193 2120 283 2167; x_wconf 71' lang='lat' dir='ltr'><strong>renas</strong></span> <span class='ocrx_word' id='word_1_131' title='bbox 299 2102 417 2180; x_wconf 84' lang='lat' dir='ltr'><strong>saneta,</strong></span> <span class='ocrx_word' id='word_1_132' title='bbox 441 2097 588 2162; x_wconf 91' lang='lat' dir='ltr'><strong>unotione</strong></span> <span class='ocrx_word' id='word_1_133' title='bbox 611 2096 693 2162; x_wconf 84' lang='lat' dir='ltr'><strong>sauri</strong></span> <span class='ocrx_word' id='word_1_134' title='bbox 717 2094 778 2161; x_wconf 92' lang='lat' dir='ltr'><strong>olei</strong></span> <span class='ocrx_word' id='word_1_135' title='bbox 797 2094 946 2178; x_wconf 85' lang='lat' dir='ltr'><strong>delibuta,</strong></span> <span class='ocrx_word' id='word_1_136' title='bbox 971 2094 1176 2181; x_wconf 90' lang='lat' dir='ltr'><strong>propioiabile</strong></span> <span class='ocrx_word' id='word_1_137' title='bbox 1193 2094 1341 2161; x_wconf 81' lang='lat' dir='ltr'><strong>viatimm</strong></span> <span class='ocrx_word' id='word_1_138' title='bbox 1357 2114 1469 2181; x_wconf 84' lang='lat' dir='ltr'><strong>corpus</strong></span> 
     </span>
     <span class='ocr_line' id='line_1_17' title="bbox 299 2209 1470 2298; baseline -0.003 -18"><span class='ocrx_word' id='word_1_139' title='bbox 299 2214 428 2280; x_wconf 87' lang='lat' dir='ltr'><strong>Domini</strong></span> <span class='ocrx_word' id='word_1_140' title='bbox 452 2212 603 2298; x_wconf 79' lang='lat' dir='ltr'><strong>percepit.</strong></span> <span class='ocrx_word' id='word_1_141' title='bbox 639 2210 682 2276; x_wconf 89' lang='lat' dir='ltr'><strong>Et</strong></span> <span class='ocrx_word' id='word_1_142' title='bbox 704 2212 928 2278; x_wconf 87' lang='lat' dir='ltr'><strong>eiroumstante</strong></span> <span class='ocrx_word' id='word_1_143' title='bbox 951 2209 1004 2275; x_wconf 94' lang='lat' dir='ltr'><strong>illo</strong></span> <span class='ocrx_word' id='word_1_144' title='bbox 1028 2230 1084 2276; x_wconf 89' lang='lat' dir='ltr'><strong>suo</strong></span> <span class='ocrx_word' id='word_1_145' title='bbox 1101 2230 1227 2297; x_wconf 88' lang='lat' dir='ltr'><strong>semper</strong></span> <span class='ocrx_word' id='word_1_146' title='bbox 1241 2210 1396 2277; x_wconf 81' lang='lat' dir='ltr'><strong>familiari</strong></span> <span class='ocrx_word' id='word_1_147' title='bbox 1411 2210 1470 2278; x_wconf 89' lang='grc'><strong>001-</strong></span> 
     </span>
     <span class='ocr_line' id='line_1_18' title="bbox 299 2326 1469 2413; baseline -0.002 -18"><span class='ocrx_word' id='word_1_148' title='bbox 299 2330 380 2413; x_wconf 92' lang='lat' dir='ltr'><strong>legio</strong></span> <span class='ocrx_word' id='word_1_149' title='bbox 404 2329 544 2394; x_wconf 81' lang='lat' dir='ltr'><strong>virorum</strong></span> <span class='ocrx_word' id='word_1_150' title='bbox 567 2327 796 2410; x_wconf 91' lang='lat' dir='ltr'><strong>religiosorum,</strong></span> <span class='ocrx_word' id='word_1_151' title='bbox 820 2332 887 2393; x_wconf 93' lang='lat' dir='ltr'><strong>tam</strong></span> <span class='ocrx_word' id='word_1_152' title='bbox 912 2327 1135 2393; x_wconf 79' lang='lat' dir='ltr'><strong>monachorum</strong></span> <span class='ocrx_word' id='word_1_153' title='bbox 1158 2346 1253 2412; x_wconf 93' lang='lat' dir='ltr'><strong>quam</strong></span> <span class='ocrx_word' id='word_1_154' title='bbox 1275 2326 1469 2409; x_wconf 79' lang='lat' dir='ltr'><strong>elericorum,</strong></span> 
     </span>
     <span class='ocr_line' id='line_1_19' title="bbox 299 2443 1468 2534; baseline -0.002 -22"><span class='ocrx_word' id='word_1_155' title='bbox 299 2445 430 2534; x_wconf 81' lang='lat' dir='ltr'><strong>psalmis</strong></span> <span class='ocrx_word' id='word_1_156' title='bbox 452 2451 485 2511; x_wconf 98' lang='grc'><strong>01</strong></span> <span class='ocrx_word' id='word_1_157' title='bbox 506 2443 701 2511; x_wconf 90' lang='lat' dir='ltr'><strong>orationibus</strong></span> <span class='ocrx_word' id='word_1_158' title='bbox 724 2463 857 2528; x_wconf 87' lang='lat' dir='ltr'><strong>agonem</strong></span> <span class='ocrx_word' id='word_1_159' title='bbox 880 2444 947 2510; x_wconf 92' lang='grc'><strong>0100</strong></span> <span class='ocrx_word' id='word_1_160' title='bbox 963 2443 1074 2510; x_wconf 87' lang='lat' dir='ltr'><strong>devote</strong></span> <span class='ocrx_word' id='word_1_161' title='bbox 1089 2443 1155 2511; x_wconf 88' lang='lat' dir='ltr'><strong>Deo</strong></span> <span class='ocrx_word' id='word_1_162' title='bbox 1172 2443 1468 2526; x_wconf 81' lang='lat' dir='ltr'><strong>commendantium,</strong></span> 
     </span>
     <span class='ocr_line' id='line_1_20' title="bbox 299 2559 1469 2649; baseline -0.003 -20"><span class='ocrx_word' id='word_1_163' title='bbox 299 2561 425 2649; x_wconf 89' lang='lat' dir='ltr'><strong>plenam</strong></span> <span class='ocrx_word' id='word_1_164' title='bbox 449 2561 597 2647; x_wconf 85' lang='lat' dir='ltr'><strong>operibus</strong></span> <span class='ocrx_word' id='word_1_165' title='bbox 620 2560 711 2627; x_wconf 92' lang='lat' dir='ltr'><strong>bonis</strong></span> <span class='ocrx_word' id='word_1_166' title='bbox 735 2567 767 2626; x_wconf 90' lang='lat' dir='ltr'><strong>ot</strong></span> <span class='ocrx_word' id='word_1_167' title='bbox 789 2559 984 2642; x_wconf 86' lang='lat' dir='ltr'><strong>elemosinis,</strong></span> <span class='ocrx_word' id='word_1_168' title='bbox 1015 2559 1141 2645; x_wconf 91' lang='lat' dir='ltr'><strong>plenam</strong></span> <span class='ocrx_word' id='word_1_169' title='bbox 1166 2560 1292 2626; x_wconf 78' lang='grc'><strong>11000010</strong></span> <span class='ocrx_word' id='word_1_170' title='bbox 1317 2565 1348 2626; x_wconf 91' lang='grc'><strong>01</strong></span> <span class='ocrx_word' id='word_1_171' title='bbox 1372 2561 1469 2644; x_wconf 86' lang='lat' dir='ltr'><strong>gratie</strong></span> 
     </span>
    </p>

    <p class='ocr_par' dir='ltr' id='par_1_4' title="bbox 194 2675 1566 3808">
     <span class='ocr_line' id='line_1_21' title="bbox 194 2675 1469 2754; baseline -0.005 -7"><span class='ocrx_word' id='word_1_172' title='bbox 194 2701 283 2748; x_wconf 69' lang='lat' dir='ltr'><strong>naso</strong></span> <span class='ocrx_word' id='word_1_173' title='bbox 300 2680 437 2745; x_wconf 89' lang='lat' dir='ltr'><strong>animam</strong></span> <span class='ocrx_word' id='word_1_174' title='bbox 462 2676 601 2744; x_wconf 83' lang='lat' dir='ltr'><strong>exalavit</strong></span> <span class='ocrx_word' id='word_1_175' title='bbox 622 2677 655 2742; x_wconf 91' lang='lat' dir='ltr'><strong>in</strong></span> <span class='ocrx_word' id='word_1_176' title='bbox 678 2676 789 2742; x_wconf 90' lang='lat' dir='ltr'><strong>oelum.</strong></span> <span class='ocrx_word' id='word_1_177' title='bbox 881 2675 961 2754; x_wconf 87' lang='lat' dir='ltr'><strong>Quid</strong></span> <span class='ocrx_word' id='word_1_178' title='bbox 985 2675 1103 2741; x_wconf 86' lang='lat' dir='ltr'><strong>multa?</strong></span> <span class='ocrx_word' id='word_1_179' title='bbox 1136 2675 1248 2743; x_wconf 86' lang='lat' dir='ltr'><strong>Flebat</strong></span> <span class='ocrx_word' id='word_1_180' title='bbox 1270 2676 1469 2743; x_wconf 80' lang='grc'><strong>0101100001-</strong></span> 
     </span>
     <span class='ocr_line' id='line_1_22' title="bbox 301 2790 1469 2877; baseline -0.002 -17"><span class='ocrx_word' id='word_1_181' title='bbox 301 2815 402 2877; x_wconf 84' lang='lat' dir='ltr'><strong>versa,</strong></span> <span class='ocrx_word' id='word_1_182' title='bbox 421 2796 550 2859; x_wconf 91' lang='lat' dir='ltr'><strong>iuvenes</strong></span> <span class='ocrx_word' id='word_1_183' title='bbox 566 2799 598 2858; x_wconf 92' lang='lat' dir='ltr'><strong>et</strong></span> <span class='ocrx_word' id='word_1_184' title='bbox 612 2791 761 2875; x_wconf 86' lang='lat' dir='ltr'><strong>virgines,</strong></span> <span class='ocrx_word' id='word_1_185' title='bbox 778 2811 869 2857; x_wconf 89' lang='lat' dir='ltr'><strong>senes</strong></span> <span class='ocrx_word' id='word_1_186' title='bbox 885 2811 954 2856; x_wconf 91' lang='lat' dir='ltr'><strong>oum</strong></span> <span class='ocrx_word' id='word_1_187' title='bbox 972 2790 1235 2873; x_wconf 77' lang='lat' dir='ltr'><strong>adolescentibus3</strong></span> <span class='ocrx_word' id='word_1_188' title='bbox 1259 2791 1356 2860; x_wconf 87' lang='lat' dir='ltr'><strong>flebat</strong></span> <span class='ocrx_word' id='word_1_189' title='bbox 1372 2793 1469 2858; x_wconf 90' lang='lat' dir='ltr'><strong>omnis</strong></span> 
     </span>
     <span class='ocr_line' id='line_1_23' title="bbox 282 2906 1469 2994; baseline -0.003 -17"><span class='ocrx_word' id='word_1_190' title='bbox 282 2909 388 2994; x_wconf 86' lang='lat' dir='ltr'><strong>ordo,</strong></span> <span class='ocrx_word' id='word_1_191' title='bbox 410 2909 507 2976; x_wconf 87' lang='lat' dir='ltr'><strong>flebat</strong></span> <span class='ocrx_word' id='word_1_192' title='bbox 529 2907 631 2974; x_wconf 89' lang='lat' dir='ltr'><strong>omnis</strong></span> <span class='ocrx_word' id='word_1_193' title='bbox 649 2907 770 2992; x_wconf 89' lang='lat' dir='ltr'><strong>religio,</strong></span> <span class='ocrx_word' id='word_1_194' title='bbox 795 2907 909 2974; x_wconf 86' lang='lat' dir='ltr'><strong>divites</strong></span> <span class='ocrx_word' id='word_1_195' title='bbox 926 2913 958 2973; x_wconf 90' lang='grc'><strong>01</strong></span> <span class='ocrx_word' id='word_1_196' title='bbox 973 2927 1137 2994; x_wconf 88' lang='lat' dir='ltr'><strong>pauperes,</strong></span> <span class='ocrx_word' id='word_1_197' title='bbox 1162 2906 1282 2975; x_wconf 88' lang='lat' dir='ltr'><strong>nobiles</strong></span> <span class='ocrx_word' id='word_1_198' title='bbox 1298 2909 1469 2975; x_wconf 81' lang='lat' dir='ltr'><strong>medioeres</strong></span> 
     </span>
     <span class='ocr_line' id='line_1_24' title="bbox 301 3023 1470 3111; baseline -0.002 -19"><span class='ocrx_word' id='word_1_199' title='bbox 301 3046 371 3092; x_wconf 93' lang='lat' dir='ltr'><strong>oum</strong></span> <span class='ocrx_word' id='word_1_200' title='bbox 406 3023 497 3111; x_wconf 84' lang='lat' dir='ltr'><strong>plebe</strong></span> <span class='ocrx_word' id='word_1_201' title='bbox 527 3025 701 3103; x_wconf 82' lang='lat' dir='ltr'><strong>rustioana3</strong></span> <span class='ocrx_word' id='word_1_202' title='bbox 736 3043 844 3089; x_wconf 90' lang='lat' dir='ltr'><strong>omnes</strong></span> <span class='ocrx_word' id='word_1_203' title='bbox 874 3023 992 3108; x_wconf 88' lang='lat' dir='ltr'><strong>pariter</strong></span> <span class='ocrx_word' id='word_1_204' title='bbox 1021 3029 1140 3109; x_wconf 89' lang='lat' dir='ltr'><strong>patrem</strong></span> <span class='ocrx_word' id='word_1_205' title='bbox 1171 3024 1354 3111; x_wconf 88' lang='lat' dir='ltr'><strong>ademptum</strong></span> <span class='ocrx_word' id='word_1_206' title='bbox 1386 3029 1470 3091; x_wconf 83' lang='lat' dir='ltr'><strong>tento</strong></span> 
     </span>
     <span class='ocr_line' id='line_1_25' title="bbox 300 3139 1470 3228; baseline -0.002 -21"><span class='ocrx_word' id='word_1_207' title='bbox 300 3140 452 3225; x_wconf 89' lang='lat' dir='ltr'><strong>lugebant</strong></span> <span class='ocrx_word' id='word_1_208' title='bbox 472 3141 621 3223; x_wconf 89' lang='lat' dir='ltr'><strong>amarius,</strong></span> <span class='ocrx_word' id='word_1_209' title='bbox 646 3145 763 3225; x_wconf 89' lang='lat' dir='ltr'><strong>quanto</strong></span> <span class='ocrx_word' id='word_1_210' title='bbox 786 3139 826 3204; x_wconf 91' lang='lat' dir='ltr'><strong>ab</strong></span> <span class='ocrx_word' id='word_1_211' title='bbox 849 3139 994 3205; x_wconf 91' lang='lat' dir='ltr'><strong>omnibus</strong></span> <span class='ocrx_word' id='word_1_212' title='bbox 1014 3139 1077 3206; x_wconf 90' lang='lat' dir='ltr'><strong>illis</strong></span> <span class='ocrx_word' id='word_1_213' title='bbox 1093 3140 1281 3228; x_wconf 78' lang='grc'><strong>0001001000</strong></span> <span class='ocrx_word' id='word_1_214' title='bbox 1297 3141 1470 3208; x_wconf 85' lang='lat' dir='ltr'><strong>amabatur.</strong></span> 
     </span>
     <span class='ocr_line' id='line_1_26' title="bbox 300 3254 1566 3343; baseline 0.002 -22"><span class='ocrx_word' id='word_1_215' title='bbox 300 3255 399 3322; x_wconf 90' lang='lat' dir='ltr'><strong>Porro</strong></span> <span class='ocrx_word' id='word_1_216' title='bbox 434 3256 625 3322; x_wconf 89' lang='lat' dir='ltr'><strong>monasteria</strong></span> <span class='ocrx_word' id='word_1_217' title='bbox 659 3260 692 3322; x_wconf 93' lang='lat' dir='ltr'><strong>et</strong></span> <span class='ocrx_word' id='word_1_218' title='bbox 717 3254 848 3323; x_wconf 88' lang='grc'><strong>00010010</strong></span> <span class='ocrx_word' id='word_1_219' title='bbox 876 3254 968 3338; x_wconf 90' lang='lat' dir='ltr'><strong>longe</strong></span> <span class='ocrx_word' id='word_1_220' title='bbox 996 3254 1046 3322; x_wconf 85' lang='lat' dir='ltr'><strong>vel</strong></span> <span class='ocrx_word' id='word_1_221' title='bbox 1074 3275 1173 3343; x_wconf 92' lang='lat' dir='ltr'><strong>prope</strong></span> <span class='ocrx_word' id='word_1_222' title='bbox 1201 3259 1322 3343; x_wconf 88' lang='lat' dir='ltr'><strong>posite,</strong></span> <span class='ocrx_word' id='word_1_223' title='bbox 1357 3257 1416 3324; x_wconf 83' lang='lat' dir='ltr'><strong>sed</strong></span> <span class='ocrx_word' id='word_1_224' title='bbox 1443 3263 1473 3323; x_wconf 90' lang='lat' dir='ltr'><strong>et</strong></span> <span class='ocrx_word' id='word_1_225' title='bbox 1564 3255 1566 3258; x_wconf 74' lang='grc'><strong>’</strong></span> 
     </span>
     <span class='ocr_line' id='line_1_27' title="bbox 302 3370 1471 3457; baseline 0.003 -20"><span class='ocrx_word' id='word_1_226' title='bbox 302 3377 465 3455; x_wconf 87' lang='lat' dir='ltr'><strong>magnatos</strong></span> <span class='ocrx_word' id='word_1_227' title='bbox 494 3379 526 3438; x_wconf 90' lang='lat' dir='ltr'><strong>et</strong></span> <span class='ocrx_word' id='word_1_228' title='bbox 553 3372 711 3457; x_wconf 77' lang='lat' dir='ltr'><strong>capitanei</strong></span> <span class='ocrx_word' id='word_1_229' title='bbox 739 3370 916 3457; x_wconf 82' lang='lat' dir='ltr'><strong>provincie,</strong></span> <span class='ocrx_word' id='word_1_230' title='bbox 945 3371 1031 3436; x_wconf 84' lang='lat' dir='ltr'><strong>fame</strong></span> <span class='ocrx_word' id='word_1_231' title='bbox 1054 3372 1251 3440; x_wconf 90' lang='lat' dir='ltr'><strong>dormitionis</strong></span> <span class='ocrx_word' id='word_1_232' title='bbox 1275 3373 1343 3439; x_wconf 90' lang='lat' dir='ltr'><strong>eius</strong></span> <span class='ocrx_word' id='word_1_233' title='bbox 1369 3373 1471 3456; x_wconf 84' lang='lat' dir='ltr'><strong>exciti,</strong></span> 
     </span>
     <span class='ocr_line' id='line_1_28' title="bbox 302 3485 1472 3574; baseline 0.003 -21"><span class='ocrx_word' id='word_1_234' title='bbox 302 3507 341 3554; x_wconf 84' lang='lat' dir='ltr'><strong>ex</strong></span> <span class='ocrx_word' id='word_1_235' title='bbox 366 3486 452 3552; x_wconf 93' lang='lat' dir='ltr'><strong>omni</strong></span> <span class='ocrx_word' id='word_1_236' title='bbox 475 3491 566 3573; x_wconf 88' lang='lat' dir='ltr'><strong>parte</strong></span> <span class='ocrx_word' id='word_1_237' title='bbox 588 3485 800 3568; x_wconf 85' lang='lat' dir='ltr'><strong>ooniluebant3</strong></span> <span class='ocrx_word' id='word_1_238' title='bbox 823 3487 964 3554; x_wconf 78' lang='lat' dir='ltr'><strong>infelices</strong></span> <span class='ocrx_word' id='word_1_239' title='bbox 988 3509 1056 3556; x_wconf 88' lang='grc'><strong>0000</strong></span> <span class='ocrx_word' id='word_1_240' title='bbox 1075 3495 1168 3574; x_wconf 89' lang='grc'><strong>01000</strong></span> <span class='ocrx_word' id='word_1_241' title='bbox 1184 3490 1301 3556; x_wconf 90' lang='lat' dir='ltr'><strong>inertes</strong></span> <span class='ocrx_word' id='word_1_242' title='bbox 1318 3489 1472 3571; x_wconf 76' lang='lat' dir='ltr'><strong>arbitrati,</strong></span> 
     </span>
     <span class='ocr_line' id='line_1_29' title="bbox 302 3600 1474 3688; baseline 0.001 -21"><span class='ocrx_word' id='word_1_243' title='bbox 302 3600 438 3685; x_wconf 88' lang='grc'><strong>010100,</strong></span> <span class='ocrx_word' id='word_1_244' title='bbox 468 3622 559 3687; x_wconf 88' lang='lat' dir='ltr'><strong>quem</strong></span> <span class='ocrx_word' id='word_1_245' title='bbox 584 3603 740 3669; x_wconf 84' lang='lat' dir='ltr'><strong>viventem</strong></span> <span class='ocrx_word' id='word_1_246' title='bbox 764 3601 957 3688; x_wconf 81' lang='lat' dir='ltr'><strong>dilexerant,</strong></span> <span class='ocrx_word' id='word_1_247' title='bbox 985 3605 1088 3672; x_wconf 88' lang='lat' dir='ltr'><strong>funeri</strong></span> <span class='ocrx_word' id='word_1_248' title='bbox 1117 3625 1179 3671; x_wconf 91' lang='lat' dir='ltr'><strong>non</strong></span> <span class='ocrx_word' id='word_1_249' title='bbox 1204 3604 1352 3672; x_wconf 89' lang='lat' dir='ltr'><strong>adessent</strong></span> <span class='ocrx_word' id='word_1_250' title='bbox 1376 3604 1426 3672; x_wconf 87' lang='lat' dir='ltr'><strong>vel</strong></span> <span class='ocrx_word' id='word_1_251' title='bbox 1448 3605 1474 3670; x_wconf 90' lang='grc'><strong>01</strong></span> 
     </span>
     <span class='ocr_line' id='line_1_30' title="bbox 303 3717 1164 3808; baseline 0.003 -24"><span class='ocrx_word' id='word_1_252' title='bbox 303 3717 426 3785; x_wconf 88' lang='lat' dir='ltr'><strong>debitos</strong></span> <span class='ocrx_word' id='word_1_253' title='bbox 448 3718 582 3784; x_wconf 90' lang='lat' dir='ltr'><strong>honores</strong></span> <span class='ocrx_word' id='word_1_254' title='bbox 606 3717 702 3784; x_wconf 86' lang='lat' dir='ltr'><strong>tantis</strong></span> <span class='ocrx_word' id='word_1_255' title='bbox 725 3719 868 3803; x_wconf 85' lang='lat' dir='ltr'><strong>exequiis</strong></span> <span class='ocrx_word' id='word_1_256' title='bbox 891 3741 954 3786; x_wconf 94' lang='grc'><strong>000</strong></span> <span class='ocrx_word' id='word_1_257' title='bbox 977 3725 1164 3808; x_wconf 84' lang='lat' dir='ltr'><strong>prestarent</strong></span> 
     </span>
    </p>

    <p class='ocr_par' dir='ltr' id='par_1_5' title="bbox 303 3833 1476 4382">
     <span class='ocr_line' id='line_1_31' title="bbox 392 3833 1474 3922; baseline 0.004 -24"><span class='ocrx_word' id='word_1_258' title='bbox 392 3835 446 3898; x_wconf 82' lang='grc'><strong>42.</strong></span> <span class='ocrx_word' id='word_1_259' title='bbox 487 3833 676 3919; x_wconf 80' lang='lat' dir='ltr'><strong>Supervenit</strong></span> <span class='ocrx_word' id='word_1_260' title='bbox 708 3853 833 3919; x_wconf 91' lang='grc'><strong>000000</strong></span> <span class='ocrx_word' id='word_1_261' title='bbox 867 3855 955 3902; x_wconf 91' lang='lat' dir='ltr'><strong>saore</strong></span> <span class='ocrx_word' id='word_1_262' title='bbox 990 3856 1115 3922; x_wconf 87' lang='lat' dir='ltr'><strong>semper</strong></span> <span class='ocrx_word' id='word_1_263' title='bbox 1154 3837 1307 3904; x_wconf 90' lang='lat' dir='ltr'><strong>memorie</strong></span> <span class='ocrx_word' id='word_1_264' title='bbox 1341 3836 1474 3903; x_wconf 90' lang='lat' dir='ltr'><strong>lmbrioo</strong></span> 
     </span>
     <span class='ocr_line' id='line_1_32' title="bbox 303 3948 1476 4037; baseline 0.003 -22"><span class='ocrx_word' id='word_1_265' title='bbox 303 3948 541 4035; x_wconf 88' lang='lat' dir='ltr'><strong>Herbipoleusis</strong></span> <span class='ocrx_word' id='word_1_266' title='bbox 564 3949 744 4035; x_wconf 85' lang='lat' dir='ltr'><strong>episeopus,</strong></span> <span class='ocrx_word' id='word_1_267' title='bbox 766 3950 814 4015; x_wconf 87' lang='lat' dir='ltr'><strong>vir</strong></span> <span class='ocrx_word' id='word_1_268' title='bbox 837 3949 941 4017; x_wconf 85' lang='lat' dir='ltr'><strong>olarus</strong></span> <span class='ocrx_word' id='word_1_269' title='bbox 964 3957 996 4017; x_wconf 90' lang='lat' dir='ltr'><strong>et</strong></span> <span class='ocrx_word' id='word_1_270' title='bbox 1019 3950 1167 4037; x_wconf 91' lang='lat' dir='ltr'><strong>prudens,</strong></span> <span class='ocrx_word' id='word_1_271' title='bbox 1191 3958 1258 4018; x_wconf 88' lang='lat' dir='ltr'><strong>tam</strong></span> <span class='ocrx_word' id='word_1_272' title='bbox 1282 3951 1398 4037; x_wconf 91' lang='lat' dir='ltr'><strong>eloquii</strong></span> <span class='ocrx_word' id='word_1_273' title='bbox 1424 3971 1476 4018; x_wconf 82' lang='lat' dir='ltr'><strong>ve-</strong></span> 
     </span>
     <span class='ocr_line' id='line_1_33' title="bbox 303 4065 1475 4154; baseline 0.003 -25"><span class='ocrx_word' id='word_1_274' title='bbox 303 4068 431 4130; x_wconf 85' lang='lat' dir='ltr'><strong>nustate</strong></span> <span class='ocrx_word' id='word_1_275' title='bbox 451 4084 545 4148; x_wconf 91' lang='lat' dir='ltr'><strong>quam</strong></span> <span class='ocrx_word' id='word_1_276' title='bbox 567 4065 695 4149; x_wconf 89' lang='lat' dir='ltr'><strong>ingenio</strong></span> <span class='ocrx_word' id='word_1_277' title='bbox 718 4069 751 4131; x_wconf 91' lang='grc'><strong>01</strong></span> <span class='ocrx_word' id='word_1_278' title='bbox 772 4065 928 4151; x_wconf 90' lang='lat' dir='ltr'><strong>sapientia</strong></span> <span class='ocrx_word' id='word_1_279' title='bbox 955 4065 1145 4154; x_wconf 90' lang='lat' dir='ltr'><strong>prepollens.</strong></span> <span class='ocrx_word' id='word_1_280' title='bbox 1192 4066 1398 4154; x_wconf 82' lang='lat' dir='ltr'><strong>Supervenit,</strong></span> <span class='ocrx_word' id='word_1_281' title='bbox 1428 4069 1475 4132; x_wconf 89' lang='lat' dir='ltr'><strong>in·</strong></span> 
     </span>
     <span class='ocr_line' id='line_1_34' title="bbox 304 4179 1474 4265; baseline 0.005 -22"><span class='ocrx_word' id='word_1_282' title='bbox 304 4198 410 4263; x_wconf 89' lang='lat' dir='ltr'><strong>quam,</strong></span> <span class='ocrx_word' id='word_1_283' title='bbox 433 4181 553 4245; x_wconf 82' lang='lat' dir='ltr'><strong>amisus</strong></span> <span class='ocrx_word' id='word_1_284' title='bbox 576 4181 615 4246; x_wconf 87' lang='lat' dir='ltr'><strong>ad</strong></span> <span class='ocrx_word' id='word_1_285' title='bbox 639 4181 732 4247; x_wconf 89' lang='lat' dir='ltr'><strong>amioi</strong></span> <span class='ocrx_word' id='word_1_286' title='bbox 756 4182 905 4265; x_wconf 85' lang='lat' dir='ltr'><strong>exequias</strong></span> <span class='ocrx_word' id='word_1_287' title='bbox 927 4179 1046 4248; x_wconf 86' lang='lat' dir='ltr'><strong>invisas</strong></span> <span class='ocrx_word' id='word_1_288' title='bbox 1070 4188 1102 4248; x_wconf 93' lang='grc'><strong>01</strong></span> <span class='ocrx_word' id='word_1_289' title='bbox 1124 4181 1243 4249; x_wconf 89' lang='lat' dir='ltr'><strong>dolenti</strong></span> <span class='ocrx_word' id='word_1_290' title='bbox 1266 4189 1298 4250; x_wconf 88' lang='lat' dir='ltr'><strong>et</strong></span> <span class='ocrx_word' id='word_1_291' title='bbox 1320 4183 1474 4249; x_wconf 86' lang='lat' dir='ltr'><strong>ardentis·</strong></span> 
     </span>
     <span class='ocr_line' id='line_1_35' title="bbox 305 4292 1474 4382; baseline 0.008 -25"><span class='ocrx_word' id='word_1_292' title='bbox 305 4292 384 4360; x_wconf 80' lang='grc'><strong>01100</strong></span> <span class='ocrx_word' id='word_1_293' title='bbox 417 4292 505 4360; x_wconf 86' lang='lat' dir='ltr'><strong>ilenti</strong></span> <span class='ocrx_word' id='word_1_294' title='bbox 533 4293 662 4362; x_wconf 90' lang='grc'><strong>00010010</strong></span> <span class='ocrx_word' id='word_1_295' title='bbox 697 4292 833 4379; x_wconf 88' lang='lat' dir='ltr'><strong>lugendo</strong></span> <span class='ocrx_word' id='word_1_296' title='bbox 861 4296 930 4382; x_wconf 90' lang='lat' dir='ltr'><strong>ipse</strong></span> <span class='ocrx_word' id='word_1_297' title='bbox 959 4315 996 4364; x_wconf 84' lang='lat' dir='ltr'><strong>aa</strong></span> <span class='ocrx_word' id='word_1_298' title='bbox 1019 4296 1153 4364; x_wconf 89' lang='lat' dir='ltr'><strong>dolendo</strong></span> <span class='ocrx_word' id='word_1_299' title='bbox 1181 4297 1300 4365; x_wconf 85' lang='lat' dir='ltr'><strong>lustum</strong></span> <span class='ocrx_word' id='word_1_300' title='bbox 1328 4300 1418 4366; x_wconf 81' lang='lat' dir='ltr'><strong>auxit</strong></span> <span class='ocrx_word' id='word_1_301' title='bbox 1443 4305 1474 4366; x_wconf 87' lang='grc'><strong>01</strong></span> 
     </span>
    </p>

    <p class='ocr_par' dir='ltr' id='par_1_6' title="bbox 377 4422 740 4493">
     <span class='ocr_line' id='line_1_36' title="bbox 377 4422 740 4493; baseline 0.011 -17"><span class='ocrx_word' id='word_1_302' title='bbox 377 4422 402 4476; x_wconf 90' lang='lat'><strong>1.</strong></span> <span class='ocrx_word' id='word_1_303' title='bbox 421 4422 517 4479; x_wconf 65' lang='lat' dir='ltr'><strong>reem.</strong></span> <span class='ocrx_word' id='word_1_304' title='bbox 531 4425 572 4493; x_wconf 88' lang='lat'><strong>11,</strong></span> <span class='ocrx_word' id='word_1_305' title='bbox 586 4425 629 4480; x_wconf 85' lang='lat' dir='ltr'><strong>re.</strong></span> <span class='ocrx_word' id='word_1_306' title='bbox 736 4427 740 4432; x_wconf 52' lang='lat'><em>⁴</em></span> 
     </span>
    </p>
   </div>
   <div class='ocr_carea' id='block_1_3' title="bbox 0 0 1585 4850">
    <p class='ocr_par' dir='ltr' id='par_1_7' title="bbox 0 0 1585 4850">
     <span class='ocr_line' id='line_1_37' title="bbox 0 0 1585 4850; baseline 0 0"><span class='ocrx_word' id='word_1_307' title='bbox 0 0 1585 4850; x_wconf 95' lang='lat' dir='ltr'><strong> </strong></span> 
     </span>
    </p>
   </div>
  </div>
 </body>
</html>
