3142 4850
321 309 385 374 116
714 325 883 373 unsnmor
904 325 1032 372 oonnx.
1067 321 1102 371 ns

147 497 300 554 10741078
316 497 448 573 propter
461 491 592 570 repn'nrn
615 478 808 562 eaeiornm¹5
830 487 886 550 red
906 507 971 549 non
994 505 1098 549 ornnes
1113 483 1244 568 eopiornt
1265 482 1323 546 boe
1336 473 1488 546 veson.

319 599 384 682 Qui
403 612 509 686 potest
530 623 657 687 capere,
689 594 822 686 eopior⁸.
858 597 1074 685 Quapropter·
1098 595 1258 683 apostolus
1281 614 1406 679 quoquo
1433 593 1488 660 ait:

315 715 368 782 De
389 719 565 802 oirpinibna
586 729 792 803 paeceptum
813 715 951 780 Domini
970 737 1036 780 non
1058 714 1172 793 babeo,
1202 712 1369 778 consilinm
1390 723 1490 776 nonan

316 827 385 897 do‘.
476 830 536 909 Qui
560 831 671 916 etiam,
700 831 793 896 iuxta
813 827 1036 915 praeceptum*
1058 827 1189 894 Domini
1211 846 1276 893 nou
1303 844 1413 892 omnes
1435 825 1492 892 boe

315 945 483 1014 eonsilium
510 965 624 1032 aspare
651 965 745 1031 posse
768 945 988 1028 oonsidernns,
1021 943 1077 1010 sed
1105 941 1222 1009 multos
1249 941 1390 1008 eiusdem
1420 961 1491 1008 oon-

316 1062 381 1130 silii
405 1066 616 1129 assentatores
641 1097 681 1108 --
706 1059 896 1145 hominibus,
918 1079 982 1126 non
1004 1059 1084 1144 Deo,
1107 1077 1165 1145 pro
1187 1057 1270 1124 falsa
1290 1056 1397 1143 speeie
1419 1075 1492 1122 oon·

316 1177 469 1244 tinentiae
497 1176 622 1262 plaeere
645 1176 785 1243 volentes
802 1213 843 1224 —
867 1176 1016 1260 graviora
1035 1175 1147 1241 videns
1176 1174 1407 1241 committere⁶t
1437 1191 1493 1259 pa·

317 1297 403 1360 trum
431 1292 552 1359 seilicet
578 1311 693 1359 uxores
721 1292 919 1377 subigitare,
946 1289 1159 1357 musculorum
1186 1308 1225 1355 aa
1247 1288 1403 1374 peoudum
1427 1307 1494 1354 om·

318 1407 430 1494 plexus
454 1427 518 1474 non
542 1407 725 1489 abhorrere;
755 1428 812 1491 ne,
839 1406 944 1474 morbi
971 1405 1065 1472 huius
1088 1405 1309 1492 conspersione
1330 1404 1372 1470 ad
1393 1423 1518 1502 usquo·

319 1523 533 1610 pestilentiam
557 1521 810 1607 oonrnlesoente,
833 1527 935 1590 status
956 1523 1108 1588 nimirum
1129 1520 1372 1588 labefactaretur
1394 1519 1495 1586 aeole-

319 1639 401 1706 siae:
437 1642 577 1727 Propter
606 1639 854 1722 fornicationem
882 1638 965 1704 dixit
995 1661 1078 1704 anno
1107 1642 1241 1725 quaque
1266 1639 1378 1706 babeat
1403 1659 1496 1702 enarr

317 1751 474 1823 senmnn‘.

410 1869 500 1948 Quod
523 1867 703 1956 spetialiter
726 1869 767 1935 ad
788 1869 886 1934 laioos
909 1871 1077 1956 pertinere,
1099 1869 1185 1936 idem
1206 1868 1402 1935 mentiuntur
1416 1886 1497 1954 ppo

318 1986 435 2066 oritae;
459 1985 525 2070 qui,
548 1983 639 2050 lieetd
661 1984 696 2050 in
711 1985 822 2068 quovis
845 1985 1045 2052 sanctissimo
1060 1985 1171 2052 ordine
1186 1983 1359 2067 eonstitun',
1381 1983 1497 2050 alienis

319 2106 427 2167 tamen
450 2098 601 2166 uxoribus
623 2119 688 2165 uon
710 2099 857 2166 dubitent
879 2101 967 2169 abuti
989 2106 1031 2186 et,
1055 2101 1139 2187 quod
1160 2099 1263 2168 flendo
1286 2099 1440 2183 didimus,
1463 2099 1497 2166 iu

320 2215 512 2303 supradietis
548 2215 674 2282 sariunt
708 2213 889 2283 seeleribus.
934 2215 977 2282 Hi
1004 2217 1156 2283 nimirum
1188 2235 1252 2283 nou
1287 2219 1373 2282 reete
1402 2214 1498 2282 iutel-

318 2332 467 2399 lexaruut
494 2330 700 2416 soripturam3
736 2331 826 2398 ouius
853 2331 1027 2398 mamillam
1062 2333 1137 2419 quis
1163 2332 1273 2399 durius
1300 2335 1498 2418 presserunt

320 2448 506 2532 snuguiuom
529 2467 586 2533 pro
609 2447 692 2514 laete
714 2446 872 2515 biberunt

409 2562 490 2630 Nam
513 2561 593 2629 illud
615 2562 839 2649 apostolieum:
864 2564 950 2631 Unno
972 2568 1106 2652 quisque
1121 2588 1212 2632 arnon
1231 2586 1362 2631 neornn
1383 2564 1498 2631 babent

320 2678 442 2746 nullum
470 2676 588 2764 exeipit
615 2677 677 2744 nisi
712 2678 923 2764 professorem
949 2700 1044 2747 verae
1071 2680 1282 2749 continentiae
1309 2678 1361 2745 vel
1395 2687 1496 2763 eum·,

320 2794 375 2881 qui
409 2794 447 2861 de
481 2794 694 2861 continuanda
725 2794 909 2877 virginitate
942 2796 1068 2863 votnm‘
1100 2797 1135 2863 iu
1167 2796 1303 2862 Domino
1335 2792 1496 2880 praefixit

320 2910 409 2989 Quod
424 2909 646 2977 uiohilominns
662 2916 760 2993 tuom,
772 2914 865 2996 poter
876 2912 1064 2997 venerande,
1076 2911 1227 2979 eondeeet
1237 2910 1497 2977 strennuitatem:

320 3032 357 3093 ut
371 3045 506 3109 omnam,
530 3026 594 3111 qui,
617 3026 676 3093 tibi
691 3030 801 3091 votum
815 3026 1029 3094 continentiae
1044 3027 1095 3094 vol
1109 3046 1206 3093 mauu
1227 3025 1279 3093 vel
1293 3044 1348 3092 ore
1364 3024 1498 3110 faciens,

321 3146 432 3227 postea
453 3139 589 3207 voluerit
611 3146 801 3227 apostatare,
826 3144 943 3209 autad
965 3148 1073 3209 votum
1095 3142 1312 3228 exequendum
1334 3160 1375 3206 ex
1389 3140 1499 3207 debito

321 3256 520 3338 eonsningss
547 3260 603 3321 nnt
632 3255 673 3323 nb
702 3260 789 3323 omui
816 3258 927 3325 ordine
952 3259 1103 3325 onnouios
1129 3257 1318 3325 auctoritate
1345 3256 1498 3344 deponas

253 3386 260 3398 ·
321 3370 366 3439 Et
392 3375 429 3437 ut
449 3369 584 3437 viriliter
610 3371 671 3439 hoo
691 3373 816 3459 inplere
839 3372 992 3458 suffioias,
1022 3394 1073 3440 me
1096 3392 1268 3460 omnesque
1290 3374 1355 3441 mei
1375 3373 1500 3440 ordinis

322 3486 408 3553 viros
431 3485 591 3552 adiutores
613 3486 743 3555 habebis
766 3508 831 3555 non
853 3491 970 3575 pigros.

413 3600 531 3667 Verum
545 3607 583 3667 ut
595 3602 689 3669 huius
705 3604 771 3671 uoti
784 3606 908 3673 nescios
922 3606 1051 3671 omniuo
1066 3605 1148 3671 seius
1163 3624 1226 3671 nou
1243 3624 1312 3671 sese
1328 3602 1500 3687 oogeudos,

325 3714 399 3782 audi
428 3717 605 3801 apostolum
635 3718 790 3785 dicentem
820 3718 861 3785 ad
887 3719 1101 3788 Timotheum:
1133 3719 1266 3808 Oportet
1298 3719 1402 3805 iuquit
1429 3724 1501 3808 epi·

324 3854 454 3919 ooopnon
480 3836 788 3921 irreprebensibilem
816 3858 879 3901 ease
905 3840 1000 3903 nnius
1022 3840 1132 3903 neoris
1155 3831 1286 3903 oiram⁸.
1328 3833 1429 3913 Quam
1458 3855 1503 3901 ue

325 3947 396 4032 quis
424 3950 613 4015 seutentiam
643 3949 683 4015 sd
710 3949 812 4017 solam
840 3955 977 4018 verteret
1004 3950 1186 4036 erolesiem,
1218 3950 1397 4017 subiunxit:
1433 3950 1505 4034 Qni

396 4154 417 4187 n.
440 4156 483 4189 orn
496 4142 540 4189 VZ.
632 4144 656 4190 b.
678 4144 821 4205 prnedr'aturn
837 4143 870 4202 L,
892 4143 933 4192 sbi
948 4144 1011 4193 deest
1025 4145 1125 4193 Domini.
1217 4159 1238 4192 a.
1260 4145 1409 4193 numidarum
1421 4144 1443 4191 V
1451 4160 1503 4206 pm

325 4221 476 4269 summittere.
553 4221 575 4269 d
600 4224 702 4282 quumvis
718 4222 747 4271 L.
825 4238 846 4271 a.
869 4238 913 4271 ona
923 4223 952 4272 L.
1029 4226 1045 4271 1.
1069 4225 1148 4271 rotun
1162 4224 1188 4271 in
1202 4238 1246 4271 ona
1257 4222 1285 4271 L.

398 4333 423 4387 1.
442 4332 590 4404 1111111119,
605 4335 647 4388 11.
718 4336 744 4390 2.
763 4334 859 4390 nana.
871 4338 967 4406 19,11.
1038 4336 1064 4392 3.
1081 4336 1179 4393 Mattio.
1190 4338 1233 4407 19,
1244 4338 1288 4393 12.
1359 4336 1386 4391 4.
1406 4336 1502 4393 lOor.

326 4418 409 4491 Lib.
498 4420 525 4476 5.
545 4420 712 4493 1001112.
801 4424 827 4478 6.
848 4424 1027 4503 lTim.d,2.
