3142 4850
315 269 380 334 104
706 282 873 331 ιιυιιιιιοι
894 281 1022 330 conum
1057 279 1092 330 48

204 461 273 516 1076
312 445 454 512 earitatis
483 443 598 510 bonum
623 443 714 527 qnasi
743 441 936 524 singularem
956 439 1102 508 fidelibus
1123 439 1189 506 suis
1212 444 1409 508 caracterem
1433 441 1493 505 im·

180 533 297 580 *m*
313 555 482 646 presserit¹
504 595 546 606 ·-
570 559 660 626 onius
683 559 747 624 rei‘
769 555 951 623 testimonia
973 555 1067 640 plura
1088 560 1213 639 extant,
1242 575 1336 640 qnam
1359 560 1402 622 ut
1423 555 1493 641 epi·

226 743 233 755 ,
313 675 424 742 stolari
453 673 609 741 brevitate
637 671 859 759 comprehendi
890 671 1080 738 valeant-
1103 676 1140 738 tn
1166 691 1184 738 e
1206 670 1382 753 contrario,
1414 670 1492 736 dum

312 789 453 876 profanis
484 789 592 855 studes
614 787 825 870 novitatibus,
855 785 930 851 dum
952 787 1055 868 magis
1077 784 1183 870 amplo
1206 804 1301 870 qnam
1322 785 1411 852 bono
1434 805 1493 850 no-

313 905 398 971 mine
422 903 596 987 delectaris,
619 904 694 970 dum
717 901 861 968 inaudita
875 900 1011 968 elatione
1033 899 1240 968 distenderisl
1255 901 1341 966 velut
1356 900 1493 984 quidam

313 1019 444 1103 signifer
459 1018 627 1102 scismatis,
652 1017 758 1084 omnia
772 1015 916 1083 membra
930 1015 1093 1098 eoelesiae,
1114 1035 1196 1100 qnae
1214 1016 1390 1082 seeundum
1415 1035 1493 1102 apo-

314 1133 429 1200 stolum
461 1133 660 1218 quietamet
686 1131 890 1216 tranquillam
920 1131 1037 1196 vitam·
1065 1135 1139 1196 ante
1172 1129 1231 1208 hee
1257 1135 1312 1195 tua
1339 1135 1494 1232 tempora

314 1242 476 1332 agebant',
493 1245 830 1333 superbaerndelitate
843 1244 1025 1330 erudeliqne
1047 1245 1197 1331 snperbia
1216 1243 1380 1328 laosrasti,
1399 1243 1494 1310 ilam-

313 1373 461 1446 moeque⁶
491 1360 683 1428 disoordiae‘*
710 1362 743 1426 in
765 1361 909 1427 Romana
931 1359 1063 1426 eoelesia
1089 1360 1167 1426 diris
1189 1359 1381 1442 factionibus
1405 1359 1494 1426 exei-

314 1477 405 1560 tasti,
435 1486 530 1561 quas·
552 1496 610 1562 per
632 1495 741 1542 omnes
768 1475 915 1542 eeolesias
933 1475 1057 1542 Ytaliae
1080 1473 1268 1542 Germaniae
1290 1460 1433 1540 Galliaer
1461 1479 1494 1540 et

314 1591 496 1678 Hyspaniae
518 1590 624 1656 furiali
647 1591 982 1676 dementiasparsisti.

405 1704 537 1772 Sublata
559 1706 653 1789 enim,
677 1713 830 1790 quantum
847 1706 893 1770 in·
908 1710 958 1771 te⁸
979 1705 1050 1788 fuit,
1073 1705 1159 1770 omni
1176 1707 1332 1790 potestate
1355 1703 1397 1770 ab
1423 1705 1493 1790 epi-

314 1822 418 1907 seopis
443 1857 483 1868 -
514 1841 574 1906 que
603 1821 648 1886 eis
678 1821 830 1886 divinitus
859 1840 916 1906 por
948 1819 1085 1903 gratiam
1114 1817 1252 1905 Spiritus
1279 1820 1399 1902 saneti,
1437 1820 1494 1903 qui

314 1937 452 2004 maxime
480 1938 515 2002 in
542 1935 793 2002 ordinationibus
807 1957 810 1964 ·
823 1940 988 2021 oporatur,
1017 1933 1133 2000 cedato
1154 1933 1424 2000 esse-dinoscitur
1450 1963 1493 1980 -·

315 2051 462 2136 omnique
485 2069 591 2118 reram
614 2031 897 2118 eoelesiastiearam
927 2049 1214 2116 amministracione
1241 2035 1367 2135 plebeio
1387 2050 1493 2116 furori

234 2231 235 2236 ,
314 2185 372 2252 per
395 2170 427 2232 te
453 2165 618 2247 attributa3
648 2166 723 2232 dum
745 2185 838 2231 nemo
861 2164 1044 2232 iamtalioui
1066 2164 1316 2251 episeopusaut
1331 2164 1493 2249 presbiter

236 2309 238 2314 v
316 2285 380 2365 est,
403 2281 465 2346 nisi
488 2281 543 2366 qui
564 2280 639 2347 hoel
661 2279 883 2364 indignissima
899 2281 1117 2360 ‘assentatione
1140 2259 1268 2346 a‘iastu¹
1286 2279 1354 2346 tuo-¹
1380 2299 1494 2348 emen-

316 2395 448 2479 dioarit3
478 2415 613 2463 omnem
630 2395 822 2483 apostolieae
844 2396 1052 2464 institutionis
1072 2396 1216 2479 rigorem
1239 2375 1395 2481 illamque
1418 2395 1493 2483 pnl-

316 2511 522 2579 ehorrimamk
555 2512 775 2591 membrorum·
797 2511 916 2591 Christi
944 2512 1215 2595 distributionem,
1249 2530 1345 2597 qnam
1380 2512 1494 2579 doeter

315 2627 456 2711 gentium
483 2627 828 2693 totiensoommendat
857 2618 1075 2711 etinouloatss
1104 2626 1278 2709 miserabili
1305 2626 1494 2694 confusione
1544 2653 1548 2661 ·

315 2741 479 2809 misouisti.
516 2741 630 2828 Sioqne
657 2763 713 2827 per
740 2742 878 2809 beo-tua
896 2742 1044 2825 ‘gloriosa
1064 2742 1208 2827 deereta,
1232 2742 1316 2826 quod
1345 2742 1417 2808 sine
1445 2743 1493 2809 la-

315 2858 423 2925 orimis
445 2857 508 2925 disi
530 2878 594 2925 non
616 2862 730 2943 potest,
753 2856 872 2923 Christi
893 2836 1089 2937 fere'nomen
1104 2858 1209 2942 periit.
1288 2856 1366 2935 Quis
1383 2863 1493 2925 antem

315 2972 405 3039 illnd'
435 2992 493 3058 pro
519 2972 706 3056 indignitate
728 2973 774 3038 rei
797 2982 886 3051 non*
909 2978 1052 3058 stupeat,
1081 2972 1165 3057 qaod
1191 2992 1306 3037 noram
1328 2973 1493 3056 quandam

315 3084 551 3171 indebitamque
573 3088 751 3171 potentiam,
769 3088 828 3154 tibi
852 3088 1032 3173 usurpando
1054 3106 1199 3171 arrogas,
1228 3093 1265 3153 ut
1284 3086 1397 3169 ‚debita
1419 3089 1494 3155 nni·

316 3220 427 3269 versae
454 3202 646 3269 fraternitati
672 3202 743 3268 iura
776 3202 940 3269 desuuas?
979 3202 1106 3269 Asseris
1141 3203 1241 3285 enim:
1276 3202 1494 3287 euiusounqne

316 3320 461 3383 nostrum
483 3316 682 3401 parrochiani
705 3316 833 3403 aliquod
855 3317 1005 3384 delictum
1031 3317 1081 3383 vel
1103 3317 1172 3383 sola
1191 3318 1278 3383 fama
1299 3317 1341 3383 ad
1362 3322 1395 3383 te
1415 3338 1493 3404 per·

316 3431 434 3515 ueniat,
457 3430 541 3497 ultra
563 3432 626 3497 iam
650 3452 713 3498 non
736 3432 852 3499 habere
874 3452 1064 3517 quemqnam
1086 3438 1230 3499 nostrum
1257 3432 1395 3518 aliquam
1417 3438 1493 3519 pot·

318 3550 450 3613 estatem
480 3544 532 3613 rel
559 3546 680 3631 ligandi
708 3558 800 3615 oum²
828 3546 880 3613 rel
914 3547 1056 3615 solvendi
1089 3553 1215 3634 praeter
1241 3553 1275 3615 te
1297 3530 1406 3633 ‚solum
1434 3556 1494 3616 aut

318 3680 400 3747 eum,
417 3682 509 3748 quem
525 3668 561 3729 tu
576 3662 773 3749 specialiter⁰
790 3663 831 3729 ad
845 3663 905 3729 hoe
919 3662 1083 3746 delegeris.
1117 3662 1183 3741 Quo
1204 3664 1362 3730 sententia
1376 3676 1492 3748 quam*

385 3868 407 3902 a.
430 3869 473 3902 oua
487 3856 510 3902 V.
603 3856 626 3902 b.
650 3856 778 3903 ostenderis
792 3857 835 3903 VZ.
924 3871 945 3903 e.
967 3856 1070 3903 flammas
1085 3857 1140 3916 quia
1159 3856 1187 3904 G.
1275 3856 1298 3903 d
1321 3869 1378 3916 quas
1393 3856 1449 3904 edd.
1463 3857 1492 3917 G.

318 3948 338 3981 ο.
362 3948 404 3983 aaa
418 3933 445 3982 G.
507 3934 523 3981 t
548 3934 645 3981 onaVZ.
707 3948 730 3994 g.
752 3937 777 3983 in
792 3939 816 3982 te
831 3936 915 3983 oraG.
982 3935 1006 3982 lr.
1032 3932 1122 3983 luae'G.
1192 3936 1208 3981 i.
1231 3949 1274 3982 suo
1294 3934 1321 3983 0.
1390 3936 1415 3983 k.
1438 3936 1492 4001 pul-

318 4012 434 4059 eerrlmarn
448 4012 472 4059 V.
566 4013 582 4059 l.
606 4028 648 4060 om.
660 4014 683 4061 V.
776 4028 806 4061 m.
830 4029 873 4062 ora
886 4015 914 4063 G.
1014 4028 1038 4061 rt
1062 4029 1106 4061 osa
1118 4014 1146 4061 G.
1247 4028 1269 4061 e.
1292 4008 1443 4074 spiritualiter
1462 4016 1491 4063 G.

335 4122 341 4137 .
379 4092 425 4137 uod
445 4090 472 4137 G.

317 4104 333 4150 p
363 4104 414 4238 ql.
433 4183 490 4239 Iob.
505 4185 547 4254 13,
560 4186 609 4239 35:
630 4186 678 4256 ,ln
695 4186 747 4241 hoe
765 4192 934 4256 cognoscent
950 4202 1054 4256 omnes,
1072 4187 1138 4255 quia
1155 4186 1282 4257 diseipuli
1299 4188 1353 4242 mei
1371 4188 1448 4259 eatis,
1466 4190 1491 4245 si

318 4270 490 4326 dilectionem
502 4270 652 4327 habueritis
670 4274 705 4327 ad
721 4274 867 4330 iuvicam“.
938 4277 964 4330 2.
984 4279 999 4330 1
1012 4276 1083 4330 Tim.
1093 4277 1119 4344 2,
1132 4276 1163 4329 2:
1184 4279 1232 4345 „ut
1242 4276 1363 4344 quietam
1375 4280 1405 4331 et
1416 4280 1492 4331 tran-

318 4357 429 4431 quillam
448 4358 533 4414 vitam
552 4360 694 4429 agamue“.
764 4363 791 4417 3.
810 4361 852 4419 cf.
871 4362 1134 4434 rcerinth.12,1a.
