3142 4850
332 303 397 368 368
727 319 894 368 unaumcr
915 318 1043 368 murex.
1077 317 1131 368 aaa

164 499 317 555 1111-1120
331 479 491 561 misimns;
514 485 566 563 ut,
594 479 677 545 sient
698 478 801 546 eidem
823 473 1007 564 metropoli¹
1030 478 1140 544 eadem
1162 498 1221 544 sos
1242 475 1404 563 prouincia
1421 494 1486 540 cas·

331 597 491 678 terminat,
515 595 560 661 ita
582 595 614 660 in
638 595 811 661 maioribus
834 594 984 661 ecclesiae
1002 593 1137 676 negotiis
1151 591 1310 658 uullauos
1326 589 1487 658 sentsndat

332 711 527 778 dissonantia
548 711 686 776 dirimat.

420 827 495 893 Fuit
521 827 604 913 apud
626 845 685 892 nos
707 826 877 892 mnouicus
907 825 1036 910 quidam
1065 826 1100 891 in
1128 825 1266 892 aarum
1289 823 1396 890 'sancti
1415 820 1491 888 llar-

331 943 401 1026 tini,
425 943 562 1029 simplex
585 947 618 1008 et
639 939 807 1023 delicatus;
831 943 882 1006 cni
905 961 943 1007 ea
959 940 1115 1025 voluntas,
1137 941 1260 1007 udnam
1280 941 1388 1006 didus
1401 939 1491 1023 inspi·

331 1059 464 1142 ratione,
487 1059 520 1123 in
536 1062 673 1124 mentem
689 1057 810 1140 incidit,
832 1063 868 1123 ut
883 1058 1009 1123 artioris
1023 1058 1109 1124 sitae
1124 1058 1321 1144 propositum
1336 1056 1491 1140 arriperet

332 1173 402 1257 Qui,
419 1174 458 1240 ob
475 1173 606 1240 eandem
622 1191 750 1238 causam
764 1173 799 1238 in
814 1172 1040 1239 Treverenscm
1056 1174 1274 1259 episcopatum
1290 1169 1493 1238 nescientibus

332 1290 423 1356 nobis
446 1290 614 1376 prolectas,
639 1291 672 1355 in
695 1290 888 1355 monasterio
909 1290 1044 1373 quodam
1067 1288 1209 1378 regulam
1232 1288 1318 1356 beati
1331 1285 1492 1370 Augustini

331 1406 492 1493 professus
520 1411 577 1472 est.
615 1404 738 1472 Deinde
766 1404 889 1470 duobus
918 1405 1079 1472 mensibus
1107 1407 1290 1488 transactis,
1317 1404 1433 1470 litteris
1459 1400 1494 1468 ad

331 1542 389 1588 nes
413 1521 452 1588 de
479 1543 537 1587 sua
564 1523 770 1587 conversione
798 1521 943 1604 ducetis,
971 1521 1170 1606 praebendae
1196 1541 1272 1588 suae
1298 1517 1493 1598 renuntiarit

331 1638 557 1724 professionem
581 1657 671 1702 snam
694 1636 857 1720 indicauit,
884 1657 1047 1704 mnsam
1071 1638 1211 1703 omnium
1232 1643 1381 1703 noenum
1403 1634 1495 1701 humi·

331 1753 403 1821 liter
432 1751 624 1840 imploravit.
723 1752 904 1819 Transactis
939 1758 1045 1820 autam
1078 1753 1200 1820 duobus
1227 1753 1337 1836 annis,
1371 1753 1496 1838 ipsemet

332 1869 509 1936 Traiectum
533 1869 673 1952 veniens,
697 1887 768 1934 cum
792 1864 992 1955 episcopum²
1014 1875 1213 1956 praesentem
1235 1889 1299 1935 non
1319 1869 1495 1947 maenissct

332 1990 519 2052 conventum
535 1989 680 2050 nostrum
696 1985 843 2065 intravit3
859 1986 968 2068 sitam
985 2005 1081 2070 quam
1096 1992 1184 2051 tanto
1199 1990 1346 2071 tempore
1356 1988 1496 2072 expertos

331 2101 444 2183 iuerat,
461 2099 635 2182 laudavit·;
655 2100 817 2169 licentiam
830 2101 966 2167 fratrum
981 2101 1147 2185 requisivit
1161 2107 1195 2168 at
1208 2100 1366 2187 accepit⁵3
1389 2107 1421 2168 et
1433 2118 1496 2166 cun

332 2237 367 2283 se
382 2216 576 2283 orationibus
591 2218 719 2300 noemia,
739 2217 880 2282 vicissim
895 2237 954 2282 nos
968 2217 1072 2283 illius⁶
1087 2217 1395 2302 commendaremus,
1417 2236 1497 2283 ostu-

331 2332 397 2398 lum
420 2332 508 2418 pacis
532 2332 572 2398 ab
595 2333 749 2416 omnibus,
774 2333 927 2417 quittunc
948 2334 982 2400 in
998 2339 1153 2399 caumata
1168 2332 1311 2415 aderent,
1336 2333 1498 2419 accipiens,

330 2448 580 2533 gratulabundus
596 2449 750 2515 discemit
841 2448 1014 2533 Regressus
1035 2451 1135 2533 igitur
1148 2450 1190 2515 ad
1205 2450 1416 2536 professionis
1430 2465 1497 2514 snas

331 2566 568 2648 monasterium,
580 2566 718 2651 primum
731 2565 891 2648 diaconus,
903 2565 1034 2631 deinded
1048 2566 1215 2652 presbyter
1226 2565 1267 2632 ad
1280 2566 1413 2633 titulum
1424 2566 1498 2631 cias·

331 2681 402 2749 dem
426 2682 576 2748 ecclesiae
597 2680 817 2747 aTrcvcrensi
839 2678 1005 2768 episcopo²
1022 2688 1223 2749 consecratus
1243 2686 1301 2747 est
1397 2682 1440 2748 Et
1459 2682 1498 2745 ita

331 2816 401 2864 cum
425 2818 585 2864 sacrorum
609 2797 754 2892 ordinum
776 2801 976 2883 promotione
997 2798 1031 2863 in
1053 2805 1181 2865 sanctae
1204 2798 1415 2885 professionis
1433 2816 1499 2882 pra-

331 2914 433 2999 pssito
450 2912 643 2998 aliquamdiu
666 2916 889 3000 perseverarit.
925 2914 1004 2980 Cam
1021 2924 1108 2981 eccs·
1130 2920 1204 3001 post
1220 2915 1356 2981 tercium
1378 2933 1499 2996 annum,

331 3030 507 3116 penitentia
519 3028 630 3095 doctus
643 3028 821 3095 Traiectam
839 3030 973 3113 rediens,
989 3032 1075 3116 cepit
1088 3031 1271 3097 monasterii
1287 3031 1354 3097 sui¹
1370 3050 1500 3119 pauper·

332 3150 446 3229 tatem,
469 3146 532 3211 eibi
554 3150 586 3210 ct
608 3145 740 3211 vestitus
763 3146 945 3232 penuriam,
975 3146 1111 3230 denique
1132 3149 1274 3234 corporis
1298 3148 1350 3213 sui
1374 3147 1499 3214 infirmi·

331 3266 428 3327 tatem
452 3260 590 3342 causari3
622 3260 870 3327 misericordiam
894 3268 927 3327 et
952 3260 1180 3329 humanitatem
1203 3264 1384 3349 postulare,
1414 3264 1500 3330 utin

332 3378 522 3443 consortium
539 3382 681 3443 noemam
706 3383 737 3441 et
759 3377 971 3463 praebendam
986 3396 1078 3444 suam
1095 3380 1302 3465 reciperatum
1325 3379 1500 3446 inconsulte

332 3502 384 3558 se⁸
398 3494 595 3579 propositum
610 3492 689 3559 illud
704 3492 877 3580 arripuisse
891 3513 950 3561 nec
963 3494 1125 3561 licentiam
1140 3496 1281 3581 episcopi
1298 3514 1333 3563 se
1344 3496 1500 3577 habuisse,

333 3644 373 3655 -
392 3610 475 3693 quod
498 3614 530 3675 et
551 3610 620 3696 ipse
644 3609 809 3695 episcopus
828 3610 946 3676 latetur
962 3646 1003 3657 -
1019 3618 1052 3678 et
1073 3610 1145 3677 idco
1159 3610 1285 3677 irritum
1300 3611 1419 3679 debere
1433 3630 1501 3678 eeu·

332 3726 404 3792 seri.
482 3724 532 3791 Ex
550 3745 612 3810 qua
626 3726 861 3791 misericordiae
881 3726 1094 3811 postulatione
1116 3733 1149 3792 et
1162 3725 1296 3793 rationis
1309 3726 1502 3795 obiectioneb

331 3843 470 3927 partium
493 3842 575 3907 inter
597 3860 655 3906 nos
677 3841 762 3907 lacta
788 3848 838 3908 eat
862 3840 1032 3927 dissensio,
1062 3842 1258 3927 quorundam
1286 3844 1502 3931 recipiendum

332 3976 401 4025 csse
422 3958 642 4039 iudicantium,
665 3958 873 4041 quorundam*
897 3977 971 4024 sero
994 3958 1285 4025 contradicentium.

420 4072 496 4139 Post
518 4071 734 4157 aliquantuml
748 4074 910 4158 temporis,
935 4092 1006 4139 cum
1021 4074 1120 4139 frater
1134 4074 1337 4140 vehementer
1359 4075 1500 4154 instaret,

401 4210 421 4243 a
446 4211 488 4243 om.
499 4196 528 4243 E.
683 4196 706 4241 la.
730 4196 861 4256 impetrarit
876 4197 899 4244 Β
914 4195 955 4243 uti
974 4194 1054 4244 eadem
1073 4211 1157 4243 musam
1175 4197 1356 4258 superscripsit.-
1378 4187 1391 4241 l
1410 4197 1500 4255 accepit

331 4288 351 4321 c.
375 4276 458 4322 om.E.
535 4275 558 4322 d.
583 4274 636 4323 dein
652 4276 681 4322 B.
760 4290 780 4323 c.
806 4291 859 4333 crgo
875 4276 905 4323 E.
976 4277 992 4323 l.
1017 4278 1147 4323 salomis.
1219 4291 1241 4336 g.
1265 4278 1342 4324 osaV.
1417 4278 1440 4324 h.
1463 4276 1500 4322 ot·

330 4354 452 4402 iactatione
468 4356 497 4401 E.
590 4356 606 4401 i.
629 4355 724 4402 aliorum
741 4356 770 4401 E.
863 4356 885 4402 k.
910 4354 1074 4417 aliquantulum
1090 4358 1119 4404 Ε.

403 4434 428 4486 1.
447 4430 584 4488 Coloniae.
646 4435 671 4486 2.
691 4431 891 4503 Godsbaldum,
904 4439 936 4488 ut
947 4434 1062 4489 videtur.
1120 4437 1145 4489 3.
1165 4434 1303 4504 Braneus,
1316 4430 1499 4490 aloa-nat
