3142 4850
475 331 641 380 unsnnror
664 331 792 379 oonnx.
827 329 861 380 sl
1215 313 1260 380 69

169 490 233 558 Sed
247 511 349 558 unum
365 497 422 576 est,
439 491 523 576 quod
538 509 616 577 paee
632 495 739 557 vestre
753 490 875 558 dietum
885 496 944 573 est,
960 489 1045 573 quod
1059 489 1260 558 vehementer
1284 505 1354 559 1066
1371 518 1415 558 en

80 609 251 689 minumum
268 607 390 674 seilicet
404 607 480 692 quis
494 607 552 673 nd·
567 605 780 694 apostolatum
792 611 934 672 uestrum
946 603 1122 671 devotionis
1132 611 1260 672 nostroe
1275 575 1426 630 —10671u

80 721 250 807 aliquando
274 724 395 809 seripts
415 723 562 790 misimus
585 729 618 790 et
638 722 727 788 nulls
752 720 932 788 senetitstis
954 725 1078 786 vestroe
1106 720 1260 807 reseripts

80 839 264 903 meruimus.

168 951 477 1038 Quomodoeunqne⁵
500 972 575 1036 ergo
599 951 694 1018 iliud·
710 950 888 1034 eontigerit,
911 969 996 1016 nuno
1010 949 1122 1016 humili
1137 950 1259 1037 suppti-

81 1072 153 1132 estu
175 1071 317 1134 vestrum
340 1087 508 1134 exoramus
530 1067 771 1153 paternitatem:
795 1071 842 1148 ut,
864 1065 940 1150 quis
953 1065 1044 1149 regni
1064 1066 1167 1132 nostri
1182 1066 1258 1132 estis

82 1201 199 1248 torono
222 1187 255 1248 et
277 1183 378 1248 tonius
393 1181 528 1249 Romsni
543 1183 670 1268 imperii
692 1180 849 1263 diademo,
870 1178 930 1246 filii
946 1181 1045 1248 vestri
1060 1179 1181 1247 demini
1196 1180 1259 1247 mei

81 1298 163 1380 regis
187 1296 376 1380 H(einrioi)‘
399 1317 525 1385 semper
545 1297 578 1363 in
603 1297 684 1364 bono
707 1295 890 1362 meminisse
911 1294 1101 1378 dignemini3
1123 1299 1158 1362 et
1177 1295 1261 1362 sieut

82 1413 125 1478 ei·
147 1413 303 1479 haetenus
327 1413 458 1480 oonsilio
482 1419 514 1480 st
535 1411 653 1478 auxilio
676 1430 748 1478 enm
771 1430 848 1476 vers
868 1409 931 1476 tide
950 1408 1095 1495 affuistis,
1118 1411 1166 1477 itu
1186 1429 1258 1477 eum

82 1547 117 1593 eo
139 1547 243 1613 usque
267 1529 308 1594 sd
330 1548 479 1596 eoronam
502 1527 630 1614 imperii
652 1526 828 1614 apostolius
848 1526 1027 1592 eonstuntis
1047 1526 1235 1612 persistetis.

168 1642 331 1728 Pretersu
355 1645 431 1729 quis
452 1645 520 1710 viee
542 1645 651 1728 magni
672 1641 758 1710 illins
781 1641 870 1710 Petri
892 1641 982 1708 vobis
1008 1641 1188 1728 spetialiter
1210 1642 1258 1708 in·

83 1757 189 1824 inusta
219 1765 269 1825 est
296 1757 474 1826 sollieitndo
502 1760 643 1826 omnium
677 1758 881 1826 eeclesiarum
916 1763 949 1823 et
981 1757 1022 1824 sd
1050 1757 1258 1844 apostolieum

82 1874 234 1940 verticem
263 1875 446 1941 referendae
474 1881 548 1942 sunt
577 1876 732 1942 maiorum
760 1893 875 1940 euusse
901 1869 1118 1957 negotiorum,
1144 1873 1258 1940 ideireo

82 1989 164 2055 hune
190 1989 372 2058 litterarum
401 1990 603 2077 portitorsm'
625 1991 665 2057 ud
688 1995 826 2058 vestrum
849 1989 1017 2073 dirigimus
1039 1989 1257 2072 sunctitstem3

82 2105 135 2189 qui
163 2105 244 2189 heu,
269 2105 386 2172 diaboli
408 2107 537 2173 tollente
565 2107 731 2190 instinctu,
755 2105 1023 2189 consanguineum
1045 2123 1138 2171 suum
1159 2105 1258 2172 inter·

82 2219 164 2287 feeit
202 2219 301 2286 Cuius
329 2221 376 2287 rei
398 2221 527 2305 seriem,
557 2222 632 2306 quie
658 2221 786 2306 longum
810 2226 860 2287 est
881 2219 1045 2306 epistolari
1072 2219 1184 2288 soedee
1208 2221 1258 2288 iu·

1 2424 2 2429 Ἰ
83 2355 203 2420 serere,
236 2336 317 2422 ipse,
342 2337 387 2402 si·
409 2337 597 2421 dignemini,
620 2337 694 2404 vivs
715 2355 792 2404 vote
813 2335 927 2402 melius
948 2334 1127 2421 expliesbit.
1165 2335 1258 2402 Gom·

83 2451 182 2537 piesit
205 2458 312 2520 sutem
335 2453 545 2539 penitentiale
566 2452 720 2520 ieiunium
743 2459 775 2521 et
796 2458 917 2536 uetere,
945 2472 1026 2538 quse
1047 2453 1258 2521 ecelesiastiee

83 2587 168 2635 more
198 2568 415 2655 penitentibus
444 2568 614 2637 truduntur
646 2570 688 2636 ed
723 2569 907 2637 remedium.
949 2567 1162 2636 Penitentinm
1190 2570 1258 2639 eius

1 2776 2 2779 Ἴ
84 2682 234 2749 humilem
251 2683 347 2749 nimis
364 2688 395 2750 et
410 2684 557 2752 devotum
573 2686 767 2772 seeepimus;
791 2684 876 2771 qnod
890 2684 1047 2770 reliquum
1061 2692 1120 2769 est,
1137 2692 1259 2753 vestrm

84 2798 266 2865 auctoritati
289 2800 531 2867 reservavimus.
558 2798 650 2866 Nune
664 2806 786 2867 vestm
801 2801 845 2867 sit
858 2800 1121 2884 mensuetudinis,
1135 2805 1173 2867 ut
1186 2821 1258 2867 enm

1 2933 2 2986 1
85 2912 331 2981 clementissime
355 2916 545 3003 apostolicus
568 2916 744 2983 medisinse
765 2936 863 2983 menu
886 2917 927 2983 sd
943 2916 1101 3000 integrum
1124 2918 1257 2999 eunetis3

84 3031 213 3115 etquis
235 3030 278 3096 sd
300 3031 532 3099 restitutionem
556 3050 645 3098 suum
669 3031 817 3099 devotum
839 3051 912 3099 eum
934 3032 1129 3118 accepimns,
1156 3034 1258 3102 nostri

1 3174 2 3253 3
83 3162 177 3211 sauss
200 3164 392 3230 quaesumus
416 3146 680 3214 medicamentum
702 3152 844 3215 vestrum
866 3147 985 3214 sentiet
1005 3147 1117 3217 leuius.

171 3260 231 3340 Qui
250 3282 305 3328 vos
322 3262 438 3329 olivum
452 3263 646 3331 fruetiterum
664 3263 822 3349 pluntsvit
834 3264 870 3329 in
885 3262 998 3330 demo*
1013 3264 1154 3348 Domini,
1176 3265 1257 3333 mul·

81 3376 205 3463 tiplieet
227 3378 431 3446 sanctitatem
453 3385 591 3447 vesuem
613 3379 696 3447 sieut
717 3380 827 3447 cedros
848 3378 972 3446 Liboni

154 3666 174 3697 ι.
197 3666 240 3699 σπι
253 3650 323 3700 ZBO.
403 3654 425 3700 b.
449 3652 566 3710 Quomodo
583 3652 633 3701 BG.
703 3667 723 3700 c.
747 3654 831 3701 eouB.
905 3654 928 3701 d.
953 3652 1039 3702 domtnl
1054 3652 1099 3701 mei
1115 3653 1143 3701 Η.
1160 3653 1219 3713 regis
1233 3654 1257 3703 V.

82 3744 102 3778 e.
129 3734 154 3779 st
169 3730 256 3781 Vnst!
320 3732 336 3779 i.
360 3732 497 3792 portitorum
514 3732 540 3781 l.
607 3744 628 3791 ι.
651 3733 730 3781 sudtre
745 3732 861 3783 seddim
874 3732 974 3783 videtur.
1041 3733 1065 3781 is.
1089 3734 1135 3781 dno
1150 3735 1181 3783 B.
