3142 4850
311 282 376 347 764
581 300 760 349 nunnonor
782 300 964 350 unrocus.
1001 302 1064 349 um.
1082 302 1107 349 11
1129 299 1218 351 auno

223 474 293 529 1124
310 484 401 524 neam
426 462 645 527 salutationem
667 474 732 527 tam
754 463 811 526 dia
824 463 886 546 fui
907 476 936 528 te
957 484 1022 527 aon
1044 465 1168 539 utilem
1191 465 1246 527 scd
1267 486 1363 527 cansa
1382 465 1484 547 fuere

309 577 535 641 ineanaabilea
557 578 750 663 reipublice
772 580 1071 643 administratione&
1107 579 1202 643 Nunc
1225 592 1328 643 amon
1345 600 1412 643 eece
1427 603 1483 643 as-

309 715 378 757 sum
406 715 520 779 parere
548 717 587 757 ao
612 696 729 758 satire
751 707 802 757 tao
825 698 1028 780 paternitati,
1056 708 1153 781 prout
1174 697 1231 758 oia.
1273 695 1401 759 Etenim
1422 717 1485 759 nos

309 811 376 894 ipat
397 821 426 873 et
448 811 554 873 omnia
576 823 684 873 nostra
707 812 756 874 tui
776 832 900 885 samam
923 823 1008 875 utere
1030 813 1109 875 sicot
1131 813 1187 875 oia.
1223 808 1266 875 Et
1287 808 1484 893 indicens,

308 942 479 988 conversus
501 922 541 988 ad
564 922 694 989 clericos
717 930 749 989 et
771 922 811 988 ad
835 923 912 989 alios
936 944 1076 1009 quosque
1098 924 1242 991 meliores
1258 924 1297 991 de
1311 926 1486 991 comitibus

309 1038 440 1105 nostris:
465 1040 509 1104 Et
525 1040 581 1104 boa
596 1039 700 1124 inquit
712 1054 814 1127 pater,
841 1054 909 1105 taos
926 1042 1165 1107 collaboratores
1181 1055 1236 1105 ben
1252 1041 1378 1105 licentra
1391 1041 1486 1105 aala-

309 1155 398 1233 tabo‚·
421 1154 721 1242 apprehendensque
745 1174 857 1221 manus
878 1154 1071 1239 singulorum
1089 1155 1215 1223 tenebat
1230 1160 1262 1222 et
1276 1154 1488 1221 benedicebat

309 1270 373 1337 illis
396 1276 490 1355 atque
512 1270 753 1337 deosculabatur
775 1290 847 1354 eos,
870 1270 952 1338 filios
975 1278 1007 1338 st
1028 1273 1142 1338 babes
1164 1270 1329 1358 appellans
1351 1271 1487 1337 carissi

308 1405 392 1469 mos,
428 1385 649 1471 benedixitque
677 1385 778 1452 Deum
812 1388 951 1453 omnium
981 1387 1132 1454 bonorum
1162 1386 1360 1471 largitorem,
1395 1388 1487 1471 qnod

308 1501 448 1587 hospites
471 1507 536 1567 tam
559 1502 757 1584 gratissimos
780 1522 838 1568 sua
856 1501 948 1568 domo
964 1503 1123 1590 suscipere
1139 1504 1314 1569 meruisset.
1397 1502 1488 1581 Quia

309 1639 382 1684 vero
416 1617 563 1703 deinceps
598 1618 724 1701 navigio
758 1617 797 1684 de
827 1618 954 1685 civitate
985 1619 1024 1684 ad
1054 1619 1213 1685 civitatem
1241 1618 1379 1685 eundum
1407 1619 1487 1702 fuit,

308 1753 416 1799 omnes
449 1752 545 1817 equos
574 1739 606 1799 et
633 1734 775 1799 iumenta
803 1738 912 1800 nostra
939 1734 1060 1801 villicos
1090 1755 1162 1801 suos
1193 1735 1233 1800 ad
1262 1734 1382 1821 optima
1408 1733 1489 1801 loca

308 1855 391 1917 terre
414 1854 524 1935 pastus
547 1848 650 1931 gratia
667 1847 827 1940 *deducere
850 1850 957 1932 iussit;
981 1870 1040 1917 nee
1062 1856 1135 1917 ante
1150 1850 1239 1916 nobis
1254 1848 1487 1935 reddebantur,

308 1986 413 2051 quam,
437 1970 469 2031 et
491 1964 554 2030 iam
577 1965 822 2030 consummatis·
845 1966 1001 2051 omnibns,
1025 1966 1064 2032 de
1086 1972 1173 2032 terra
1193 1965 1310 2031 fuimus
1331 1966 1393 2030 iam
1413 1966 1488 2032 exi-

309 2081 381 2147 turi.
416 2079 499 2157 Quos
523 2085 608 2146 certe
630 2080 676 2145 ita
698 2083 875 2166 recepimus
894 2082 1054 2165 alteratos,
1078 2087 1113 2147 ut
1128 2101 1185 2167 pre
1200 2080 1410 2147 crassitudine
1429 2083 1487 2149 vix

308 2197 420 2280 cuique
442 2215 517 2261 suus
541 2202 731 2262 nosceretur.
825 2198 941 2279 Milites
956 2218 1041 2282 argo,
1065 2198 1118 2283 qui
1135 2216 1205 2262 oum
1222 2196 1300 2262 duce
1316 2204 1485 2282 uenerant,

308 2311 497 2378 cathezizati
519 2309 627 2376 statim
651 2318 684 2378 et
705 2313 861 2399 baptizati
883 2318 965 2379 sunt.
1001 2312 1154 2399 Multique
1176 2332 1214 2379 ex
1238 2313 1294 2395 eis,
1319 2314 1373 2397 qni
1389 2315 1486 2399 prius

308 2426 473 2494 christiani
495 2426 621 2494 fueraut
643 2429 698 2494 ssd
721 2449 760 2495 ex
783 2431 942 2496 consortio
966 2429 1197 2496 incredulorum
1218 2434 1320 2495 metus
1335 2429 1487 2497 christia-

308 2542 417 2610 nitatis
448 2551 648 2609 excesserant
672 2581 711 2589 —
737 2565 776 2610 ox
808 2565 939 2629 quorum
967 2565 1096 2610 numero
1120 2544 1229 2610 (locem
1254 2545 1360 2631 ipsum
1383 2547 1485 2614 fuisse

309 2663 433 2726 constat
455 2693 497 2706 -—
521 2677 579 2746 per
607 2659 833 2728 confessionem
865 2667 897 2727 et
926 2661 1130 2748 penitentiam
1160 2659 1291 2727 ecclesie
1316 2661 1484 2729 reformati

308 2780 397 2858 sunt3
428 2777 664 2862 promittentes:
695 2795 729 2842 se
752 2776 900 2863 deinceps
925 2777 1045 2860 omnia,
1073 2795 1134 2861 que
1155 2775 1327 2842 christiano
1351 2776 1483 2842 inimica

309 2895 384 2958 sunt
405 2892 536 2975 nomini,
560 2911 719 2976 respuere,
732 2897 763 2958 et
786 2913 834 2975 aa,
859 2913 919 2977 que
942 2898 1016 2958 sunt
1039 2897 1122 2978 apta,
1146 2891 1270 2958 soctan.

398 3009 451 3072 22.
487 3005 560 3072 Dux
584 3007 695 3073 etiam:
721 3008 796 3075 Scio
820 3007 923 3092 inquit
946 3011 1114 3074 strenuae
1136 3010 1298 3074 saoadati
1317 3031 1383 3074 ease
1406 3029 1480 3074 con·

309 3126 454 3203 trariaoa,
478 3123 585 3208 plores
609 3147 720 3189 aaa-res
743 3123 792 3188 oel
814 3125 1003 3191 concubinas
1025 3125 1145 3190 tatae.
1187 3121 1362 3208 Simulque,
1386 3124 1480 3190 melin

308 3244 488 3304 sanctorum
511 3237 665 3323 reliquiis,
688 3238 770 3304 sieut
793 3237 973 3306 christianis
996 3239 1100 3306 iurare
1123 3257 1191 3304 mos
1206 3243 1264 3321 est,
1288 3257 1396 3305 coram
1414 3242 1480 3326 epi·

308 3374 412 3440 scopo,
440 3351 556 3439 populo
581 3354 767 3440 aspiciente,
793 3353 904 3438 viginti
927 3360 1060 3438 quatuor
1083 3353 1288 3438 concubinas,
1312 3373 1393 3439 quas
1416 3357 1479 3421 ritu

308 3467 419 3553 gentili
437 3488 493 3535 sne
507 3467 662 3552 legittime
676 3471 767 3536 oxori
784 3453 1023 3556 superduxerat,
1046 3468 1171 3555 publice
1187 3468 1354 3536 abiuravit
1389 3469 1478 3549 Quod

308 3585 465 3668 videntes,
493 3583 547 3649 alii
570 3584 746 3672 complures
770 3585 909 3652 eiusdem
934 3586 1129 3652 enormitatis
1152 3589 1402 3672 presumptores,
1425 3587 1477 3652 ab

307 3701 411 3767 iurata
438 3703 471 3767 et
498 3700 560 3786 ipsi
587 3702 754 3784 coniugum
783 3702 980 3788 pluralitate,
1010 3701 1065 3767 uni
1095 3701 1184 3767 tboro
1215 3700 1363 3787 exemplo
1390 3701 1477 3769 ducis

306 3815 401 3882 iidem
424 3835 458 3882 se
480 3822 660 3883 servaturos
676 3817 809 3902 polliciti
825 3823 908 3883 sunt.
1001 3815 1108 3883 Crevit
1123 3837 1196 3900 ergo
1212 3816 1345 3883 ecclesie
1359 3818 1394 3883 iu
1410 3817 1476 3884 loeo

306 3931 361 4000 illo
385 3939 418 4000 et
439 3932 615 3999 confortata
637 3937 695 4016 est,
719 3931 884 3999 ambulans
906 3932 940 3998 in
959 3933 1072 3999 timore
1087 3931 1158 4016 Dei,
1181 3937 1214 3998 et
1229 3931 1351 4018 Spiritu
1368 3937 1475 3999 sancto

306 4048 502 4137 replebatur,
532 4048 678 4134 episcopo
707 4051 740 4113 et
766 4048 888 4115 clericis
917 4047 1107 4114 instantibus
1131 4051 1163 4114 et
1184 4047 1475 4132 euangelizantibus

306 4185 437 4248 regnum
460 4163 530 4230 Dei.
571 4162 742 4230 Exstrueta
769 4185 893 4250 quoque
919 4163 985 4230 illie
1007 4163 1137 4230 basilica
1158 4168 1190 4229 et
1212 4162 1409 4231 sanctificato
1430 4162 1476 4230 al·

306 4281 369 4346 tari
391 4285 423 4346 et
445 4277 625 4345 sanctuario
648 4278 833 4364 collatisque
856 4279 931 4346 illue
954 4298 1010 4365 per
1033 4278 1143 4347 ducem
1168 4277 1286 4364 prediis
1301 4298 1338 4345 uc
1353 4279 1426 4346 dote
1439 4279 1475 4344 in

378 4433 399 4466 e.
422 4420 560 4467 consumans
576 4419 653 4467 note
