3142 4850
344 328 523 377 sannorum
544 326 726 377 annosus.
761 328 828 376 am.
843 328 884 375 111
904 324 948 377 aa.
960 324 997 376 aa
1189 309 1254 376 826

83 524 126 533 -
151 486 192 555 ad
214 508 313 555 annos
336 487 534 557 diaeretiouis
557 487 790 575 perduxissent,
813 485 952 554 defuncti
974 491 1064 568 sunt3
1087 492 1120 554 et
1142 508 1204 573 qus
1219 489 1252 554 in

83 604 335 689 possessionibus
358 610 390 671 et
412 604 546 691 paeonia
567 604 773 689 reliquerant,
797 603 877 670 alter
898 601 981 669 filius
1004 623 1115 669 eoram
1134 602 1254 670 Fridri·

83 738 150 803 aas,
174 718 264 787 miles
288 720 423 803 iuturus,
447 720 596 806 possedit
688 719 803 787 Ottoaa
826 720 923 802 igitar
939 719 1043 801 gratia
1057 719 1155 785 stadii
1170 720 1255 805 apud

83 839 194 901 extera
219 834 290 901 looa
312 836 510 920 demorante,
537 836 636 902 frater
659 834 725 902 eius
749 856 827 921 puer
849 834 978 900 domum
1001 854 1059 921 pro
1081 855 1139 901 auo
1162 855 1255 921 posse

82 950 294 1035 gubernabat;
319 952 455 1019 tenuiter
478 950 630 1017 minuans
652 951 783 1017 fratrem
807 951 841 1016 in
864 950 969 1017 studio
991 952 1140 1037 positam.
1179 951 1254 1017 Otto

83 1071 205 1150 autem,
234 1068 390 1153 percursis
419 1066 576 1152 aliquibus
604 1067 706 1153 poetis
730 1072 762 1133 et
787 1065 1001 1153 pbilosophis,
1028 1071 1062 1133 et
1082 1067 1255 1149 gramatius

82 1186 319 1269 metrorumque
341 1182 460 1265 regulis
483 1184 586 1249 tenaci
609 1183 776 1249 memorie·
799 1181 1037 1265 commendatis,
1059 1202 1131 1248 oum
1153 1182 1195 1249 arl
1209 1182 1254 1249 al-

82 1297 168 1363 tiora
189 1297 296 1363 stadia
317 1301 461 1384 sumptus
484 1318 548 1364 aon
571 1298 710 1381 haberet,
736 1299 828 1365 fratri
851 1318 907 1364 suo
930 1299 998 1365 siae
1020 1297 1091 1364 aliis
1113 1298 1255 1382 cognatm

82 1413 284 1499 importunas
307 1433 376 1481 esse
399 1412 501 1479 noluit
516 1412 566 1481 vel
581 1414 724 1495 odiosus;
747 1414 811 1481 iam
827 1419 896 1480 tam
909 1414 944 1479 in
958 1414 1031 1501 ipsa
1044 1412 1256 1481 adolesoentia

82 1529 303 1597 voreoandiam
332 1536 458 1597 seoatas
478 1534 513 1597 et
534 1529 614 1596 bone
638 1529 796 1615 opinionis
819 1529 1093 1616 pulchritudinem.

173 1644 283 1730 Itaque
304 1646 339 1711 ia
353 1644 518 1713 Poloniam
541 1664 671 1732 peregre
687 1646 815 1730 vadens,
839 1645 894 1713 abi
908 1646 1029 1713 solebat
1042 1647 1256 1714 litteratorum

83 1780 155 1830 asse
177 1762 353 1848 penuriam,
376 1760 493 1829 saolam
518 1782 686 1847 puerorum
703 1762 839 1847 aeoepit3
864 1767 897 1828 at
910 1761 989 1828 alios
1004 1762 1144 1830 dotando
1159 1782 1255 1848 seque

82 1878 190 1963 ipsam
212 1877 397 1945 instruendo
420 1877 508 1944 brevi
525 1882 668 1963 tempore
683 1876 803 1943 ditatus
818 1883 913 1962 atque
927 1878 1039 1944 honori
1053 1878 1180 1946 habitas
1195 1885 1253 1947 est.

82 1992 239 2076 Linguam
258 2012 382 2079 qaoque
401 1999 484 2061 terre
500 1992 585 2059 illius
601 1993 818 2079 apprehendit
852 1993 896 2059 Et
909 1994 952 2059 ad
966 1994 1081 2061 altiora
1102 1995 1255 2082 paulatim

82 2108 300 2195 progrediens,
319 2108 512 2195 parsimonie
526 2108 717 2193 frugalitatis
734 2115 766 2177 at
780 2109 966 2177 omtimonie
979 2110 1156 2197 disoipliois
1170 2111 1255 2180 litte-

82 2228 227 2292 ratarum
254 2244 343 2291 suam
368 2224 551 2291 adornabat.
590 2224 638 2291 Ob
662 2245 700 2291 ea
721 2224 818 2309 igitur
841 2226 946 2293 stadia
968 2226 1113 2294 omnibus
1135 2234 1255 2312 motas,

82 2360 271 2425 magnorum
294 2341 434 2407 virorum
458 2346 552 2426 atque
576 2345 750 2428 potentum,
773 2342 969 2428 suffragante
992 2344 1054 2410 sibi
1075 2344 1170 2411 etiam
1187 2362 1256 2410 eor·

81 2457 171 2544 poris
187 2456 354 2541 elegantia,
377 2458 581 2525 oontabemio
597 2477 635 2524 aa
648 2457 859 2525 familiaritati
874 2479 942 2526 sese
958 2458 1122 2546 applicuit
1155 2459 1256 2544 Lega-

81 2573 224 2642 tionibus
254 2575 349 2640 etiam
381 2579 414 2640 et
441 2575 602 2660 responsis
630 2573 713 2642 inter
742 2593 873 2656 magnas
900 2595 1052 2660 personas
1078 2574 1255 2642 deferendis

82 2689 228 2776 adprime
252 2695 345 2775 aptas
368 2695 445 2756 erat
1221 2755 1224 2763 ,

176 2806 228 2870 33.
264 2803 409 2891 Denique
438 2805 601 2872 oaoasione
628 2803 821 2887 legationum
851 2804 923 2871 ‹iuoi
944 2802 1090 2872 Polonis²
1117 2807 1257 2873 innotuit

82 2939 298 3006 magnamque
325 2921 359 2986 in
387 2919 485 2986 oeulis
512 2921 580 2987 eius
603 2925 636 2986 et
656 2919 757 2988 tooias
780 2922 866 2988 onris
887 2921 1023 3004 gratiam
1046 2922 1183 3006 invenit,
1209 2922 1256 2989 ita

81 3044 120 3105 ut
143 3035 215 3104 daei
240 3035 392 3122 placeret,
417 3035 490 3102 talis
514 3036 619 3102 oleriai
642 3035 792 3121 obsequio
814 3037 944 3104 domum
965 3057 1054 3104 suam
1078 3038 1254 3105 honestare.

81 3153 133 3222 Ita
157 3171 231 3235 ergo
255 3171 289 3218 se
312 3151 413 3218 malta
435 3151 649 3238 oportunitate
674 3171 710 3218 aa
733 3152 889 3219 modestia
909 3152 981 3220 ‹luoi
1004 3153 1127 3239 aptarit
1146 3158 1179 3220 et
1198 3154 1257 3220 toti

80 3269 172 3336 ouria
193 3273 319 3352 gratum
341 3267 426 3334 feeit.
478 3331 479 3334 ,
517 3265 658 3352 Cumque
682 3267 803 3352 aliquot
817 3287 916 3334 annos
932 3269 1030 3356 probe
1044 3288 1082 3336 aa
1096 3269 1257 3356 sapienter

79 3384 129 3452 ibi
153 3384 338 3467 mansisset,
363 3378 459 3450 uxor²
482 3382 570 3449 duois
592 3383 740 3450 defanata
762 3389 820 3450 est.
858 3383 1004 3470 Explotia
1026 3385 1124 3468 igitur
1146 3384 1256 3452 (liebus
1284 3403 1354 3457 1085

79 3499 320 3567 lamentationis
343 3503 376 3565 st
396 3498 511 3582 laetus,
533 3516 604 3564 eum
629 3517 662 3566 ss
684 3498 778 3567 letias
800 3501 866 3566 dux
882 3501 999 3568 babere
1012 3502 1158 3587 cepisset,
1181 3501 1256 3568 Otto
1272 3473 1368 3524 Μ

79 3635 158 3684 oum
181 3614 353 3682 maioribus
376 3619 475 3697 terre,
505 3613 559 3698 qai
581 3613 760 3698 frequentes
783 3621 889 3700 erant,
911 3621 1049 3684 traatare
1071 3622 1104 3684 et
1125 3618 1256 3684 investi-

79 3751 160 3817 gare
189 3732 274 3818 oepit
302 3731 341 3797 ds
365 3731 469 3796 animo
492 3729 596 3814 duan,
627 3730 654 3796 si
678 3749 738 3815 qao
762 3731 856 3798 morlo
878 3731 962 3798 altra
983 3733 1025 3798 ad
1046 3732 1126 3800 alios
1148 3734 1255 3799 thoros

78 3846 194 3916 venire
209 3847 376 3929 eogitaret3
400 3845 583 3930 adiungens,
601 3846 684 3930 qaod
699 3847 733 3912 in
748 3846 891 3933 partibas
906 3848 1086 3914 Teutoniois
1100 3848 1256 3915 honestis·

79 3965 200 4032 simam
224 3967 333 4049 posset
353 3963 496 4029 invenire
519 3961 765 4048 matrimonium,
787 3983 847 4050 per
870 3963 952 4048 quod
974 3983 1091 4047 magna
1107 3939 1255 4030 nobilitas

79 4081 183 4146 immo
212 4079 313 4145 tooius
337 4077 500 4145 Teutonici
527 4078 617 4162 regni
640 4080 783 4166 potentia
805 4079 937 4145 summis
960 4079 1108 4146 amicitiis
1130 4080 1159 4146 ei
1181 4099 1255 4146 eon·

157 4270 179 4303 a.
202 4255 312 4303 memoria
327 4255 353 4302 N
375 4254 528 4302 memoriali.

160 4289 358 4494 lleadgglbao
367 4349 534 4406 Hermanno.
623 4351 649 4405 2.
668 4349 767 4421 ludite,
784 4347 842 4406 filia
853 4351 992 4408 Wratislai
1009 4351 1087 4408 duola
1098 4350 1256 4423 Bobamiae,

83 4439 115 4498 d.
129 4439 165 4494 25
207 4439 276 4494 eol
333 4477 340 4492 .
