3142 4850
487 343 651 392 colurum
675 343 802 392 uoonx.
840 340 892 394 rrs
1212 331 1278 396 309

108 499 145 566 de
166 504 275 568 nostra
298 501 497 570 restitutione
519 501 684 584 fiduciam3
709 503 798 570 robis
814 505 994 590 porrigente
1008 525 1139 572 manum
1156 484 1277 592 auxilii,
1295 524 1366 578 1116

107 614 272 682 derorum
296 623 476 682 nostrarum
499 619 699 704 reparatione
721 639 809 704 spem
834 625 978 686 tenemus
999 620 1226 688 firmissimam.

191 731 348 814 Audistis,
373 739 465 819 pater
487 738 520 799 et
537 733 678 800 domine:
704 755 798 819 quam
821 736 950 818 iniuste,
973 756 1067 820 quam
1090 736 1276 822 periculose,

106 867 198 932 quam
224 848 504 915 inmisericorditer
533 850 868 918 excommunicationis
895 853 1053 918 sententia
1074 853 1183 917 statim
1204 857 1279 938 post

105 962 277 1028 discessum
300 960 457 1030 vestrum¹
482 965 517 1029 in
539 985 597 1031 nos
624 970 744 1032 retorta
771 966 876 1033 fuerit
910 967 1069 1033 Audistis:
1099 987 1154 1033 ore
1182 989 1275 1052 quam

104 1079 263 1162 unanimi,
291 1098 354 1163 qua
375 1081 490 1146 mentis
514 1082 709 1163 constancia,
739 1083 944 1166 responsione
973 1101 1066 1166 quam
1096 1083 1277 1149 rationabili

103 1198 187 1260 totus
211 1194 241 1260 ei
263 1200 436 1262 conventus
458 1195 625 1262 obstiterit.
661 1196 821 1262 Audistis:
849 1216 910 1280 que
932 1202 965 1263 et
987 1203 1105 1281 quanta
1127 1204 1159 1264 et
1182 1217 1277 1282 quam

103 1309 267 1395 inopinata
289 1330 347 1376 nos
371 1331 411 1376 er
433 1311 488 1376 illo
503 1315 646 1397 temporo
661 1311 902 1378 circumvallent
918 1311 1135 1379 calamitatum
1150 1333 1276 1397 genera,

103 1445 195 1511 quam
220 1424 418 1491 intoleranda
438 1426 515 1491 loris
539 1432 572 1493 et
586 1427 670 1492 intus
686 1447 743 1492 nos
760 1427 948 1493 conturbent
969 1427 1069 1513 ipsius
1085 1429 1169 1494 vitae
1192 1428 1277 1514 peri·

102 1540 181 1606 cula
220 1540 316 1606 Novis
340 1543 426 1607 omni
450 1540 501 1608 die
523 1542 680 1608 minarum
705 1549 737 1608 et
758 1542 1033 1628 perturbationum
1055 1541 1202 1608 ductibus
1221 1543 1276 1609 ob·

101 1656 239 1736 ruimur3
270 1655 406 1722 insolitis
435 1658 669 1723 accusationum
694 1665 726 1724 et
752 1657 967 1725 infamationis
990 1658 1106 1724 iniuste
1129 1659 1276 1744 procellis

100 1771 316 1838 obtendimur.
340 1771 544 1857 Diripiuntnr
559 1793 609 1838 res
622 1773 774 1858 privatae,
791 1794 841 1840 res
854 1793 1035 1840 communes
1047 1773 1274 1840 distrahuntur.

101 1887 256 1954 Omnibus
280 1889 400 1973 praeda
420 1887 497 1954 faeti
520 1907 628 1955 sumus
653 1896 685 1954 et
699 1889 904 1956 subsannatio
927 1891 1049 1956 cunctis
1065 1889 1150 1954 dam
1172 1893 1276 1954 trans·

100 2003 258 2070 euntibus.
349 2003 460 2070 Preter
482 2003 560 2070 haee
583 2008 689 2070 autem
714 2005 753 2072 ad
780 2005 934 2071 maiorem
958 2004 1076 2070 doloris
1098 2005 1199 2070 nostri
1222 2025 1276 2070 cu·

99 2119 234 2202 mulum,
257 2123 294 2184 ut
316 2119 402 2185 omni
423 2139 592 2202 gravemur
615 2119 798 2203 infortunio,
821 2120 854 2184 in
878 2119 949 2205 ipsa
972 2139 1078 2186 rerum
1095 2125 1274 2185 nostrarum

8 2325 9 2332 ἵ
99 2233 339 2320 perturbatione
361 2234 466 2300 media
489 2235 661 2320 praepositi
677 2236 776 2300 nostri
794 2234 833 2301 de
848 2234 908 2302 bac
922 2235 989 2301 rita
1008 2236 1275 2318 uansmigrantis,

100 2352 152 2435 qui
168 2349 261 2417 vobis
276 2349 479 2416 fidelissimus
494 2350 565 2435 fuit,
589 2349 679 2416 nobis
700 2349 984 2435 commodissimus,
1008 2349 1151 2417 destituti
1167 2370 1275 2416 sumus

99 2466 224 2533 solatio.

188 2582 249 2649 His
273 2586 305 2647 et
326 2581 438 2647 octeno
461 2580 578 2649 talibus
601 2582 744 2667 obpressi
770 2581 1026 2665 necessitatibus,
1056 2583 1121 2648 iam
1143 2602 1274 2667 prorsus

100 2697 217 2784 dilapsi
241 2697 467 2765 fuissemus-
484 2696 623 2783 dilapsa,
654 2698 801 2783 inquam,
831 2704 863 2762 et
889 2698 1045 2783 dissipata
1072 2698 1186 2763 luisset
1207 2698 1273 2781 illa,

100 2814 248 2899 inquam,
274 2818 379 2880 vestra
400 2819 433 2879 et
455 2818 581 2898 patrum
606 2818 783 2879 vestrorum
811 2812 968 2896 quondam
998 2812 1179 2879 ueneranda
1200 2832 1274 2878 con·

99 2930 242 3012 gregatis
260 2964 301 2975 -
320 2928 374 2995 sed
390 2928 492 2995 adhuc
507 2929 562 2993 rix
577 2948 702 3012 quoquo
718 2929 812 2994 rnodo
827 2928 1022 3011 suberanus,
1042 2928 1134 2993 unico
1151 2933 1274 2995 vestrae

99 3042 325 3112 consolationis
349 3044 481 3110 relevari
497 3048 662 3131 sperantes
679 3043 807 3109 auxilio.
838 3042 945 3126 Vobis,
969 3048 1061 3129 pater
1083 3050 1115 3109 et
1137 3043 1273 3127 domine,

99 3160 246 3227 miserias
268 3165 392 3225 nostras
415 3158 556 3225 confiteri
579 3180 642 3225 non
666 3159 894 3240 erubescimus3
925 3158 1023 3242 robis,
1047 3180 1067 3224 a
1089 3178 1151 3243 qno
1172 3179 1273 3225 reme-

100 3276 184 3343 dium
210 3281 425 3362 expectamus,
449 3275 665 3341 calamitatum
688 3280 868 3341 nostrarum
887 3274 1020 3341 vulnera
1042 3274 1187 3357 detegere
1209 3294 1273 3341 non

100 3392 332 3459 confundimur.
372 3390 593 3457 Recordamini
622 3410 695 3473 ergo
722 3390 756 3455 in
783 3390 875 3456 nobis
903 3390 1005 3475 patris
1028 3391 1125 3457 vestri
1133 3387 1155 3473 ²,
1185 3392 1273 3457 cuius

100 3506 252 3594 speciales
275 3505 333 3573 lilii
354 3506 488 3589 fuimus3
512 3506 722 3573 recordamini
744 3511 909 3591 parentum
927 3511 1114 3589 vestrorum,
1138 3506 1193 3589 qui
1215 3526 1272 3572 nos

100 3625 188 3708 quasi
218 3622 409 3691 hereditario
438 3623 506 3689 iure
534 3622 624 3688 robis
656 3621 896 3703 commiserunt,
927 3640 1058 3706 quorum
1089 3619 1273 3705 corporibus

100 3740 183 3825 apud
206 3760 265 3805 nos
289 3737 421 3825 sepultis
445 3758 569 3805 omnem
592 3738 743 3805 honorem
768 3742 801 3803 et
822 3736 1032 3803 reverentiam
1049 3736 1271 3821 impendimus.

100 3854 319 3923 Recordamini
343 3854 441 3921 uestri
464 3853 606 3937 honoris,
635 3857 758 3919 restrae
785 3852 1020 3937 promissionis,
1051 3851 1162 3918 solitae
1185 3852 1273 3917 beni-

100 3970 267 4053 uolentiae,
291 3990 386 4055 quam
407 3990 567 4055 nunquam
593 3968 696 4035 claudi
718 3968 809 4034 nobis
832 3968 998 4034 sensimus.

188 4086 256 4153 llec
278 4086 376 4170 igitur
398 4104 468 4151 cum
488 4085 601 4152 vestris
624 4083 861 4151 discretioribus
884 4088 1034 4167 mactans,
1058 4083 1173 4147 domno
1197 4101 1272 4166 apo·

102 4198 229 4269 stolieo'
252 4206 395 4267 nostram
417 4202 637 4267 necessitatem
661 4206 694 4267 et
707 4200 919 4266 innocentiam
937 4198 1079 4264 seriatim
1094 4199 1273 4283 exprimere

94 4402 102 4411 .
171 4360 196 4412 1.
216 4358 244 4413 in
262 4359 382 4428 ltaliam,
406 4358 517 4414 ineunte
534 4372 606 4411 auno
626 4357 704 4411 1116.
847 4358 874 4412 2.
896 4355 1017 4411 Helorioi
1034 4356 1073 4412 IV
1090 4353 1271 4425 imperatoris.

103 4444 127 4499 3.
143 4445 270 4501 Pasobnli
288 4447 322 4501 ll.
