<?xml version="1.0" encoding="UTF-8"?>
<!DOCTYPE html PUBLIC "-//W3C//DTD XHTML 1.0 Transitional//EN"
    "http://www.w3.org/TR/xhtml1/DTD/xhtml1-transitional.dtd">
<html xmlns="http://www.w3.org/1999/xhtml" xml:lang="en" lang="en">
 <head>
  <title>
</title>
<meta http-equiv="Content-Type" content="text/html;charset=utf-8" />
  <meta name='ocr-system' content='tesseract 3.04.00' />
  <meta name='ocr-capabilities' content='ocr_page ocr_carea ocr_par ocr_line ocrx_word'/>
</head>
<body>
  <div class='ocr_page' id='page_1' title='image "./bibliothecareru06jaffgoog_0840.png"; bbox 0 0 3142 4850; ppageno 0'>
   <div class='ocr_carea' id='block_1_1' title="bbox 234 283 1273 387">
    <p class='ocr_par' dir='ltr' id='par_1_1' title="bbox 234 283 1273 387">
     <span class='ocr_line' id='line_1_1' title="bbox 234 283 1273 387; baseline 0 -38"><span class='ocrx_word' id='word_1_1' title='bbox 234 308 240 319; x_wconf 94' lang='lat'><strong>·</strong></span> <span class='ocrx_word' id='word_1_2' title='bbox 366 300 545 349; x_wconf 70' lang='lat' dir='ltr'><strong>mancam</strong></span> <span class='ocrx_word' id='word_1_3' title='bbox 568 299 748 387; x_wconf 67' lang='lat' dir='ltr'><strong>nmuocus.</strong></span> <span class='ocrx_word' id='word_1_4' title='bbox 783 300 850 349; x_wconf 84' lang='lat' dir='ltr'><strong>nm.</strong></span> <span class='ocrx_word' id='word_1_5' title='bbox 865 301 905 349; x_wconf 88' lang='lat'><strong>111</strong></span> <span class='ocrx_word' id='word_1_6' title='bbox 926 297 1018 351; x_wconf 72' lang='lat' dir='ltr'><strong>aare</strong></span> <span class='ocrx_word' id='word_1_7' title='bbox 1209 283 1273 351; x_wconf 76' lang='lat'><strong>82⁷</strong></span> 
     </span>
    </p>
   </div>
   <div class='ocr_carea' id='block_1_2' title="bbox 33 449 1442 4251">
    <p class='ocr_par' dir='ltr' id='par_1_2' title="bbox 102 449 1442 662">
     <span class='ocr_line' id='line_1_2' title="bbox 103 449 1442 547; baseline -0.003 -22"><span class='ocrx_word' id='word_1_8' title='bbox 103 460 222 543; x_wconf 62' lang='lat' dir='ltr'><strong>mattae</strong></span> <span class='ocrx_word' id='word_1_9' title='bbox 246 478 342 543; x_wconf 53' lang='lat' dir='ltr'><strong>mene</strong></span> <span class='ocrx_word' id='word_1_10' title='bbox 365 458 449 545; x_wconf 88' lang='lat' dir='ltr'><strong>Deo,</strong></span> <span class='ocrx_word' id='word_1_11' title='bbox 477 464 552 527; x_wconf 87' lang='lat' dir='ltr'><strong>vota</strong></span> <span class='ocrx_word' id='word_1_12' title='bbox 574 480 631 529; x_wconf 89' lang='lat' dir='ltr'><strong>eua</strong></span> <span class='ocrx_word' id='word_1_13' title='bbox 653 460 693 527; x_wconf 90' lang='lat' dir='ltr'><strong>de</strong></span> <span class='ocrx_word' id='word_1_14' title='bbox 715 479 823 527; x_wconf 82' lang='lat' dir='ltr'><strong>sorore</strong></span> <span class='ocrx_word' id='word_1_15' title='bbox 845 465 1000 547; x_wconf 89' lang='lat' dir='ltr'><strong>oportune</strong></span> <span class='ocrx_word' id='word_1_16' title='bbox 1021 449 1201 547; x_wconf 86' lang='lat' dir='ltr'><strong>promotum</strong></span> <span class='ocrx_word' id='word_1_17' title='bbox 1223 462 1273 529; x_wconf 90' lang='lat' dir='ltr'><strong>iri</strong></span> <span class='ocrx_word' id='word_1_18' title='bbox 1293 471 1357 539; x_wconf 84' lang='lat' dir='ltr'><strong>poet</strong></span> <span class='ocrx_word' id='word_1_19' title='bbox 1374 467 1442 523; x_wconf 75' lang='lat'>1087</span> 
     </span>
     <span class='ocr_line' id='line_1_3' title="bbox 102 574 1275 662; baseline 0.002 -19"><span class='ocrx_word' id='word_1_20' title='bbox 102 574 205 659; x_wconf 85' lang='lat' dir='ltr'><strong>Ergo,</strong></span> <span class='ocrx_word' id='word_1_21' title='bbox 235 594 277 643; x_wconf 89' lang='lat' dir='ltr'><strong>ue</strong></span> <span class='ocrx_word' id='word_1_22' title='bbox 303 576 385 643; x_wconf 90' lang='lat' dir='ltr'><strong>forte</strong></span> <span class='ocrx_word' id='word_1_23' title='bbox 413 576 520 645; x_wconf 83' lang='lat' dir='ltr'><strong>vilitas</strong></span> <span class='ocrx_word' id='word_1_24' title='bbox 548 576 678 660; x_wconf 89' lang='lat' dir='ltr'><strong>negocio</strong></span> <span class='ocrx_word' id='word_1_25' title='bbox 708 596 748 643; x_wconf 91' lang='lat' dir='ltr'><strong>ex</strong></span> <span class='ocrx_word' id='word_1_26' title='bbox 775 576 928 645; x_wconf 72' lang='lat' dir='ltr'><strong>facilitate</strong></span> <span class='ocrx_word' id='word_1_27' title='bbox 955 576 1141 662; x_wconf 74' lang='lat' dir='ltr'><strong>inferretur,</strong></span> <span class='ocrx_word' id='word_1_28' title='bbox 1169 597 1275 645; x_wconf 80' lang='lat' dir='ltr'><strong>morea</strong></span> 
     </span>
    </p>

    <p class='ocr_par' dir='ltr' id='par_1_3' title="bbox 33 690 1277 2167">
     <span class='ocr_line' id='line_1_4' title="bbox 33 690 1275 779; baseline 0.002 -22"><span class='ocrx_word' id='word_1_29' title='bbox 33 692 36 699; x_wconf 86' lang='lat'>&#39;</span> <span class='ocrx_word' id='word_1_30' title='bbox 103 690 212 775; x_wconf 82' lang='lat' dir='ltr'><strong>trabit,</strong></span> <span class='ocrx_word' id='word_1_31' title='bbox 234 690 402 757; x_wconf 84' lang='lat' dir='ltr'><strong>consilium</strong></span> <span class='ocrx_word' id='word_1_32' title='bbox 418 692 505 778; x_wconf 86' lang='lat' dir='ltr'><strong>capit</strong></span> <span class='ocrx_word' id='word_1_33' title='bbox 519 711 591 759; x_wconf 88' lang='lat' dir='ltr'><strong>cum</strong></span> <span class='ocrx_word' id='word_1_34' title='bbox 606 691 763 778; x_wconf 81' lang='lat' dir='ltr'><strong>episcopie</strong></span> <span class='ocrx_word' id='word_1_35' title='bbox 779 692 1024 779; x_wconf 78' lang='lat' dir='ltr'><strong>archiepiscopis</strong></span> <span class='ocrx_word' id='word_1_36' title='bbox 1040 692 1173 779; x_wconf 83' lang='lat' dir='ltr'><strong>aliisque</strong></span> <span class='ocrx_word' id='word_1_37' title='bbox 1187 694 1275 779; x_wconf 89' lang='lat' dir='ltr'><strong>priu-</strong></span> 
     </span>
     <span class='ocr_line' id='line_1_5' title="bbox 104 806 1274 892; baseline 0.002 -19"><span class='ocrx_word' id='word_1_38' title='bbox 104 806 227 892; x_wconf 81' lang='lat' dir='ltr'><strong>cipibus</strong></span> <span class='ocrx_word' id='word_1_39' title='bbox 256 826 312 875; x_wconf 86' lang='lat' dir='ltr'><strong>aeu</strong></span> <span class='ocrx_word' id='word_1_40' title='bbox 340 808 464 891; x_wconf 81' lang='lat' dir='ltr'><strong>magnis</strong></span> <span class='ocrx_word' id='word_1_41' title='bbox 494 807 586 891; x_wconf 84' lang='lat' dir='ltr'><strong>uiris,</strong></span> <span class='ocrx_word' id='word_1_42' title='bbox 616 806 782 890; x_wconf 83' lang='lat' dir='ltr'><strong>magnilica</strong></span> <span class='ocrx_word' id='word_1_43' title='bbox 810 812 927 874; x_wconf 74' lang='lat' dir='ltr'><strong>tractm</strong></span> <span class='ocrx_word' id='word_1_44' title='bbox 953 826 1022 873; x_wconf 90' lang='lat' dir='ltr'><strong>rem</strong></span> <span class='ocrx_word' id='word_1_45' title='bbox 1049 814 1084 875; x_wconf 90' lang='lat' dir='ltr'><strong>et</strong></span> <span class='ocrx_word' id='word_1_46' title='bbox 1108 811 1274 890; x_wconf 83' lang='lat' dir='ltr'><strong>retractat3</strong></span> 
     </span>
     <span class='ocr_line' id='line_1_6' title="bbox 103 920 1276 1009; baseline 0.002 -22"><span class='ocrx_word' id='word_1_47' title='bbox 103 920 228 989; x_wconf 77' lang='lat' dir='ltr'><strong>nunciis</strong></span> <span class='ocrx_word' id='word_1_48' title='bbox 261 922 388 989; x_wconf 87' lang='lat' dir='ltr'><strong>interim</strong></span> <span class='ocrx_word' id='word_1_49' title='bbox 424 923 465 989; x_wconf 85' lang='lat' dir='ltr'><strong>ad</strong></span> <span class='ocrx_word' id='word_1_50' title='bbox 494 923 589 991; x_wconf 87' lang='lat' dir='ltr'><strong>decue</strong></span> <span class='ocrx_word' id='word_1_51' title='bbox 616 922 781 1009; x_wconf 84' lang='lat' dir='ltr'><strong>imperiale</strong></span> <span class='ocrx_word' id='word_1_52' title='bbox 809 922 889 989; x_wconf 92' lang='lat' dir='ltr'><strong>bene</strong></span> <span class='ocrx_word' id='word_1_53' title='bbox 917 922 1044 989; x_wconf 84' lang='lat' dir='ltr'><strong>habitio.</strong></span> <span class='ocrx_word' id='word_1_54' title='bbox 1088 922 1187 1007; x_wconf 85' lang='lat' dir='ltr'><strong>Dein,</strong></span> <span class='ocrx_word' id='word_1_55' title='bbox 1220 922 1276 991; x_wconf 89' lang='lat' dir='ltr'><strong>ubi</strong></span> 
     </span>
     <span class='ocr_line' id='line_1_7' title="bbox 104 1038 1276 1124; baseline 0.003 -21"><span class='ocrx_word' id='word_1_56' title='bbox 104 1038 187 1103; x_wconf 74' lang='lat' dir='ltr'><strong>eaba</strong></span> <span class='ocrx_word' id='word_1_57' title='bbox 206 1038 313 1104; x_wconf 90' lang='lat' dir='ltr'><strong>emnia</strong></span> <span class='ocrx_word' id='word_1_58' title='bbox 336 1038 494 1123; x_wconf 82' lang='lat' dir='ltr'><strong>exquisita</strong></span> <span class='ocrx_word' id='word_1_59' title='bbox 509 1039 667 1121; x_wconf 80' lang='lat' dir='ltr'><strong>ridentur,</strong></span> <span class='ocrx_word' id='word_1_60' title='bbox 690 1038 811 1107; x_wconf 83' lang='lat' dir='ltr'><strong>vocatia</strong></span> <span class='ocrx_word' id='word_1_61' title='bbox 833 1038 889 1120; x_wconf 86' lang='lat' dir='ltr'><strong>oie,</strong></span> <span class='ocrx_word' id='word_1_62' title='bbox 912 1058 980 1105; x_wconf 92' lang='lat' dir='ltr'><strong>rem</strong></span> <span class='ocrx_word' id='word_1_63' title='bbox 1002 1058 1060 1124; x_wconf 88' lang='lat' dir='ltr'><strong>per</strong></span> <span class='ocrx_word' id='word_1_64' title='bbox 1081 1059 1117 1105; x_wconf 87' lang='lat' dir='ltr'><strong>ee</strong></span> <span class='ocrx_word' id='word_1_65' title='bbox 1138 1038 1276 1107; x_wconf 80' lang='lat' dir='ltr'><strong>breviter</strong></span> 
     </span>
     <span class='ocr_line' id='line_1_8' title="bbox 82 1152 1275 1249; baseline 0 -28"><span class='ocrx_word' id='word_1_66' title='bbox 82 1154 288 1249; x_wconf 12' lang='lat' dir='ltr'><strong>&#39;emequitur</strong></span> <span class='ocrx_word' id='word_1_67' title='bbox 310 1153 498 1240; x_wconf 86' lang='lat' dir='ltr'><strong>imperator:</strong></span> <span class='ocrx_word' id='word_1_68' title='bbox 529 1154 640 1223; x_wconf 90' lang='lat' dir='ltr'><strong>ducem</strong></span> <span class='ocrx_word' id='word_1_69' title='bbox 663 1152 795 1220; x_wconf 89' lang='lat' dir='ltr'><strong>Polonie</strong></span> <span class='ocrx_word' id='word_1_70' title='bbox 821 1152 986 1221; x_wconf 88' lang='lat' dir='ltr'><strong>nobilitate</strong></span> <span class='ocrx_word' id='word_1_71' title='bbox 1014 1155 1127 1240; x_wconf 90' lang='lat' dir='ltr'><strong>opibue</strong></span> <span class='ocrx_word' id='word_1_72' title='bbox 1154 1173 1192 1221; x_wconf 87' lang='lat' dir='ltr'><strong>ac</strong></span> <span class='ocrx_word' id='word_1_73' title='bbox 1218 1174 1275 1241; x_wconf 93' lang='lat' dir='ltr'><strong>po-</strong></span> 
     </span>
     <span class='ocr_line' id='line_1_9' title="bbox 103 1268 1276 1354; baseline 0.003 -19"><span class='ocrx_word' id='word_1_74' title='bbox 103 1270 205 1335; x_wconf 87' lang='lat' dir='ltr'><strong>tentia</strong></span> <span class='ocrx_word' id='word_1_75' title='bbox 234 1268 366 1354; x_wconf 82' lang='lat' dir='ltr'><strong>digrmm</strong></span> <span class='ocrx_word' id='word_1_76' title='bbox 394 1270 468 1337; x_wconf 83' lang='lat' dir='ltr'><strong>altio</strong></span> <span class='ocrx_word' id='word_1_77' title='bbox 497 1270 661 1351; x_wconf 80' lang='lat' dir='ltr'><strong>thalamie3</strong></span> <span class='ocrx_word' id='word_1_78' title='bbox 696 1290 838 1337; x_wconf 85' lang='lat' dir='ltr'><strong>eororam</strong></span> <span class='ocrx_word' id='word_1_79' title='bbox 865 1289 989 1354; x_wconf 83' lang='lat' dir='ltr'><strong>quoque</strong></span> <span class='ocrx_word' id='word_1_80' title='bbox 1015 1290 1123 1354; x_wconf 85' lang='lat' dir='ltr'><strong>auam,</strong></span> <span class='ocrx_word' id='word_1_81' title='bbox 1150 1272 1276 1338; x_wconf 90' lang='lat' dir='ltr'><strong>unicam</strong></span> 
     </span>
     <span class='ocr_line' id='line_1_10' title="bbox 103 1383 1277 1471; baseline 0.002 -20"><span class='ocrx_word' id='word_1_82' title='bbox 103 1383 191 1451; x_wconf 89' lang='lat' dir='ltr'><strong>unici</strong></span> <span class='ocrx_word' id='word_1_83' title='bbox 212 1385 321 1453; x_wconf 86' lang='lat' dir='ltr'><strong>fratria</strong></span> <span class='ocrx_word' id='word_1_84' title='bbox 329 1383 349 1469; x_wconf 89' lang='lat'><strong>¹,</strong></span> <span class='ocrx_word' id='word_1_85' title='bbox 376 1392 500 1469; x_wconf 85' lang='lat' dir='ltr'><strong>gratam</strong></span> <span class='ocrx_word' id='word_1_86' title='bbox 524 1385 584 1452; x_wconf 88' lang='lat' dir='ltr'><strong>eibi</strong></span> <span class='ocrx_word' id='word_1_87' title='bbox 607 1406 665 1471; x_wconf 92' lang='lat' dir='ltr'><strong>pre</strong></span> <span class='ocrx_word' id='word_1_88' title='bbox 687 1384 809 1453; x_wconf 86' lang='lat' dir='ltr'><strong>cunclie</strong></span> <span class='ocrx_word' id='word_1_89' title='bbox 830 1385 935 1469; x_wconf 90' lang='lat' dir='ltr'><strong>rebue,</strong></span> <span class='ocrx_word' id='word_1_90' title='bbox 956 1385 1067 1453; x_wconf 78' lang='lat' dir='ltr'><strong>libenti</strong></span> <span class='ocrx_word' id='word_1_91' title='bbox 1090 1386 1196 1453; x_wconf 89' lang='lat' dir='ltr'><strong>animo</strong></span> <span class='ocrx_word' id='word_1_92' title='bbox 1219 1385 1277 1453; x_wconf 88' lang='lat' dir='ltr'><strong>tali</strong></span> 
     </span>
     <span class='ocr_line' id='line_1_11' title="bbox 104 1500 1275 1587; baseline 0 -20"><span class='ocrx_word' id='word_1_93' title='bbox 104 1500 174 1567; x_wconf 82' lang='lat' dir='ltr'><strong>uiro</strong></span> <span class='ocrx_word' id='word_1_94' title='bbox 202 1500 365 1587; x_wconf 90' lang='lat' dir='ltr'><strong>copulare;</strong></span> <span class='ocrx_word' id='word_1_95' title='bbox 396 1501 471 1587; x_wconf 89' lang='lat' dir='ltr'><strong>quia</strong></span> <span class='ocrx_word' id='word_1_96' title='bbox 502 1502 568 1567; x_wconf 79' lang='lat' dir='ltr'><strong>onie</strong></span> <span class='ocrx_word' id='word_1_97' title='bbox 595 1500 757 1568; x_wconf 79' lang='lat' dir='ltr'><strong>fidissimis</strong></span> <span class='ocrx_word' id='word_1_98' title='bbox 786 1501 846 1568; x_wconf 92' lang='lat' dir='ltr'><strong>boc</strong></span> <span class='ocrx_word' id='word_1_99' title='bbox 874 1501 977 1568; x_wconf 84' lang='lat' dir='ltr'><strong>vieum</strong></span> <span class='ocrx_word' id='word_1_100' title='bbox 1005 1502 1048 1567; x_wconf 90' lang='lat' dir='ltr'><strong>eit</strong></span> <span class='ocrx_word' id='word_1_101' title='bbox 1076 1502 1275 1569; x_wconf 87' lang='lat' dir='ltr'><strong>coneiliariie.</strong></span> 
     </span>
     <span class='ocr_line' id='line_1_12' title="bbox 105 1614 1277 1703; baseline 0.001 -20"><span class='ocrx_word' id='word_1_102' title='bbox 105 1614 240 1683; x_wconf 82' lang='lat' dir='ltr'><strong>Addidit</strong></span> <span class='ocrx_word' id='word_1_103' title='bbox 257 1617 369 1683; x_wconf 88' lang='lat' dir='ltr'><strong>etiem:</strong></span> <span class='ocrx_word' id='word_1_104' title='bbox 393 1617 452 1685; x_wconf 92' lang='lat' dir='ltr'><strong>hoc</strong></span> <span class='ocrx_word' id='word_1_105' title='bbox 466 1618 655 1685; x_wconf 92' lang='lat' dir='ltr'><strong>commercio</strong></span> <span class='ocrx_word' id='word_1_106' title='bbox 670 1617 749 1685; x_wconf 84' lang='lat' dir='ltr'><strong>duee</strong></span> <span class='ocrx_word' id='word_1_107' title='bbox 765 1615 898 1703; x_wconf 86' lang='lat' dir='ltr'><strong>populeo</strong></span> <span class='ocrx_word' id='word_1_108' title='bbox 912 1616 1123 1699; x_wconf 79' lang='lat' dir='ltr'><strong>confederari3</strong></span> <span class='ocrx_word' id='word_1_109' title='bbox 1147 1616 1277 1685; x_wconf 87' lang='lat' dir='ltr'><strong>Polonie</strong></span> 
     </span>
     <span class='ocr_line' id='line_1_13' title="bbox 104 1732 1277 1820; baseline 0.002 -21"><span class='ocrx_word' id='word_1_110' title='bbox 104 1751 156 1799; x_wconf 87' lang='lat' dir='ltr'><strong>ree</strong></span> <span class='ocrx_word' id='word_1_111' title='bbox 171 1732 348 1815; x_wconf 81' lang='lat' dir='ltr'><strong>nobilitarl3</strong></span> <span class='ocrx_word' id='word_1_112' title='bbox 366 1733 436 1799; x_wconf 89' lang='lat' dir='ltr'><strong>duci</strong></span> <span class='ocrx_word' id='word_1_113' title='bbox 453 1734 570 1801; x_wconf 79' lang='lat' dir='ltr'><strong>amicos</strong></span> <span class='ocrx_word' id='word_1_114' title='bbox 586 1737 730 1820; x_wconf 79' lang='lat' dir='ltr'><strong>potentes</strong></span> <span class='ocrx_word' id='word_1_115' title='bbox 745 1737 778 1800; x_wconf 92' lang='lat' dir='ltr'><strong>et</strong></span> <span class='ocrx_word' id='word_1_116' title='bbox 788 1732 922 1816; x_wconf 79' lang='lat' dir='ltr'><strong>gloriam</strong></span> <span class='ocrx_word' id='word_1_117' title='bbox 933 1733 1087 1818; x_wconf 80' lang='lat' dir='ltr'><strong>conquiri.</strong></span> <span class='ocrx_word' id='word_1_118' title='bbox 1153 1733 1277 1817; x_wconf 79' lang='lat' dir='ltr'><strong>Figitur</strong></span> 
     </span>
     <span class='ocr_line' id='line_1_14' title="bbox 105 1848 1277 1935; baseline -0.001 -19"><span class='ocrx_word' id='word_1_119' title='bbox 105 1868 181 1932; x_wconf 88' lang='lat' dir='ltr'><strong>ergo</strong></span> <span class='ocrx_word' id='word_1_120' title='bbox 204 1849 380 1917; x_wconf 89' lang='lat' dir='ltr'><strong>contractui</strong></span> <span class='ocrx_word' id='word_1_121' title='bbox 402 1848 490 1917; x_wconf 87' lang='lat' dir='ltr'><strong>locua</strong></span> <span class='ocrx_word' id='word_1_122' title='bbox 513 1854 546 1916; x_wconf 91' lang='lat' dir='ltr'><strong>et</strong></span> <span class='ocrx_word' id='word_1_123' title='bbox 560 1854 700 1935; x_wconf 82' lang='lat' dir='ltr'><strong>tempua3</strong></span> <span class='ocrx_word' id='word_1_124' title='bbox 725 1848 930 1916; x_wconf 88' lang='lat' dir='ltr'><strong>remittuntur</strong></span> <span class='ocrx_word' id='word_1_125' title='bbox 944 1849 1061 1934; x_wconf 88' lang='lat' dir='ltr'><strong>nuncii,</strong></span> <span class='ocrx_word' id='word_1_126' title='bbox 1083 1850 1208 1933; x_wconf 89' lang='lat' dir='ltr'><strong>magnie</strong></span> <span class='ocrx_word' id='word_1_127' title='bbox 1223 1869 1277 1915; x_wconf 89' lang='lat' dir='ltr'><strong>on·</strong></span> 
     </span>
     <span class='ocr_line' id='line_1_15' title="bbox 104 1963 1277 2052; baseline 0 -21"><span class='ocrx_word' id='word_1_128' title='bbox 104 1963 220 2031; x_wconf 76' lang='lat' dir='ltr'><strong>mulcti</strong></span> <span class='ocrx_word' id='word_1_129' title='bbox 246 1964 447 2047; x_wconf 82' lang='lat' dir='ltr'><strong>muneribue3</strong></span> <span class='ocrx_word' id='word_1_130' title='bbox 476 1965 587 2048; x_wconf 84' lang='lat' dir='ltr'><strong>ingena</strong></span> <span class='ocrx_word' id='word_1_131' title='bbox 613 1966 771 2051; x_wconf 87' lang='lat' dir='ltr'><strong>utrimque</strong></span> <span class='ocrx_word' id='word_1_132' title='bbox 795 1969 967 2051; x_wconf 80' lang='lat' dir='ltr'><strong>apparatus</strong></span> <span class='ocrx_word' id='word_1_133' title='bbox 989 1986 1047 2051; x_wconf 92' lang='lat' dir='ltr'><strong>pro</strong></span> <span class='ocrx_word' id='word_1_134' title='bbox 1071 1984 1277 2052; x_wconf 77' lang='lat' dir='ltr'><strong>personarum</strong></span> 
     </span>
     <span class='ocr_line' id='line_1_16' title="bbox 105 2080 828 2167; baseline 0 -20"><span class='ocrx_word' id='word_1_135' title='bbox 105 2080 260 2165; x_wconf 76' lang='lat' dir='ltr'><strong>dignitate</strong></span> <span class='ocrx_word' id='word_1_136' title='bbox 282 2080 478 2167; x_wconf 78' lang='lat' dir='ltr'><strong>nuptialibus</strong></span> <span class='ocrx_word' id='word_1_137' title='bbox 500 2082 595 2149; x_wconf 82' lang='lat' dir='ltr'><strong>rebus</strong></span> <span class='ocrx_word' id='word_1_138' title='bbox 618 2081 828 2167; x_wconf 86' lang='lat' dir='ltr'><strong>componitur.</strong></span> 
     </span>
    </p>

    <p class='ocr_par' dir='ltr' id='par_1_4' title="bbox 102 2196 1279 3788">
     <span class='ocr_line' id='line_1_17' title="bbox 196 2196 1278 2283; baseline 0 -20"><span class='ocrx_word' id='word_1_139' title='bbox 196 2196 285 2263; x_wconf 88' lang='lat' dir='ltr'><strong>Duce</strong></span> <span class='ocrx_word' id='word_1_140' title='bbox 313 2196 409 2279; x_wconf 89' lang='lat' dir='ltr'><strong>igitur</strong></span> <span class='ocrx_word' id='word_1_141' title='bbox 432 2197 550 2283; x_wconf 82' lang='lat' dir='ltr'><strong>optatis</strong></span> <span class='ocrx_word' id='word_1_142' title='bbox 578 2196 727 2265; x_wconf 84' lang='lat' dir='ltr'><strong>thalamis</strong></span> <span class='ocrx_word' id='word_1_143' title='bbox 754 2196 872 2283; x_wconf 91' lang='lat' dir='ltr'><strong>potito,</strong></span> <span class='ocrx_word' id='word_1_144' title='bbox 902 2196 1003 2263; x_wconf 90' lang='lat' dir='ltr'><strong>maior</strong></span> <span class='ocrx_word' id='word_1_145' title='bbox 1030 2197 1146 2264; x_wconf 90' lang='lat' dir='ltr'><strong>iterum</strong></span> <span class='ocrx_word' id='word_1_146' title='bbox 1174 2196 1278 2280; x_wconf 83' lang='lat' dir='ltr'><strong>gratia</strong></span> 
     </span>
     <span class='ocr_line' id='line_1_18' title="bbox 105 2312 1277 2400; baseline 0 -21"><span class='ocrx_word' id='word_1_147' title='bbox 105 2312 217 2379; x_wconf 89' lang='lat' dir='ltr'><strong>Ottoni</strong></span> <span class='ocrx_word' id='word_1_148' title='bbox 239 2312 399 2379; x_wconf 58' lang='lat' dir='ltr'><strong>moussiae</strong></span> <span class='ocrx_word' id='word_1_149' title='bbox 434 2312 552 2397; x_wconf 87' lang='lat' dir='ltr'><strong>Suique</strong></span> <span class='ocrx_word' id='word_1_150' title='bbox 574 2313 777 2400; x_wconf 88' lang='lat' dir='ltr'><strong>paranimphi</strong></span> <span class='ocrx_word' id='word_1_151' title='bbox 801 2312 929 2379; x_wconf 89' lang='lat' dir='ltr'><strong>domina</strong></span> <span class='ocrx_word' id='word_1_152' title='bbox 950 2312 1049 2380; x_wconf 86' lang='lat' dir='ltr'><strong>oblitu</strong></span> <span class='ocrx_word' id='word_1_153' title='bbox 1070 2333 1134 2379; x_wconf 92' lang='lat' dir='ltr'><strong>non</strong></span> <span class='ocrx_word' id='word_1_154' title='bbox 1157 2318 1221 2395; x_wconf 80' lang='lat' dir='ltr'><strong>eet3</strong></span> <span class='ocrx_word' id='word_1_155' title='bbox 1243 2312 1277 2379; x_wconf 91' lang='lat' dir='ltr'><strong>in</strong></span> 
     </span>
     <span class='ocr_line' id='line_1_19' title="bbox 105 2428 1279 2498; baseline -0.001 -2"><span class='ocrx_word' id='word_1_156' title='bbox 105 2429 194 2496; x_wconf 89' lang='lat' dir='ltr'><strong>omni</strong></span> <span class='ocrx_word' id='word_1_157' title='bbox 218 2429 310 2496; x_wconf 91' lang='lat' dir='ltr'><strong>domo</strong></span> <span class='ocrx_word' id='word_1_158' title='bbox 334 2450 392 2496; x_wconf 89' lang='lat' dir='ltr'><strong>eua</strong></span> <span class='ocrx_word' id='word_1_159' title='bbox 413 2429 558 2497; x_wconf 89' lang='lat' dir='ltr'><strong>inclitum</strong></span> <span class='ocrx_word' id='word_1_160' title='bbox 581 2449 688 2497; x_wconf 83' lang='lat' dir='ltr'><strong>carum</strong></span> <span class='ocrx_word' id='word_1_161' title='bbox 713 2435 746 2498; x_wconf 91' lang='lat' dir='ltr'><strong>et</strong></span> <span class='ocrx_word' id='word_1_162' title='bbox 766 2429 955 2497; x_wconf 79' lang='lat' dir='ltr'><strong>familiarem</strong></span> <span class='ocrx_word' id='word_1_163' title='bbox 979 2450 1051 2496; x_wconf 92' lang='lat' dir='ltr'><strong>eum</strong></span> <span class='ocrx_word' id='word_1_164' title='bbox 1072 2429 1201 2496; x_wconf 88' lang='lat' dir='ltr'><strong>habene.</strong></span> <span class='ocrx_word' id='word_1_165' title='bbox 1234 2428 1279 2495; x_wconf 88' lang='lat' dir='ltr'><strong>Et</strong></span> 
     </span>
     <span class='ocr_line' id='line_1_20' title="bbox 105 2543 1277 2632; baseline -0.002 -20"><span class='ocrx_word' id='word_1_166' title='bbox 105 2547 252 2631; x_wconf 80' lang='lat' dir='ltr'><strong>quotiens</strong></span> <span class='ocrx_word' id='word_1_167' title='bbox 281 2564 431 2629; x_wconf 88' lang='lat' dir='ltr'><strong>germano</strong></span> <span class='ocrx_word' id='word_1_168' title='bbox 461 2566 518 2612; x_wconf 86' lang='lat' dir='ltr'><strong>auo</strong></span> <span class='ocrx_word' id='word_1_169' title='bbox 545 2545 730 2632; x_wconf 89' lang='lat' dir='ltr'><strong>imperatori</strong></span> <span class='ocrx_word' id='word_1_170' title='bbox 758 2546 842 2612; x_wconf 90' lang='lat' dir='ltr'><strong>dona</strong></span> <span class='ocrx_word' id='word_1_171' title='bbox 863 2545 915 2612; x_wconf 85' lang='lat' dir='ltr'><strong>vel</strong></span> <span class='ocrx_word' id='word_1_172' title='bbox 942 2565 1095 2632; x_wconf 75' lang='lat' dir='ltr'><strong>responsa</strong></span> <span class='ocrx_word' id='word_1_173' title='bbox 1121 2543 1277 2628; x_wconf 88' lang='lat' dir='ltr'><strong>mittebat,</strong></span> 
     </span>
     <span class='ocr_line' id='line_1_21' title="bbox 105 2660 1277 2747; baseline -0.003 -18"><span class='ocrx_word' id='word_1_174' title='bbox 105 2660 182 2730; x_wconf 91' lang='lat' dir='ltr'><strong>Otto</strong></span> <span class='ocrx_word' id='word_1_175' title='bbox 205 2661 422 2728; x_wconf 81' lang='lat' dir='ltr'><strong>internuncius</strong></span> <span class='ocrx_word' id='word_1_176' title='bbox 445 2665 477 2728; x_wconf 94' lang='lat' dir='ltr'><strong>et</strong></span> <span class='ocrx_word' id='word_1_177' title='bbox 499 2660 580 2728; x_wconf 89' lang='lat' dir='ltr'><strong>lidae</strong></span> <span class='ocrx_word' id='word_1_178' title='bbox 604 2661 760 2728; x_wconf 87' lang='lat' dir='ltr'><strong>mediator</strong></span> <span class='ocrx_word' id='word_1_179' title='bbox 782 2662 860 2743; x_wconf 81' lang='lat' dir='ltr'><strong>fuit3</strong></span> <span class='ocrx_word' id='word_1_180' title='bbox 888 2661 1034 2746; x_wconf 87' lang='lat' dir='ltr'><strong>factaque</strong></span> <span class='ocrx_word' id='word_1_181' title='bbox 1055 2666 1105 2728; x_wconf 88' lang='lat' dir='ltr'><strong>eet</strong></span> <span class='ocrx_word' id='word_1_182' title='bbox 1127 2680 1183 2747; x_wconf 91' lang='lat' dir='ltr'><strong>per</strong></span> <span class='ocrx_word' id='word_1_183' title='bbox 1205 2679 1277 2727; x_wconf 91' lang='lat' dir='ltr'><strong>eum</strong></span> 
     </span>
     <span class='ocr_line' id='line_1_22' title="bbox 106 2775 1277 2864; baseline 0 -22"><span class='ocrx_word' id='word_1_184' title='bbox 106 2775 200 2862; x_wconf 88' lang='lat' dir='ltr'><strong>quaei</strong></span> <span class='ocrx_word' id='word_1_185' title='bbox 214 2797 278 2842; x_wconf 90' lang='lat' dir='ltr'><strong>una</strong></span> <span class='ocrx_word' id='word_1_186' title='bbox 292 2797 343 2843; x_wconf 86' lang='lat' dir='ltr'><strong>ree</strong></span> <span class='ocrx_word' id='word_1_187' title='bbox 360 2776 486 2862; x_wconf 89' lang='lat' dir='ltr'><strong>publica</strong></span> <span class='ocrx_word' id='word_1_188' title='bbox 500 2777 612 2844; x_wconf 84' lang='lat' dir='ltr'><strong>domus</strong></span> <span class='ocrx_word' id='word_1_189' title='bbox 627 2776 829 2864; x_wconf 86' lang='lat' dir='ltr'><strong>imperatorie</strong></span> <span class='ocrx_word' id='word_1_190' title='bbox 844 2781 878 2844; x_wconf 91' lang='lat' dir='ltr'><strong>et</strong></span> <span class='ocrx_word' id='word_1_191' title='bbox 890 2777 1002 2844; x_wconf 88' lang='lat' dir='ltr'><strong>domue</strong></span> <span class='ocrx_word' id='word_1_192' title='bbox 1015 2776 1113 2844; x_wconf 87' lang='lat' dir='ltr'><strong>ducie.</strong></span> <span class='ocrx_word' id='word_1_193' title='bbox 1182 2775 1277 2843; x_wconf 87' lang='lat' dir='ltr'><strong>Gum-</strong></span> 
     </span>
     <span class='ocr_line' id='line_1_23' title="bbox 105 2890 1278 2980; baseline -0.003 -20"><span class='ocrx_word' id='word_1_194' title='bbox 105 2893 275 2979; x_wconf 85' lang='lat' dir='ltr'><strong>quainter</strong></span> <span class='ocrx_word' id='word_1_195' title='bbox 297 2913 351 2960; x_wconf 84' lang='lat' dir='ltr'><strong>eoa</strong></span> <span class='ocrx_word' id='word_1_196' title='bbox 374 2913 448 2980; x_wconf 85' lang='lat' dir='ltr'><strong>sepe</strong></span> <span class='ocrx_word' id='word_1_197' title='bbox 471 2894 533 2960; x_wconf 88' lang='lat' dir='ltr'><strong>iret</strong></span> <span class='ocrx_word' id='word_1_198' title='bbox 554 2899 587 2960; x_wconf 88' lang='lat' dir='ltr'><strong>et</strong></span> <span class='ocrx_word' id='word_1_199' title='bbox 607 2894 743 2978; x_wconf 85' lang='lat' dir='ltr'><strong>rediret,</strong></span> <span class='ocrx_word' id='word_1_200' title='bbox 766 2894 950 2980; x_wconf 89' lang='lat' dir='ltr'><strong>imperator,</strong></span> <span class='ocrx_word' id='word_1_201' title='bbox 972 2893 1022 2959; x_wconf 85' lang='lat' dir='ltr'><strong>vir</strong></span> <span class='ocrx_word' id='word_1_202' title='bbox 1044 2912 1158 2976; x_wconf 76' lang='lat' dir='ltr'><strong>sagax,</strong></span> <span class='ocrx_word' id='word_1_203' title='bbox 1181 2890 1278 2974; x_wconf 88' lang='lat' dir='ltr'><strong>legati</strong></span> 
     </span>
     <span class='ocr_line' id='line_1_24' title="bbox 104 3007 1278 3096; baseline -0.003 -20"><span class='ocrx_word' id='word_1_204' title='bbox 104 3009 202 3078; x_wconf 87' lang='lat' dir='ltr'><strong>fidem</strong></span> <span class='ocrx_word' id='word_1_205' title='bbox 225 3027 262 3076; x_wconf 89' lang='lat' dir='ltr'><strong>ac</strong></span> <span class='ocrx_word' id='word_1_206' title='bbox 284 3008 485 3095; x_wconf 85' lang='lat' dir='ltr'><strong>prudentiam</strong></span> <span class='ocrx_word' id='word_1_207' title='bbox 508 3009 745 3092; x_wconf 83' lang='lat' dir='ltr'><strong>animadvertit;</strong></span> <span class='ocrx_word' id='word_1_208' title='bbox 769 3014 802 3077; x_wconf 89' lang='lat' dir='ltr'><strong>et</strong></span> <span class='ocrx_word' id='word_1_209' title='bbox 823 3009 968 3096; x_wconf 79' lang='lat' dir='ltr'><strong>quamuis</strong></span> <span class='ocrx_word' id='word_1_210' title='bbox 991 3008 1092 3076; x_wconf 88' lang='lat' dir='ltr'><strong>eorori</strong></span> <span class='ocrx_word' id='word_1_211' title='bbox 1108 3027 1147 3074; x_wconf 88' lang='lat' dir='ltr'><strong>ac</strong></span> <span class='ocrx_word' id='word_1_212' title='bbox 1160 3007 1278 3074; x_wconf 89' lang='lat' dir='ltr'><strong>eororia</strong></span> 
     </span>
     <span class='ocr_line' id='line_1_25' title="bbox 104 3122 1279 3209; baseline -0.003 -15"><span class='ocrx_word' id='word_1_213' title='bbox 104 3126 222 3194; x_wconf 73' lang='lat' dir='ltr'><strong>manto</strong></span> <span class='ocrx_word' id='word_1_214' title='bbox 245 3124 432 3194; x_wconf 84' lang='lat' dir='ltr'><strong>conmodum</strong></span> <span class='ocrx_word' id='word_1_215' title='bbox 457 3145 529 3191; x_wconf 90' lang='lat' dir='ltr'><strong>eum</strong></span> <span class='ocrx_word' id='word_1_216' title='bbox 551 3144 589 3192; x_wconf 94' lang='lat' dir='ltr'><strong>ac</strong></span> <span class='ocrx_word' id='word_1_217' title='bbox 611 3125 826 3193; x_wconf 85' lang='lat' dir='ltr'><strong>neceesarium</strong></span> <span class='ocrx_word' id='word_1_218' title='bbox 847 3129 1060 3209; x_wconf 80' lang='lat' dir='ltr'><strong>cognosceret,</strong></span> <span class='ocrx_word' id='word_1_219' title='bbox 1083 3122 1279 3207; x_wconf 87' lang='lat' dir='ltr'><strong>intelligebat</strong></span> 
     </span>
     <span class='ocr_line' id='line_1_26' title="bbox 103 3238 1278 3327; baseline -0.005 -17"><span class='ocrx_word' id='word_1_220' title='bbox 103 3249 230 3325; x_wconf 69' lang='lat' dir='ltr'><strong>tamem</strong></span> <span class='ocrx_word' id='word_1_221' title='bbox 260 3240 365 3308; x_wconf 88' lang='lat' dir='ltr'><strong>altiori</strong></span> <span class='ocrx_word' id='word_1_222' title='bbox 388 3240 535 3324; x_wconf 87' lang='lat' dir='ltr'><strong>dignitati</strong></span> <span class='ocrx_word' id='word_1_223' title='bbox 559 3240 642 3308; x_wconf 91' lang='lat' dir='ltr'><strong>hunc</strong></span> <span class='ocrx_word' id='word_1_224' title='bbox 663 3241 731 3308; x_wconf 87' lang='lat' dir='ltr'><strong>fore</strong></span> <span class='ocrx_word' id='word_1_225' title='bbox 753 3245 954 3327; x_wconf 90' lang='lat' dir='ltr'><strong>oportunum.</strong></span> <span class='ocrx_word' id='word_1_226' title='bbox 989 3241 1107 3324; x_wconf 82' lang='lat' dir='ltr'><strong>Quare,</strong></span> <span class='ocrx_word' id='word_1_227' title='bbox 1130 3238 1278 3306; x_wconf 89' lang='lat' dir='ltr'><strong>clementi</strong></span> 
     </span>
     <span class='ocr_line' id='line_1_27' title="bbox 104 3355 1278 3442; baseline -0.005 -16"><span class='ocrx_word' id='word_1_228' title='bbox 104 3356 315 3426; x_wconf 83' lang='lat' dir='ltr'><strong>beneficentia</strong></span> <span class='ocrx_word' id='word_1_229' title='bbox 336 3376 408 3424; x_wconf 91' lang='lat' dir='ltr'><strong>eum</strong></span> <span class='ocrx_word' id='word_1_230' title='bbox 430 3355 583 3440; x_wconf 78' lang='lat' dir='ltr'><strong>alliciens,</strong></span> <span class='ocrx_word' id='word_1_231' title='bbox 605 3357 708 3422; x_wconf 85' lang='lat' dir='ltr'><strong>sorori</strong></span> <span class='ocrx_word' id='word_1_232' title='bbox 729 3375 789 3442; x_wconf 92' lang='lat' dir='ltr'><strong>pro</strong></span> <span class='ocrx_word' id='word_1_233' title='bbox 811 3376 849 3422; x_wconf 95' lang='lat' dir='ltr'><strong>eo</strong></span> <span class='ocrx_word' id='word_1_234' title='bbox 871 3356 1000 3442; x_wconf 87' lang='lat' dir='ltr'><strong>ecripeit</strong></span> <span class='ocrx_word' id='word_1_235' title='bbox 1021 3355 1118 3422; x_wconf 85' lang='lat' dir='ltr'><strong>rerba</strong></span> <span class='ocrx_word' id='word_1_236' title='bbox 1139 3355 1278 3442; x_wconf 87' lang='lat' dir='ltr'><strong>poatula·</strong></span> 
     </span>
     <span class='ocr_line' id='line_1_28' title="bbox 102 3470 1279 3556; baseline -0.004 -14"><span class='ocrx_word' id='word_1_237' title='bbox 102 3473 215 3556; x_wconf 76' lang='lat' dir='ltr'><strong>tionis,</strong></span> <span class='ocrx_word' id='word_1_238' title='bbox 238 3473 303 3539; x_wconf 88' lang='lat' dir='ltr'><strong>euie</strong></span> <span class='ocrx_word' id='word_1_239' title='bbox 326 3471 434 3539; x_wconf 81' lang='lat' dir='ltr'><strong>dicens</strong></span> <span class='ocrx_word' id='word_1_240' title='bbox 456 3471 552 3540; x_wconf 90' lang='lat' dir='ltr'><strong>talem</strong></span> <span class='ocrx_word' id='word_1_241' title='bbox 575 3471 723 3538; x_wconf 88' lang='lat' dir='ltr'><strong>clericum</strong></span> <span class='ocrx_word' id='word_1_242' title='bbox 746 3471 905 3556; x_wconf 85' lang='lat' dir='ltr'><strong>obeequiie</strong></span> <span class='ocrx_word' id='word_1_243' title='bbox 925 3472 1147 3540; x_wconf 78' lang='lat' dir='ltr'><strong>neceesarium.</strong></span> <span class='ocrx_word' id='word_1_244' title='bbox 1182 3470 1279 3538; x_wconf 88' lang='lat' dir='ltr'><strong>Soror</strong></span> 
     </span>
     <span class='ocr_line' id='line_1_29' title="bbox 103 3586 1279 3673; baseline -0.005 -15"><span class='ocrx_word' id='word_1_245' title='bbox 103 3594 213 3658; x_wconf 85' lang='lat' dir='ltr'><strong>autem</strong></span> <span class='ocrx_word' id='word_1_246' title='bbox 238 3594 271 3656; x_wconf 91' lang='lat' dir='ltr'><strong>et</strong></span> <span class='ocrx_word' id='word_1_247' title='bbox 292 3588 368 3671; x_wconf 85' lang='lat' dir='ltr'><strong>dux,</strong></span> <span class='ocrx_word' id='word_1_248' title='bbox 390 3588 424 3654; x_wconf 90' lang='lat' dir='ltr'><strong>in</strong></span> <span class='ocrx_word' id='word_1_249' title='bbox 447 3587 555 3655; x_wconf 87' lang='lat' dir='ltr'><strong>multia</strong></span> <span class='ocrx_word' id='word_1_250' title='bbox 578 3587 697 3654; x_wconf 81' lang='lat' dir='ltr'><strong>divitiis</strong></span> <span class='ocrx_word' id='word_1_251' title='bbox 720 3587 951 3654; x_wconf 78' lang='lat' dir='ltr'><strong>benefacientes</strong></span> <span class='ocrx_word' id='word_1_252' title='bbox 973 3587 1137 3673; x_wconf 85' lang='lat' dir='ltr'><strong>capellano</strong></span> <span class='ocrx_word' id='word_1_253' title='bbox 1153 3606 1222 3671; x_wconf 89' lang='lat' dir='ltr'><strong>eno,</strong></span> <span class='ocrx_word' id='word_1_254' title='bbox 1244 3586 1279 3652; x_wconf 94' lang='lat' dir='ltr'><strong>in</strong></span> 
     </span>
     <span class='ocr_line' id='line_1_30' title="bbox 103 3702 1277 3788; baseline -0.003 -15"><span class='ocrx_word' id='word_1_255' title='bbox 103 3703 209 3773; x_wconf 87' lang='lat' dir='ltr'><strong>multa</strong></span> <span class='ocrx_word' id='word_1_256' title='bbox 223 3702 397 3772; x_wconf 73' lang='lat' dir='ltr'><strong>honmtatie</strong></span> <span class='ocrx_word' id='word_1_257' title='bbox 411 3703 515 3787; x_wconf 62' lang='lat' dir='ltr'><strong>matie</strong></span> <span class='ocrx_word' id='word_1_258' title='bbox 529 3702 714 3788; x_wconf 85' lang='lat' dir='ltr'><strong>imperatori</strong></span> <span class='ocrx_word' id='word_1_259' title='bbox 729 3723 803 3770; x_wconf 90' lang='lat' dir='ltr'><strong>cum</strong></span> <span class='ocrx_word' id='word_1_260' title='bbox 818 3703 962 3787; x_wconf 82' lang='lat' dir='ltr'><strong>quamvis</strong></span> <span class='ocrx_word' id='word_1_261' title='bbox 976 3703 1069 3770; x_wconf 83' lang='lat' dir='ltr'><strong>inviti</strong></span> <span class='ocrx_word' id='word_1_262' title='bbox 1080 3703 1277 3770; x_wconf 76' lang='lat' dir='ltr'><strong>dimiserunt</strong></span> 
     </span>
    </p>

    <p class='ocr_par' dir='ltr' id='par_1_5' title="bbox 101 3817 1281 4251">
     <span class='ocr_line' id='line_1_31' title="bbox 200 3817 1278 3905; baseline 0 -19"><span class='ocrx_word' id='word_1_263' title='bbox 200 3821 253 3886; x_wconf 85' lang='lat'><strong>34.</strong></span> <span class='ocrx_word' id='word_1_264' title='bbox 282 3819 458 3905; x_wconf 85' lang='lat' dir='ltr'><strong>Imperator</strong></span> <span class='ocrx_word' id='word_1_265' title='bbox 472 3837 559 3902; x_wconf 82' lang='lat' dir='ltr'><strong>uero,</strong></span> <span class='ocrx_word' id='word_1_266' title='bbox 581 3819 684 3905; x_wconf 81' lang='lat' dir='ltr'><strong>primo</strong></span> <span class='ocrx_word' id='word_1_267' title='bbox 707 3819 740 3884; x_wconf 91' lang='lat' dir='ltr'><strong>in</strong></span> <span class='ocrx_word' id='word_1_268' title='bbox 762 3817 885 3886; x_wconf 82' lang='lat' dir='ltr'><strong>levibue</strong></span> <span class='ocrx_word' id='word_1_269' title='bbox 907 3837 980 3885; x_wconf 92' lang='lat' dir='ltr'><strong>eum</strong></span> <span class='ocrx_word' id='word_1_270' title='bbox 1001 3818 1095 3886; x_wconf 90' lang='lat' dir='ltr'><strong>rebue</strong></span> <span class='ocrx_word' id='word_1_271' title='bbox 1118 3839 1278 3904; x_wconf 80' lang='lat' dir='ltr'><strong>cremone,</strong></span> 
     </span>
     <span class='ocr_line' id='line_1_32' title="bbox 101 3931 1281 4020; baseline -0.003 -15"><span class='ocrx_word' id='word_1_272' title='bbox 101 3934 259 4006; x_wconf 85' lang='lat' dir='ltr'><strong>familiari</strong></span> <span class='ocrx_word' id='word_1_273' title='bbox 286 3935 354 4002; x_wconf 85' lang='lat' dir='ltr'><strong>eiua</strong></span> <span class='ocrx_word' id='word_1_274' title='bbox 382 3934 515 4002; x_wconf 80' lang='lat' dir='ltr'><strong>servicio</strong></span> <span class='ocrx_word' id='word_1_275' title='bbox 544 3934 578 4000; x_wconf 92' lang='lat' dir='ltr'><strong>in</strong></span> <span class='ocrx_word' id='word_1_276' title='bbox 602 3931 710 4000; x_wconf 83' lang='lat' dir='ltr'><strong>multia</strong></span> <span class='ocrx_word' id='word_1_277' title='bbox 737 3933 818 4001; x_wconf 89' lang='lat' dir='ltr'><strong>bene</strong></span> <span class='ocrx_word' id='word_1_278' title='bbox 839 3953 932 4017; x_wconf 86' lang='lat' dir='ltr'><strong>uene,</strong></span> <span class='ocrx_word' id='word_1_279' title='bbox 961 3935 1056 4000; x_wconf 85' lang='lat' dir='ltr'><strong>etiam</strong></span> <span class='ocrx_word' id='word_1_280' title='bbox 1085 3935 1225 4020; x_wconf 89' lang='lat' dir='ltr'><strong>pealmoe</strong></span> <span class='ocrx_word' id='word_1_281' title='bbox 1248 3940 1281 4002; x_wconf 92' lang='lat' dir='ltr'><strong>et</strong></span> 
     </span>
     <span class='ocr_line' id='line_1_33' title="bbox 103 4047 1277 4144; baseline -0.001 -24"><span class='ocrx_word' id='word_1_282' title='bbox 103 4051 267 4120; x_wconf 83' lang='lat' dir='ltr'><strong>orationes</strong></span> <span class='ocrx_word' id='word_1_283' title='bbox 290 4050 441 4137; x_wconf 82' lang='lat' dir='ltr'><strong>privatae,</strong></span> <span class='ocrx_word' id='word_1_284' title='bbox 465 4049 493 4116; x_wconf 89' lang='lat' dir='ltr'><strong>ei</strong></span> <span class='ocrx_word' id='word_1_285' title='bbox 509 4048 634 4134; x_wconf 89' lang='lat' dir='ltr'><strong>quando</strong></span> <span class='ocrx_word' id='word_1_286' title='bbox 648 4049 791 4144; x_wconf 83' lang='lat' dir='ltr'><strong>vacabat,</strong></span> <span class='ocrx_word' id='word_1_287' title='bbox 814 4069 887 4116; x_wconf 92' lang='lat' dir='ltr'><strong>cum</strong></span> <span class='ocrx_word' id='word_1_288' title='bbox 902 4069 938 4116; x_wconf 94' lang='lat' dir='ltr'><strong>eo</strong></span> <span class='ocrx_word' id='word_1_289' title='bbox 954 4050 1115 4118; x_wconf 89' lang='lat' dir='ltr'><strong>ruminare</strong></span> <span class='ocrx_word' id='word_1_290' title='bbox 1129 4047 1277 4119; x_wconf 82' lang='lat' dir='ltr'><strong>solebat².</strong></span> 
     </span>
     <span class='ocr_line' id='line_1_34' title="bbox 102 4165 1280 4251; baseline -0.001 -14"><span class='ocrx_word' id='word_1_291' title='bbox 102 4168 191 4236; x_wconf 88' lang='lat' dir='ltr'><strong>Nam</strong></span> <span class='ocrx_word' id='word_1_292' title='bbox 215 4165 292 4234; x_wconf 90' lang='lat' dir='ltr'><strong>adeo</strong></span> <span class='ocrx_word' id='word_1_293' title='bbox 316 4165 474 4234; x_wconf 80' lang='lat' dir='ltr'><strong>litteratus</strong></span> <span class='ocrx_word' id='word_1_294' title='bbox 497 4171 567 4232; x_wconf 89' lang='lat' dir='ltr'><strong>erat</strong></span> <span class='ocrx_word' id='word_1_295' title='bbox 588 4165 771 4250; x_wconf 86' lang='lat' dir='ltr'><strong>imperator,</strong></span> <span class='ocrx_word' id='word_1_296' title='bbox 793 4169 831 4230; x_wconf 92' lang='lat' dir='ltr'><strong>ut</strong></span> <span class='ocrx_word' id='word_1_297' title='bbox 852 4185 909 4251; x_wconf 90' lang='lat' dir='ltr'><strong>per</strong></span> <span class='ocrx_word' id='word_1_298' title='bbox 923 4185 959 4232; x_wconf 90' lang='lat' dir='ltr'><strong>ee</strong></span> <span class='ocrx_word' id='word_1_299' title='bbox 976 4165 1087 4233; x_wconf 84' lang='lat' dir='ltr'><strong>br&#39;eree</strong></span> <span class='ocrx_word' id='word_1_300' title='bbox 1102 4166 1222 4251; x_wconf 90' lang='lat' dir='ltr'><strong>legeret</strong></span> <span class='ocrx_word' id='word_1_301' title='bbox 1243 4187 1280 4236; x_wconf 88' lang='lat' dir='ltr'><strong>ac</strong></span> 
     </span>
    </p>
   </div>
   <div class='ocr_carea' id='block_1_3' title="bbox 182 4316 1133 4481">
    <p class='ocr_par' dir='ltr' id='par_1_6' title="bbox 182 4316 1133 4481">
     <span class='ocr_line' id='line_1_35' title="bbox 182 4316 357 4364; baseline 0.011 -2"><span class='ocrx_word' id='word_1_302' title='bbox 182 4329 202 4364; x_wconf 82' lang='lat' dir='ltr'><strong>a.</strong></span> <span class='ocrx_word' id='word_1_303' title='bbox 226 4317 311 4364; x_wconf 79' lang='lat' dir='ltr'><strong>acccell</strong></span> <span class='ocrx_word' id='word_1_304' title='bbox 325 4316 357 4364; x_wconf 86' lang='lat' dir='ltr'><strong>N.</strong></span> 
     </span>
     <span class='ocr_line' id='line_1_36' title="bbox 183 4406 1133 4481; baseline 0.003 -17"><span class='ocrx_word' id='word_1_305' title='bbox 183 4412 208 4464; x_wconf 92' lang='lat'><strong>1.</strong></span> <span class='ocrx_word' id='word_1_306' title='bbox 227 4409 356 4467; x_wconf 84' lang='lat' dir='ltr'><strong>Heinrioo</strong></span> <span class='ocrx_word' id='word_1_307' title='bbox 367 4409 407 4468; x_wconf 89' lang='lat' dir='ltr'><strong>IV</strong></span> <span class='ocrx_word' id='word_1_308' title='bbox 421 4423 529 4466; x_wconf 85' lang='lat' dir='ltr'><strong>aororee</strong></span> <span class='ocrx_word' id='word_1_309' title='bbox 546 4414 664 4481; x_wconf 80' lang='lat' dir='ltr'><strong>quamor</strong></span> <span class='ocrx_word' id='word_1_310' title='bbox 681 4406 801 4466; x_wconf 83' lang='lat' dir='ltr'><strong>fuerunt.</strong></span> <span class='ocrx_word' id='word_1_311' title='bbox 907 4410 933 4465; x_wconf 81' lang='lat'><strong>2.</strong></span> <span class='ocrx_word' id='word_1_312' title='bbox 952 4407 995 4466; x_wconf 80' lang='lat' dir='ltr'><strong>Of.</strong></span> <span class='ocrx_word' id='word_1_313' title='bbox 1007 4408 1094 4467; x_wconf 80' lang='lat' dir='ltr'><strong>Ebol</strong></span> <span class='ocrx_word' id='word_1_314' title='bbox 1107 4412 1133 4468; x_wconf 87' lang='grc'><strong>6.</strong></span> 
     </span>
    </p>
   </div>
   <div class='ocr_carea' id='block_1_4' title="bbox 0 0 1579 4850">
    <p class='ocr_par' dir='ltr' id='par_1_7' title="bbox 0 0 1579 4850">
     <span class='ocr_line' id='line_1_37' title="bbox 0 0 1579 4850; baseline 0 0"><span class='ocrx_word' id='word_1_315' title='bbox 0 0 1579 4850; x_wconf 95' lang='lat' dir='ltr'><strong> </strong></span> 
     </span>
    </p>
   </div>
  </div>
 </body>
</html>
